  <div class='ocr_page' id='page_1' title='image "/cluster/home/n/w/nwhite01/storage/ocr_20150623/87-88/uva.x000827073/709.png"; bbox 0 0 3840 6242; ppageno 0'>
   <div class='ocr_carea' id='block_1_1' title="bbox 540 360 693 421">
    <p class='ocr_par' dir='ltr' id='par_1_1' title="bbox 540 360 693 421">
     <span class='ocr_line' id='line_1_1' title="bbox 540 360 693 421; baseline 0.013 -3"><span class='ocrx_word' id='word_1_1' title='bbox 540 360 693 421; x_wconf 58' lang='lat'><strong>1359</strong></span> 
     </span>
    </p>
   </div>
   <div class='ocr_carea' id='block_1_2' title="bbox 554 560 2095 633">
    <p class='ocr_par' dir='ltr' id='par_1_2' title="bbox 554 560 2095 633">
     <span class='ocr_line' id='line_1_2' title="bbox 554 560 2095 633; baseline -0.003 -17"><span class='ocrx_word' id='word_1_2' title='bbox 554 573 646 616; x_wconf 86' lang='lat' dir='ltr'><strong>cta</strong></span> <span class='ocrx_word' id='word_1_3' title='bbox 674 561 841 633; x_wconf 81' lang='lat' dir='ltr'><strong>Iatre</strong></span> <span class='ocrx_word' id='word_1_4' title='bbox 865 561 1094 616; x_wconf 81' lang='lat' dir='ltr'><strong>Ecclesia</strong></span> <span class='ocrx_word' id='word_1_5' title='bbox 1125 563 1176 615; x_wconf 90' lang='lat' dir='ltr'><strong>in</strong></span> <span class='ocrx_word' id='word_1_6' title='bbox 1202 560 1436 616; x_wconf 87' lang='lat' dir='ltr'><strong>Castello</strong></span> <span class='ocrx_word' id='word_1_7' title='bbox 1463 562 1778 616; x_wconf 81' lang='lat' dir='ltr'><strong>Pulliciano.</strong></span> <span class='ocrx_word' id='word_1_8' title='bbox 1834 562 1899 615; x_wconf 85' lang='lat' dir='ltr'><strong>Et</strong></span> <span class='ocrx_word' id='word_1_9' title='bbox 1927 561 2095 614; x_wconf 76' lang='lat' dir='ltr'><strong>amba:</strong></span> 
     </span>
    </p>
   </div>
   <div class='ocr_carea' id='block_1_3' title="bbox 546 649 2106 725">
    <p class='ocr_par' dir='ltr' id='par_1_3' title="bbox 546 649 2106 725">
     <span class='ocr_line' id='line_1_3' title="bbox 546 649 2106 725; baseline -0.003 -21"><span class='ocrx_word' id='word_1_10' title='bbox 546 661 740 717; x_wconf 72' lang='lat' dir='ltr'><strong>partes</strong></span> <span class='ocrx_word' id='word_1_11' title='bbox 767 651 823 718; x_wconf 84' lang='lat' dir='ltr'><strong>in</strong></span> <span class='ocrx_word' id='word_1_12' title='bbox 845 659 1021 707; x_wconf 76' lang='lat' dir='ltr'><strong>uestra</strong></span> <span class='ocrx_word' id='word_1_13' title='bbox 1044 651 1449 725; x_wconf 75' lang='lat' dir='ltr'><strong>coniunxissetis</strong></span> <span class='ocrx_word' id='word_1_14' title='bbox 1478 652 1757 720; x_wconf 69' lang='lat' dir='ltr'><strong>prmsentia</strong></span> <span class='ocrx_word' id='word_1_15' title='bbox 1781 690 1798 716; x_wconf 88' lang='lat'><strong>,</strong></span> <span class='ocrx_word' id='word_1_16' title='bbox 1824 649 2106 704; x_wconf 17' lang='lat' dir='ltr'><strong>asserebas,</strong></span> 
     </span>
    </p>
   </div>
   <div class='ocr_carea' id='block_1_4' title="bbox 565 738 2099 812">
    <p class='ocr_par' dir='ltr' id='par_1_4' title="bbox 565 738 2099 812">
     <span class='ocr_line' id='line_1_4' title="bbox 565 738 2099 812; baseline -0.004 -17"><span class='ocrx_word' id='word_1_17' title='bbox 565 753 638 809; x_wconf 90' lang='lat' dir='ltr'><strong>tu,</strong></span> <span class='ocrx_word' id='word_1_18' title='bbox 669 744 1018 810; x_wconf 82' lang='lat' dir='ltr'><strong>snprascripte</strong></span> <span class='ocrx_word' id='word_1_19' title='bbox 1044 742 1363 812; x_wconf 80' lang='lat' dir='ltr'><strong>Lupertianc</strong></span> <span class='ocrx_word' id='word_1_20' title='bbox 1385 742 1633 811; x_wconf 78' lang='lat' dir='ltr'><strong>episcopo</strong></span> <span class='ocrx_word' id='word_1_21' title='bbox 1652 783 1666 804; x_wconf 93' lang='lat'><strong>,</strong></span> <span class='ocrx_word' id='word_1_22' title='bbox 1698 742 1821 810; x_wconf 82' lang='lat' dir='ltr'><strong>quia</strong></span> <span class='ocrx_word' id='word_1_23' title='bbox 1846 738 2099 793; x_wconf 81' lang='lat' dir='ltr'><strong>ecclesias</strong></span> 
     </span>
    </p>
   </div>
   <div class='ocr_carea' id='block_1_5' title="bbox 566 824 2099 909">
    <p class='ocr_par' dir='ltr' id='par_1_5' title="bbox 566 824 2099 909">
     <span class='ocr_line' id='line_1_5' title="bbox 566 824 2099 909; baseline -0.006 -23"><span class='ocrx_word' id='word_1_24' title='bbox 566 831 693 909; x_wconf 84' lang='lat' dir='ltr'><strong>istas</strong></span> <span class='ocrx_word' id='word_1_25' title='bbox 717 843 773 890; x_wconf 89' lang='lat' dir='ltr'><strong>et</strong></span> <span class='ocrx_word' id='word_1_26' title='bbox 799 833 1109 888; x_wconf 88' lang='lat' dir='ltr'><strong>monasteria</strong></span> <span class='ocrx_word' id='word_1_27' title='bbox 1134 846 1252 886; x_wconf 90' lang='lat' dir='ltr'><strong>cum</strong></span> <span class='ocrx_word' id='word_1_28' title='bbox 1285 832 1395 886; x_wconf 86' lang='lat' dir='ltr'><strong>suis</strong></span> <span class='ocrx_word' id='word_1_29' title='bbox 1415 831 1640 885; x_wconf 74' lang='lat' dir='ltr'><strong>oraculis</strong></span> <span class='ocrx_word' id='word_1_30' title='bbox 1672 845 1764 898; x_wconf 89' lang='lat' dir='ltr'><strong>per</strong></span> <span class='ocrx_word' id='word_1_31' title='bbox 1789 829 1994 882; x_wconf 88' lang='lat' dir='ltr'><strong>diversa</strong></span> <span class='ocrx_word' id='word_1_32' title='bbox 2023 824 2099 878; x_wconf 90' lang='lat' dir='ltr'><strong>vi-</strong></span> 
     </span>
    </p>
   </div>
   <div class='ocr_carea' id='block_1_6' title="bbox 567 914 2099 991">
    <p class='ocr_par' dir='ltr' id='par_1_6' title="bbox 567 914 2099 991">
     <span class='ocr_line' id='line_1_6' title="bbox 567 914 2099 991; baseline -0.007 -16"><span class='ocrx_word' id='word_1_33' title='bbox 567 937 688 976; x_wconf 84' lang='lat' dir='ltr'><strong>cora</strong></span> <span class='ocrx_word' id='word_1_34' title='bbox 716 924 999 991; x_wconf 80' lang='lat' dir='ltr'><strong>constituta</strong></span> <span class='ocrx_word' id='word_1_35' title='bbox 1040 936 1073 975; x_wconf 90' lang='lat' dir='ltr'><strong>a</strong></span> <span class='ocrx_word' id='word_1_36' title='bbox 1119 929 1355 988; x_wconf 90' lang='lat' dir='ltr'><strong>tempore</strong></span> <span class='ocrx_word' id='word_1_37' title='bbox 1399 920 1611 988; x_wconf 90' lang='lat' dir='ltr'><strong>antique</strong></span> <span class='ocrx_word' id='word_1_38' title='bbox 1636 931 1802 986; x_wconf 90' lang='lat' dir='ltr'><strong>usque</strong></span> <span class='ocrx_word' id='word_1_39' title='bbox 1846 915 2020 979; x_wconf 87' lang='lat' dir='ltr'><strong>modo,</strong></span> <span class='ocrx_word' id='word_1_40' title='bbox 2048 914 2099 966; x_wconf 93' lang='lat' dir='ltr'><strong>in</strong></span> 
     </span>
    </p>
   </div>
   <div class='ocr_carea' id='block_1_7' title="bbox 567 1002 2101 1078">
    <p class='ocr_par' dir='ltr' id='par_1_7' title="bbox 567 1002 2101 1078">
     <span class='ocr_line' id='line_1_7' title="bbox 567 1002 2101 1078; baseline -0.006 -14"><span class='ocrx_word' id='word_1_41' title='bbox 567 1027 669 1078; x_wconf 92' lang='lat' dir='ltr'><strong>quo</strong></span> <span class='ocrx_word' id='word_1_42' title='bbox 699 1012 931 1067; x_wconf 80' lang='lat' dir='ltr'><strong>funditus</strong></span> <span class='ocrx_word' id='word_1_43' title='bbox 974 1010 1199 1066; x_wconf 70' lang='lat' dir='ltr'><strong>condita:</strong></span> <span class='ocrx_word' id='word_1_44' title='bbox 1224 1018 1374 1075; x_wconf 87' lang='lat' dir='ltr'><strong>sunt,</strong></span> <span class='ocrx_word' id='word_1_45' title='bbox 1407 1022 1615 1075; x_wconf 80' lang='lat' dir='ltr'><strong>semper</strong></span> <span class='ocrx_word' id='word_1_46' title='bbox 1655 1007 1718 1060; x_wconf 82' lang='lat' dir='ltr'><strong>ad</strong></span> <span class='ocrx_word' id='word_1_47' title='bbox 1750 1005 1929 1059; x_wconf 82' lang='lat' dir='ltr'><strong>sedem</strong></span> <span class='ocrx_word' id='word_1_48' title='bbox 1962 1002 2101 1057; x_wconf 85' lang='lat' dir='ltr'><strong>benti</strong></span> 
     </span>
    </p>
   </div>
   <div class='ocr_carea' id='block_1_8' title="bbox 567 1095 2101 1166">
    <p class='ocr_par' dir='ltr' id='par_1_8' title="bbox 567 1095 2101 1166">
     <span class='ocr_line' id='line_1_8' title="bbox 567 1095 2101 1166; baseline -0.005 -14"><span class='ocrx_word' id='word_1_49' title='bbox 567 1100 744 1152; x_wconf 89' lang='lat' dir='ltr'><strong>donati</strong></span> <span class='ocrx_word' id='word_1_50' title='bbox 766 1099 930 1152; x_wconf 78' lang='lat' dir='ltr'><strong>Aritio</strong></span> <span class='ocrx_word' id='word_1_51' title='bbox 948 1097 1194 1166; x_wconf 63' lang='lat' dir='ltr'><strong>subjecta</strong></span> <span class='ocrx_word' id='word_1_52' title='bbox 1220 1095 1448 1158; x_wconf 83' lang='lat' dir='ltr'><strong>fuerunt,</strong></span> <span class='ocrx_word' id='word_1_53' title='bbox 1473 1104 1526 1148; x_wconf 89' lang='lat' dir='ltr'><strong>et</strong></span> <span class='ocrx_word' id='word_1_54' title='bbox 1552 1103 1723 1147; x_wconf 84' lang='lat' dir='ltr'><strong>nostra</strong></span> <span class='ocrx_word' id='word_1_55' title='bbox 1752 1095 1831 1147; x_wconf 93' lang='lat' dir='ltr'><strong>vel</strong></span> <span class='ocrx_word' id='word_1_56' title='bbox 1854 1102 2069 1146; x_wconf 89' lang='lat' dir='ltr'><strong>anteces</strong></span> <span class='ocrx_word' id='word_1_57' title='bbox 2086 1119 2101 1130; x_wconf 85' lang='lat'><strong>-</strong></span> 
     </span>
    </p>
   </div>
   <div class='ocr_carea' id='block_1_9' title="bbox 567 1169 2101 1250">
    <p class='ocr_par' dir='ltr' id='par_1_9' title="bbox 567 1169 2101 1250">
     <span class='ocr_line' id='line_1_9' title="bbox 567 1169 2101 1250; baseline -0.005 -9"><span class='ocrx_word' id='word_1_58' title='bbox 567 1202 746 1241; x_wconf 82' lang='lat' dir='ltr'><strong>summ</strong></span> <span class='ocrx_word' id='word_1_59' title='bbox 794 1169 1087 1240; x_wconf 83' lang='lat' dir='ltr'><strong>nostrorum</strong></span> <span class='ocrx_word' id='word_1_60' title='bbox 1131 1183 1229 1238; x_wconf 81' lang='lat' dir='ltr'><strong>fuit</strong></span> <span class='ocrx_word' id='word_1_61' title='bbox 1274 1184 1498 1237; x_wconf 85' lang='lat' dir='ltr'><strong>sacratio</strong></span> <span class='ocrx_word' id='word_1_62' title='bbox 1546 1193 1650 1235; x_wconf 88' lang='lat' dir='ltr'><strong>tam</strong></span> <span class='ocrx_word' id='word_1_63' title='bbox 1690 1182 1738 1235; x_wconf 93' lang='lat' dir='ltr'><strong>in</strong></span> <span class='ocrx_word' id='word_1_64' title='bbox 1781 1172 2101 1250; x_wconf 66' lang='lat' dir='ltr'><strong>presbiteies</strong></span> 
     </span>
    </p>
   </div>
   <div class='ocr_carea' id='block_1_10' title="bbox 568 1271 2104 1340">
    <p class='ocr_par' dir='ltr' id='par_1_10' title="bbox 568 1271 2104 1340">
     <span class='ocr_line' id='line_1_10' title="bbox 568 1271 2104 1340; baseline -0.005 -13"><span class='ocrx_word' id='word_1_65' title='bbox 568 1287 725 1340; x_wconf 86' lang='lat' dir='ltr'><strong>quam</strong></span> <span class='ocrx_word' id='word_1_66' title='bbox 749 1283 801 1327; x_wconf 76' lang='lat' dir='ltr'><strong>et</strong></span> <span class='ocrx_word' id='word_1_67' title='bbox 839 1276 887 1325; x_wconf 92' lang='lat' dir='ltr'><strong>in</strong></span> <span class='ocrx_word' id='word_1_68' title='bbox 933 1271 1215 1334; x_wconf 83' lang='lat' dir='ltr'><strong>diacOnos,</strong></span> <span class='ocrx_word' id='word_1_69' title='bbox 1245 1281 1299 1325; x_wconf 87' lang='lat' dir='ltr'><strong>et</strong></span> <span class='ocrx_word' id='word_1_70' title='bbox 1326 1282 1504 1324; x_wconf 84' lang='lat' dir='ltr'><strong>nostra</strong></span> <span class='ocrx_word' id='word_1_71' title='bbox 1532 1286 1693 1339; x_wconf 88' lang='lat' dir='ltr'><strong>usque</strong></span> <span class='ocrx_word' id='word_1_72' title='bbox 1717 1280 1930 1324; x_wconf 88' lang='lat' dir='ltr'><strong>actenus</strong></span> <span class='ocrx_word' id='word_1_73' title='bbox 1958 1284 2104 1321; x_wconf 87' lang='lat' dir='ltr'><strong>man-</strong></span> 
     </span>
    </p>
   </div>
   <div class='ocr_carea' id='block_1_11' title="bbox 569 1360 2105 1432">
    <p class='ocr_par' dir='ltr' id='par_1_11' title="bbox 569 1360 2105 1432">
     <span class='ocr_line' id='line_1_11' title="bbox 569 1360 2105 1432; baseline -0.005 -15"><span class='ocrx_word' id='word_1_74' title='bbox 569 1366 638 1417; x_wconf 89' lang='lat' dir='ltr'><strong>sit</strong></span> <span class='ocrx_word' id='word_1_75' title='bbox 666 1364 926 1432; x_wconf 87' lang='lat' dir='ltr'><strong>possessio</strong></span> <span class='ocrx_word' id='word_1_76' title='bbox 948 1404 966 1431; x_wconf 88' lang='lat'><strong>,</strong></span> <span class='ocrx_word' id='word_1_77' title='bbox 1006 1372 1061 1417; x_wconf 90' lang='lat' dir='ltr'><strong>et</strong></span> <span class='ocrx_word' id='word_1_78' title='bbox 1108 1378 1202 1416; x_wconf 90' lang='lat' dir='ltr'><strong>nos</strong></span> <span class='ocrx_word' id='word_1_79' title='bbox 1228 1361 1478 1415; x_wconf 82' lang='lat' dir='ltr'><strong>debemus</strong></span> <span class='ocrx_word' id='word_1_80' title='bbox 1506 1361 1717 1416; x_wconf 85' lang='lat' dir='ltr'><strong>habere.</strong></span> <span class='ocrx_word' id='word_1_81' title='bbox 1774 1360 1853 1415; x_wconf 80' lang='lat' dir='ltr'><strong>Ad</strong></span> <span class='ocrx_word' id='word_1_82' title='bbox 1885 1360 1995 1413; x_wconf 70' lang='lat' dir='ltr'><strong>lucc</strong></span> <span class='ocrx_word' id='word_1_83' title='bbox 2023 1372 2105 1410; x_wconf 85' lang='lat' dir='ltr'><strong>re-</strong></span> 
     </span>
    </p>
   </div>
   <div class='ocr_carea' id='block_1_12' title="bbox 574 1448 2100 1521">
    <p class='ocr_par' dir='ltr' id='par_1_12' title="bbox 574 1448 2100 1521">
     <span class='ocr_line' id='line_1_12' title="bbox 574 1448 2100 1521; baseline -0.002 -18"><span class='ocrx_word' id='word_1_84' title='bbox 574 1453 795 1521; x_wconf 80' lang='lat' dir='ltr'><strong>plicebat</strong></span> <span class='ocrx_word' id='word_1_85' title='bbox 814 1454 1109 1507; x_wconf 83' lang='lat' dir='ltr'><strong>Adeodatus</strong></span> <span class='ocrx_word' id='word_1_86' title='bbox 1124 1452 1370 1507; x_wconf 85' lang='lat' dir='ltr'><strong>Senensis</strong></span> <span class='ocrx_word' id='word_1_87' title='bbox 1384 1451 1629 1504; x_wconf 67' lang='lat' dir='ltr'><strong>Ecclesia:</strong></span> <span class='ocrx_word' id='word_1_88' title='bbox 1645 1450 1831 1519; x_wconf 62' lang='lat' dir='ltr'><strong>prmsul</strong></span> <span class='ocrx_word' id='word_1_89' title='bbox 1856 1466 1869 1500; x_wconf 90' lang='lat'><strong>:</strong></span> <span class='ocrx_word' id='word_1_90' title='bbox 1900 1448 2100 1501; x_wconf 79' lang='lat' dir='ltr'><strong>Veritas</strong></span> 
     </span>
    </p>
   </div>
   <div class='ocr_carea' id='block_1_13' title="bbox 572 1540 2105 1608">
    <p class='ocr_par' dir='ltr' id='par_1_13' title="bbox 572 1540 2105 1608">
     <span class='ocr_line' id='line_1_13' title="bbox 572 1540 2105 1608; baseline -0.003 -13"><span class='ocrx_word' id='word_1_91' title='bbox 572 1552 691 1605; x_wconf 87' lang='lat' dir='ltr'><strong>est,</strong></span> <span class='ocrx_word' id='word_1_92' title='bbox 736 1552 791 1595; x_wconf 92' lang='lat' dir='ltr'><strong>ut</strong></span> <span class='ocrx_word' id='word_1_93' title='bbox 838 1544 1065 1606; x_wconf 89' lang='lat' dir='ltr'><strong>asseris,</strong></span> <span class='ocrx_word' id='word_1_94' title='bbox 1108 1543 1224 1608; x_wconf 83' lang='lat' dir='ltr'><strong>quia</strong></span> <span class='ocrx_word' id='word_1_95' title='bbox 1268 1540 1516 1595; x_wconf 76' lang='lat' dir='ltr'><strong>Ecclesia:</strong></span> <span class='ocrx_word' id='word_1_96' title='bbox 1554 1542 1671 1599; x_wconf 65' lang='lat' dir='ltr'><strong>istae</strong></span> <span class='ocrx_word' id='word_1_97' title='bbox 1713 1548 1766 1592; x_wconf 92' lang='lat' dir='ltr'><strong>et</strong></span> <span class='ocrx_word' id='word_1_98' title='bbox 1795 1540 2105 1591; x_wconf 73' lang='lat' dir='ltr'><strong>monasteria</strong></span> 
     </span>
    </p>
   </div>
   <div class='ocr_carea' id='block_1_14' title="bbox 482 1627 2106 1698">
    <p class='ocr_par' dir='ltr' id='par_1_14' title="bbox 482 1627 2106 1698">
     <span class='ocr_line' id='line_1_14' title="bbox 482 1627 2106 1698; baseline -0.005 -15"><span class='ocrx_word' id='word_1_99' title='bbox 482 1640 487 1645; x_wconf 74' lang='lat'>‘</span> <span class='ocrx_word' id='word_1_100' title='bbox 570 1640 730 1698; x_wconf 89' lang='lat' dir='ltr'><strong>atque</strong></span> <span class='ocrx_word' id='word_1_101' title='bbox 784 1632 1034 1693; x_wconf 86' lang='lat' dir='ltr'><strong>oracula,</strong></span> <span class='ocrx_word' id='word_1_102' title='bbox 1080 1644 1199 1698; x_wconf 63' lang='lat' dir='ltr'><strong>quae</strong></span> <span class='ocrx_word' id='word_1_103' title='bbox 1255 1630 1306 1682; x_wconf 87' lang='lat' dir='ltr'><strong>itt</strong></span> <span class='ocrx_word' id='word_1_104' title='bbox 1366 1628 1633 1683; x_wconf 79' lang='lat' dir='ltr'><strong>territorio</strong></span> <span class='ocrx_word' id='word_1_105' title='bbox 1694 1627 1932 1680; x_wconf 85' lang='lat' dir='ltr'><strong>Senense</strong></span> <span class='ocrx_word' id='word_1_106' title='bbox 1977 1639 2106 1677; x_wconf 89' lang='lat' dir='ltr'><strong>cou-</strong></span> 
     </span>
    </p>
   </div>
   <div class='ocr_carea' id='block_1_15' title="bbox 573 1715 2104 1789">
    <p class='ocr_par' dir='ltr' id='par_1_15' title="bbox 573 1715 2104 1789">
     <span class='ocr_line' id='line_1_15' title="bbox 573 1715 2104 1789; baseline -0.004 -17"><span class='ocrx_word' id='word_1_107' title='bbox 573 1720 768 1773; x_wconf 69' lang='lat' dir='ltr'><strong>stitutae</strong></span> <span class='ocrx_word' id='word_1_108' title='bbox 805 1727 946 1781; x_wconf 90' lang='lat' dir='ltr'><strong>sunt,</strong></span> <span class='ocrx_word' id='word_1_109' title='bbox 969 1719 1035 1769; x_wconf 83' lang='lat' dir='ltr'><strong>ab</strong></span> <span class='ocrx_word' id='word_1_110' title='bbox 1059 1716 1478 1789; x_wconf 77' lang='lat' dir='ltr'><strong>antecessoribus</strong></span> <span class='ocrx_word' id='word_1_111' title='bbox 1516 1717 1705 1770; x_wconf 75' lang='lat' dir='ltr'><strong>vestris</strong></span> <span class='ocrx_word' id='word_1_112' title='bbox 1742 1715 1931 1767; x_wconf 77' lang='lat' dir='ltr'><strong>ibidem</strong></span> <span class='ocrx_word' id='word_1_113' title='bbox 1960 1728 2104 1768; x_wconf 87' lang='lat' dir='ltr'><strong>sem-</strong></span> 
     </span>
    </p>
   </div>
   <div class='ocr_carea' id='block_1_16' title="bbox 1692 354 2559 415">
    <p class='ocr_par' dir='ltr' id='par_1_16' title="bbox 1692 354 2559 415">
     <span class='ocr_line' id='line_1_16' title="bbox 1692 354 2559 415; baseline -0.005 0"><span class='ocrx_word' id='word_1_114' title='bbox 1692 354 2289 415; x_wconf 70' lang='lat' dir='ltr'><strong>LANGOBARDORUM</strong></span> <span class='ocrx_word' id='word_1_115' title='bbox 2328 356 2559 411; x_wconf 76' lang='lat' dir='ltr'><strong>REGUM</strong></span> 
     </span>
    </p>
   </div>
   <div class='ocr_carea' id='block_1_17' title="bbox 552 468 2650 544">
    <p class='ocr_par' dir='ltr' id='par_1_17' title="bbox 552 468 2650 544">
     <span class='ocr_line' id='line_1_17' title="bbox 552 468 2650 544; baseline -0.005 -16"><span class='ocrx_word' id='word_1_116' title='bbox 552 478 623 528; x_wconf 74' lang='lat' dir='ltr'><strong>ad</strong></span> <span class='ocrx_word' id='word_1_117' title='bbox 652 473 815 537; x_wconf 70' lang='grc' dir='ltr'><strong>Αδω.</strong></span> <span class='ocrx_word' id='word_1_118' title='bbox 840 471 1148 544; x_wconf 85' lang='lat' dir='ltr'><strong>baptisterio</strong></span> <span class='ocrx_word' id='word_1_119' title='bbox 1168 473 1334 528; x_wconf 81' lang='lat' dir='ltr'><strong>sancti</strong></span> <span class='ocrx_word' id='word_1_120' title='bbox 1364 471 1473 528; x_wconf 70' lang='lat' dir='ltr'><strong>Viti</strong></span> <span class='ocrx_word' id='word_1_121' title='bbox 1498 473 1549 527; x_wconf 91' lang='lat' dir='ltr'><strong>in</strong></span> <span class='ocrx_word' id='word_1_122' title='bbox 1585 474 1871 536; x_wconf 75' lang='lat' dir='ltr'><strong>Rutiliano,</strong></span> <span class='ocrx_word' id='word_1_123' title='bbox 1905 482 1957 526; x_wconf 93' lang='lat' dir='ltr'><strong>et</strong></span> <span class='ocrx_word' id='word_1_124' title='bbox 1976 486 2093 525; x_wconf 85' lang='lat' dir='ltr'><strong>san-</strong></span> <span class='ocrx_word' id='word_1_125' title='bbox 2122 469 2365 537; x_wconf 66' lang='lat' dir='ltr'><strong>Antajor</strong></span> <span class='ocrx_word' id='word_1_126' title='bbox 2407 468 2595 520; x_wconf 87' lang='lat' dir='ltr'><strong>domus</strong></span> <span class='ocrx_word' id='word_1_127' title='bbox 2636 484 2650 517; x_wconf 89' lang='lat'><strong>:</strong></span> 
     </span>
    </p>
   </div>
   <div class='ocr_carea' id='block_1_18' title="bbox 3589 355 3711 409">
    <p class='ocr_par' dir='ltr' id='par_1_18' title="bbox 3589 355 3711 409">
     <span class='ocr_line' id='line_1_18' title="bbox 3589 355 3711 409; baseline 0.033 -4"><span class='ocrx_word' id='word_1_128' title='bbox 3589 355 3711 409; x_wconf 75' lang='lat'><strong>1360</strong></span> 
     </span>
    </p>
   </div>
   <div class='ocr_carea' id='block_1_19' title="bbox 2697 462 3704 534">
    <p class='ocr_par' dir='ltr' id='par_1_19' title="bbox 2697 462 3704 534">
     <span class='ocr_line' id='line_1_19' title="bbox 2697 462 3704 534; baseline 0.001 -16"><span class='ocrx_word' id='word_1_129' title='bbox 2697 466 2834 527; x_wconf 77' lang='lat' dir='ltr'><strong>lianc</strong></span> <span class='ocrx_word' id='word_1_130' title='bbox 2870 465 3143 529; x_wconf 80' lang='lat' dir='ltr'><strong>audientes</strong></span> <span class='ocrx_word' id='word_1_131' title='bbox 3190 473 3419 521; x_wconf 78' lang='lat' dir='ltr'><strong>vestram</strong></span> <span class='ocrx_word' id='word_1_132' title='bbox 3461 462 3704 534; x_wconf 62' lang='lat' dir='ltr'><strong>allegatio-</strong></span> 
     </span>
    </p>
   </div>
   <div class='ocr_carea' id='block_1_20' title="bbox 2197 547 3709 626">
    <p class='ocr_par' dir='ltr' id='par_1_20' title="bbox 2197 547 3709 626">
     <span class='ocr_line' id='line_1_20' title="bbox 2197 547 3709 626; baseline -0.003 -15"><span class='ocrx_word' id='word_1_133' title='bbox 2197 574 2337 626; x_wconf 90' lang='lat' dir='ltr'><strong>nem,</strong></span> <span class='ocrx_word' id='word_1_134' title='bbox 2366 556 2829 624; x_wconf 66' lang='lat' dir='ltr'><strong>interrogavimus,</strong></span> <span class='ocrx_word' id='word_1_135' title='bbox 2860 566 2914 612; x_wconf 91' lang='lat' dir='ltr'><strong>et</strong></span> <span class='ocrx_word' id='word_1_136' title='bbox 2943 572 3037 624; x_wconf 86' lang='lat' dir='ltr'><strong>per</strong></span> <span class='ocrx_word' id='word_1_137' title='bbox 3071 556 3237 610; x_wconf 85' lang='lat' dir='ltr'><strong>Deum</strong></span> <span class='ocrx_word' id='word_1_138' title='bbox 3276 547 3525 609; x_wconf 82' lang='lat' dir='ltr'><strong>factorem</strong></span> <span class='ocrx_word' id='word_1_139' title='bbox 3552 557 3643 610; x_wconf 86' lang='lat' dir='ltr'><strong>celi</strong></span> <span class='ocrx_word' id='word_1_140' title='bbox 3666 567 3709 607; x_wconf 86' lang='lat' dir='ltr'><strong>et</strong></span> 
     </span>
    </p>
   </div>
   <div class='ocr_carea' id='block_1_21' title="bbox 2195 644 3709 714">
    <p class='ocr_par' dir='ltr' id='par_1_21' title="bbox 2195 644 3709 714">
     <span class='ocr_line' id='line_1_21' title="bbox 2195 644 3709 714; baseline -0.002 -13"><span class='ocrx_word' id='word_1_141' title='bbox 2195 657 2368 711; x_wconf 69' lang='lat' dir='ltr'><strong>terrae,</strong></span> <span class='ocrx_word' id='word_1_142' title='bbox 2404 659 2457 703; x_wconf 86' lang='lat' dir='ltr'><strong>et</strong></span> <span class='ocrx_word' id='word_1_143' title='bbox 2481 650 2688 703; x_wconf 82' lang='lat' dir='ltr'><strong>beatum</strong></span> <span class='ocrx_word' id='word_1_144' title='bbox 2719 647 2951 709; x_wconf 84' lang='lat' dir='ltr'><strong>Petrum,</strong></span> <span class='ocrx_word' id='word_1_145' title='bbox 2994 646 3076 699; x_wconf 84' lang='lat' dir='ltr'><strong>cui</strong></span> <span class='ocrx_word' id='word_1_146' title='bbox 3124 645 3376 699; x_wconf 82' lang='lat' dir='ltr'><strong>Dominus</strong></span> <span class='ocrx_word' id='word_1_147' title='bbox 3399 644 3585 714; x_wconf 67' lang='lat' dir='ltr'><strong>ligandi</strong></span> <span class='ocrx_word' id='word_1_148' title='bbox 3620 649 3709 699; x_wconf 82' lang='lat' dir='ltr'><strong>sol-</strong></span> 
     </span>
    </p>
   </div>
   <div class='ocr_carea' id='block_1_22' title="bbox 2198 734 3709 803">
    <p class='ocr_par' dir='ltr' id='par_1_22' title="bbox 2198 734 3709 803">
     <span class='ocr_line' id='line_1_22' title="bbox 2198 734 3709 803; baseline -0.001 -15"><span class='ocrx_word' id='word_1_149' title='bbox 2198 735 2456 802; x_wconf 80' lang='lat' dir='ltr'><strong>vendique</strong></span> <span class='ocrx_word' id='word_1_150' title='bbox 2486 737 2536 789; x_wconf 91' lang='lat' dir='ltr'><strong>in</strong></span> <span class='ocrx_word' id='word_1_151' title='bbox 2564 741 2681 790; x_wconf 89' lang='lat' dir='ltr'><strong>celo</strong></span> <span class='ocrx_word' id='word_1_152' title='bbox 2706 744 2760 789; x_wconf 92' lang='lat' dir='ltr'><strong>et</strong></span> <span class='ocrx_word' id='word_1_153' title='bbox 2781 735 2831 788; x_wconf 89' lang='lat' dir='ltr'><strong>in</strong></span> <span class='ocrx_word' id='word_1_154' title='bbox 2853 741 2993 789; x_wconf 74' lang='lat' dir='ltr'><strong>terra</strong></span> <span class='ocrx_word' id='word_1_155' title='bbox 3014 734 3200 788; x_wconf 83' lang='lat' dir='ltr'><strong>tribuit</strong></span> <span class='ocrx_word' id='word_1_156' title='bbox 3224 739 3553 802; x_wconf 76' lang='lat' dir='ltr'><strong>potestatem,</strong></span> <span class='ocrx_word' id='word_1_157' title='bbox 3582 734 3709 803; x_wconf 78' lang='lat' dir='ltr'><strong>adja-</strong></span> 
     </span>
    </p>
   </div>
   <div class='ocr_carea' id='block_1_23' title="bbox 2200 821 3709 893">
    <p class='ocr_par' dir='ltr' id='par_1_23' title="bbox 2200 821 3709 893">
     <span class='ocr_line' id='line_1_23' title="bbox 2200 821 3709 893; baseline -0.001 -15"><span class='ocrx_word' id='word_1_158' title='bbox 2200 826 2429 879; x_wconf 85' lang='lat' dir='ltr'><strong>ravimtts</strong></span> <span class='ocrx_word' id='word_1_159' title='bbox 2459 825 2626 893; x_wconf 87' lang='lat' dir='ltr'><strong>ipsum</strong></span> <span class='ocrx_word' id='word_1_160' title='bbox 2654 824 2982 877; x_wconf 74' lang='lat' dir='ltr'><strong>Adeodatum</strong></span> <span class='ocrx_word' id='word_1_161' title='bbox 3018 825 3323 891; x_wconf 75' lang='lat' dir='ltr'><strong>episcopum</strong></span> <span class='ocrx_word' id='word_1_162' title='bbox 3359 821 3599 885; x_wconf 73' lang='lat' dir='ltr'><strong>Senensis</strong></span> <span class='ocrx_word' id='word_1_163' title='bbox 3622 823 3709 876; x_wconf 83' lang='lat' dir='ltr'><strong>Ec-</strong></span> 
     </span>
    </p>
   </div>
   <div class='ocr_carea' id='block_1_24' title="bbox 2200 909 3710 980">
    <p class='ocr_par' dir='ltr' id='par_1_24' title="bbox 2200 909 3710 980">
     <span class='ocr_line' id='line_1_24' title="bbox 2200 909 3710 980; baseline -0.002 -12"><span class='ocrx_word' id='word_1_164' title='bbox 2200 913 2372 968; x_wconf 70' lang='lat' dir='ltr'><strong>clesitn</strong></span> <span class='ocrx_word' id='word_1_165' title='bbox 2396 954 2413 980; x_wconf 92' lang='lat'><strong>,</strong></span> <span class='ocrx_word' id='word_1_166' title='bbox 2456 921 2513 966; x_wconf 83' lang='lat' dir='ltr'><strong>ut</strong></span> <span class='ocrx_word' id='word_1_167' title='bbox 2556 912 2709 967; x_wconf 90' lang='lat' dir='ltr'><strong>nobis</strong></span> <span class='ocrx_word' id='word_1_168' title='bbox 2752 912 2818 965; x_wconf 85' lang='lat' dir='ltr'><strong>de</strong></span> <span class='ocrx_word' id='word_1_169' title='bbox 2863 912 2959 965; x_wconf 87' lang='lat' dir='ltr'><strong>bac</strong></span> <span class='ocrx_word' id='word_1_170' title='bbox 2994 924 3151 965; x_wconf 87' lang='lat' dir='ltr'><strong>causa</strong></span> <span class='ocrx_word' id='word_1_171' title='bbox 3191 911 3309 964; x_wconf 81' lang='lat' dir='ltr'><strong>sine</strong></span> <span class='ocrx_word' id='word_1_172' title='bbox 3334 918 3550 977; x_wconf 79' lang='lat' dir='ltr'><strong>peccato</strong></span> <span class='ocrx_word' id='word_1_173' title='bbox 3580 909 3710 965; x_wconf 79' lang='lat' dir='ltr'><strong>linire</strong></span> 
     </span>
    </p>
   </div>
   <div class='ocr_carea' id='block_1_25' title="bbox 2198 1001 3710 1069">
    <p class='ocr_par' dir='ltr' id='par_1_25' title="bbox 2198 1001 3710 1069">
     <span class='ocr_line' id='line_1_25' title="bbox 2198 1001 3710 1069; baseline 0.001 -16"><span class='ocrx_word' id='word_1_174' title='bbox 2198 1002 2528 1057; x_wconf 70' lang='lat' dir='ltr'><strong>ilebvrenius.</strong></span> <span class='ocrx_word' id='word_1_175' title='bbox 2576 1003 2675 1069; x_wconf 80' lang='lat' dir='ltr'><strong>Qui</strong></span> <span class='ocrx_word' id='word_1_176' title='bbox 2705 1004 2880 1055; x_wconf 86' lang='lat' dir='ltr'><strong>statim</strong></span> <span class='ocrx_word' id='word_1_177' title='bbox 2927 1015 3106 1055; x_wconf 83' lang='lat' dir='ltr'><strong>coram</strong></span> <span class='ocrx_word' id='word_1_178' title='bbox 3146 1003 3396 1056; x_wconf 68' lang='lat' dir='ltr'><strong>omnibus</strong></span> <span class='ocrx_word' id='word_1_179' title='bbox 3421 1001 3710 1068; x_wconf 78' lang='lat' dir='ltr'><strong>prorupitin</strong></span> 
     </span>
    </p>
   </div>
   <div class='ocr_carea' id='block_1_26' title="bbox 2201 1091 3711 1161">
    <p class='ocr_par' dir='ltr' id='par_1_26' title="bbox 2201 1091 3711 1161">
     <span class='ocr_line' id='line_1_26' title="bbox 2201 1091 3711 1161; baseline -0.002 -14"><span class='ocrx_word' id='word_1_180' title='bbox 2201 1096 2405 1156; x_wconf 75' lang='lat' dir='ltr'><strong>faciem,</strong></span> <span class='ocrx_word' id='word_1_181' title='bbox 2432 1102 2486 1146; x_wconf 91' lang='lat' dir='ltr'><strong>et</strong></span> <span class='ocrx_word' id='word_1_182' title='bbox 2521 1094 2589 1147; x_wconf 87' lang='lat' dir='ltr'><strong>ita</strong></span> <span class='ocrx_word' id='word_1_183' title='bbox 2621 1093 2887 1161; x_wconf 78' lang='lat' dir='ltr'><strong>professus</strong></span> <span class='ocrx_word' id='word_1_184' title='bbox 2906 1103 2987 1145; x_wconf 85' lang='lat' dir='ltr'><strong>est</strong></span> <span class='ocrx_word' id='word_1_185' title='bbox 3006 1131 3022 1157; x_wconf 92' lang='lat'><strong>,</strong></span> <span class='ocrx_word' id='word_1_186' title='bbox 3050 1092 3269 1148; x_wconf 88' lang='lat' dir='ltr'><strong>dicens:</strong></span> <span class='ocrx_word' id='word_1_187' title='bbox 3299 1091 3485 1147; x_wconf 81' lang='lat' dir='ltr'><strong>Coram</strong></span> <span class='ocrx_word' id='word_1_188' title='bbox 3511 1092 3711 1147; x_wconf 66' lang='lat' dir='ltr'><strong>Dimiuo</strong></span> 
     </span>
    </p>
   </div>
   <div class='ocr_carea' id='block_1_27' title="bbox 2205 1182 3714 1251">
    <p class='ocr_par' dir='ltr' id='par_1_27' title="bbox 2205 1182 3714 1251">
     <span class='ocr_line' id='line_1_27' title="bbox 2205 1182 3714 1251; baseline 0 -16"><span class='ocrx_word' id='word_1_189' title='bbox 2205 1198 2306 1236; x_wconf 91' lang='lat' dir='ltr'><strong>non</strong></span> <span class='ocrx_word' id='word_1_190' title='bbox 2335 1184 2577 1245; x_wconf 90' lang='lat' dir='ltr'><strong>mentior,</strong></span> <span class='ocrx_word' id='word_1_191' title='bbox 2603 1182 2847 1250; x_wconf 81' lang='lat' dir='ltr'><strong>quoniam</strong></span> <span class='ocrx_word' id='word_1_192' title='bbox 2881 1182 2994 1236; x_wconf 59' lang='lat' dir='ltr'><strong>ista;</strong></span> <span class='ocrx_word' id='word_1_193' title='bbox 3023 1184 3217 1251; x_wconf 66' lang='lat' dir='ltr'><strong>saepius</strong></span> <span class='ocrx_word' id='word_1_194' title='bbox 3243 1182 3398 1236; x_wconf 76' lang='lat' dir='ltr'><strong>dicta:</strong></span> <span class='ocrx_word' id='word_1_195' title='bbox 3425 1182 3649 1236; x_wconf 64' lang='lat' dir='ltr'><strong>ecclesia</strong></span> <span class='ocrx_word' id='word_1_196' title='bbox 3668 1192 3714 1235; x_wconf 84' lang='lat' dir='ltr'><strong>et</strong></span> 
     </span>
    </p>
   </div>
   <div class='ocr_carea' id='block_1_28' title="bbox 2205 1270 3713 1331">
    <p class='ocr_par' dir='ltr' id='par_1_28' title="bbox 2205 1270 3713 1331">
     <span class='ocr_line' id='line_1_28' title="bbox 2205 1270 3713 1331; baseline 0 -8"><span class='ocrx_word' id='word_1_197' title='bbox 2205 1271 2517 1323; x_wconf 85' lang='lat' dir='ltr'><strong>monasteria</strong></span> <span class='ocrx_word' id='word_1_198' title='bbox 2555 1283 2673 1325; x_wconf 86' lang='lat' dir='ltr'><strong>cum</strong></span> <span class='ocrx_word' id='word_1_199' title='bbox 2726 1271 2837 1324; x_wconf 84' lang='lat' dir='ltr'><strong>suis</strong></span> <span class='ocrx_word' id='word_1_200' title='bbox 2900 1270 3129 1325; x_wconf 86' lang='lat' dir='ltr'><strong>oraculis</strong></span> <span class='ocrx_word' id='word_1_201' title='bbox 3178 1272 3619 1331; x_wconf 80' lang='lat' dir='ltr'><strong>consecrationem</strong></span> <span class='ocrx_word' id='word_1_202' title='bbox 3670 1280 3713 1323; x_wconf 84' lang='lat' dir='ltr'><strong>et</strong></span> 
     </span>
    </p>
   </div>
   <div class='ocr_carea' id='block_1_29' title="bbox 2204 1358 3713 1414">
    <p class='ocr_par' dir='ltr' id='par_1_29' title="bbox 2204 1358 3713 1414">
     <span class='ocr_line' id='line_1_29' title="bbox 2204 1358 3713 1414; baseline 0.001 -3"><span class='ocrx_word' id='word_1_203' title='bbox 2204 1359 2550 1413; x_wconf 84' lang='lat' dir='ltr'><strong>obedientiam</strong></span> <span class='ocrx_word' id='word_1_204' title='bbox 2602 1372 2632 1412; x_wconf 73' lang='grc' dir='ltr'>ει</span> <span class='ocrx_word' id='word_1_205' title='bbox 2682 1360 2806 1413; x_wconf 85' lang='lat' dir='ltr'><strong>sede</strong></span> <span class='ocrx_word' id='word_1_206' title='bbox 2849 1358 2987 1414; x_wconf 84' lang='lat' dir='ltr'><strong>beati</strong></span> <span class='ocrx_word' id='word_1_207' title='bbox 3019 1359 3208 1414; x_wconf 79' lang='lat' dir='ltr'><strong>Donati</strong></span> <span class='ocrx_word' id='word_1_208' title='bbox 3236 1362 3462 1414; x_wconf 77' lang='lat' dir='ltr'><strong>Aretina:</strong></span> <span class='ocrx_word' id='word_1_209' title='bbox 3488 1359 3713 1413; x_wconf 73' lang='lat' dir='ltr'><strong>Ecclesia</strong></span> 
     </span>
    </p>
   </div>
   <div class='ocr_carea' id='block_1_30' title="bbox 2207 1448 3713 1516">
    <p class='ocr_par' dir='ltr' id='par_1_30' title="bbox 2207 1448 3713 1516">
     <span class='ocr_line' id='line_1_30' title="bbox 2207 1448 3713 1516; baseline 0 -15"><span class='ocrx_word' id='word_1_210' title='bbox 2207 1449 2445 1514; x_wconf 85' lang='lat' dir='ltr'><strong>presulis,</strong></span> <span class='ocrx_word' id='word_1_211' title='bbox 2470 1450 2554 1504; x_wconf 85' lang='lat' dir='ltr'><strong>vel</strong></span> <span class='ocrx_word' id='word_1_212' title='bbox 2582 1449 2649 1503; x_wconf 89' lang='lat' dir='ltr'><strong>ab</strong></span> <span class='ocrx_word' id='word_1_213' title='bbox 2674 1448 2789 1516; x_wconf 85' lang='lat' dir='ltr'><strong>ejus</strong></span> <span class='ocrx_word' id='word_1_214' title='bbox 2814 1448 3093 1504; x_wconf 77' lang='lat' dir='ltr'><strong>defensore</strong></span> <span class='ocrx_word' id='word_1_215' title='bbox 3123 1449 3438 1513; x_wconf 83' lang='lat' dir='ltr'><strong>habuerunt,</strong></span> <span class='ocrx_word' id='word_1_216' title='bbox 3467 1458 3517 1501; x_wconf 90' lang='lat' dir='ltr'><strong>et</strong></span> <span class='ocrx_word' id='word_1_217' title='bbox 3544 1449 3713 1502; x_wconf 76' lang='lat' dir='ltr'><strong>ibidem</strong></span> 
     </span>
    </p>
   </div>
   <div class='ocr_carea' id='block_1_31' title="bbox 2207 1536 3717 1605">
    <p class='ocr_par' dir='ltr' id='par_1_31' title="bbox 2207 1536 3717 1605">
     <span class='ocr_line' id='line_1_31' title="bbox 2207 1536 3717 1605; baseline -0.001 -15"><span class='ocrx_word' id='word_1_218' title='bbox 2207 1538 2586 1605; x_wconf 87' lang='lat' dir='ltr'><strong>pertinuerunt.</strong></span> <span class='ocrx_word' id='word_1_219' title='bbox 2661 1537 2790 1590; x_wconf 82' lang='lat' dir='ltr'><strong>Nam</strong></span> <span class='ocrx_word' id='word_1_220' title='bbox 2832 1536 2901 1589; x_wconf 91' lang='lat' dir='ltr'><strong>ad</strong></span> <span class='ocrx_word' id='word_1_221' title='bbox 2941 1537 3229 1591; x_wconf 84' lang='lat' dir='ltr'><strong>Senensetn</strong></span> <span class='ocrx_word' id='word_1_222' title='bbox 3275 1536 3562 1590; x_wconf 83' lang='lat' dir='ltr'><strong>Ecclesiam</strong></span> <span class='ocrx_word' id='word_1_223' title='bbox 3604 1536 3717 1589; x_wconf 83' lang='lat' dir='ltr'><strong>nihil</strong></span> 
     </span>
    </p>
   </div>
   <div class='ocr_carea' id='block_1_32' title="bbox 2205 1613 3715 1693">
    <p class='ocr_par' dir='ltr' id='par_1_32' title="bbox 2205 1613 3715 1693">
     <span class='ocr_line' id='line_1_32' title="bbox 2205 1613 3715 1693; baseline 0.001 -14"><span class='ocrx_word' id='word_1_224' title='bbox 2205 1628 2487 1693; x_wconf 82' lang='lat' dir='ltr'><strong>debentur,</strong></span> <span class='ocrx_word' id='word_1_225' title='bbox 2520 1627 2618 1681; x_wconf 78' lang='lat' dir='ltr'><strong>nisi</strong></span> <span class='ocrx_word' id='word_1_226' title='bbox 2642 1613 2823 1682; x_wconf 81' lang='lat' dir='ltr'><strong>contra</strong></span> <span class='ocrx_word' id='word_1_227' title='bbox 2850 1628 3011 1682; x_wconf 86' lang='lat' dir='ltr'><strong>Deum</strong></span> <span class='ocrx_word' id='word_1_228' title='bbox 3042 1637 3095 1682; x_wconf 87' lang='lat' dir='ltr'><strong>et</strong></span> <span class='ocrx_word' id='word_1_229' title='bbox 3122 1627 3715 1683; x_wconf 80' lang='lat' dir='ltr'><strong>canonicaminstitutio-</strong></span> 
     </span>
    </p>
   </div>
   <div class='ocr_carea' id='block_1_33' title="bbox 2210 1717 3715 1772">
    <p class='ocr_par' dir='ltr' id='par_1_33' title="bbox 2210 1717 3715 1772">
     <span class='ocr_line' id='line_1_33' title="bbox 2210 1717 3715 1772; baseline 0.001 -3"><span class='ocrx_word' id='word_1_230' title='bbox 2210 1733 2350 1771; x_wconf 82' lang='lat' dir='ltr'><strong>nem.</strong></span> <span class='ocrx_word' id='word_1_231' title='bbox 2389 1717 2517 1770; x_wconf 88' lang='lat' dir='ltr'><strong>Dum</strong></span> <span class='ocrx_word' id='word_1_232' title='bbox 2549 1718 2685 1772; x_wconf 89' lang='lat' dir='ltr'><strong>inter</strong></span> <span class='ocrx_word' id='word_1_233' title='bbox 2714 1719 2941 1772; x_wconf 70' lang='lat' dir='ltr'><strong>Arctinze</strong></span> <span class='ocrx_word' id='word_1_234' title='bbox 2963 1719 3189 1772; x_wconf 73' lang='lat' dir='ltr'><strong>civitatis</strong></span> <span class='ocrx_word' id='word_1_235' title='bbox 3224 1718 3539 1772; x_wconf 83' lang='lat' dir='ltr'><strong>habitatores</strong></span> <span class='ocrx_word' id='word_1_236' title='bbox 3565 1729 3615 1772; x_wconf 87' lang='lat' dir='ltr'><strong>et</strong></span> <span class='ocrx_word' id='word_1_237' title='bbox 3634 1718 3715 1771; x_wconf 85' lang='lat' dir='ltr'><strong>Se-</strong></span> 
     </span>
    </p>
   </div>
   <div class='ocr_carea' id='block_1_34' title="bbox 576 1790 3719 1885">
    <p class='ocr_par' dir='ltr' id='par_1_34' title="bbox 576 1790 3719 1885">
     <span class='ocr_line' id='line_1_34' title="bbox 576 1790 3719 1885; baseline -0.001 -23"><span class='ocrx_word' id='word_1_238' title='bbox 576 1824 671 1876; x_wconf 87' lang='lat' dir='ltr'><strong>per</strong></span> <span class='ocrx_word' id='word_1_239' title='bbox 712 1790 815 1862; x_wconf 80' lang='lat' dir='ltr'><strong>luit</strong></span> <span class='ocrx_word' id='word_1_240' title='bbox 853 1810 1100 1862; x_wconf 83' lang='lat' dir='ltr'><strong>sacratio.</strong></span> <span class='ocrx_word' id='word_1_241' title='bbox 1172 1808 1272 1864; x_wconf 87' lang='lat' dir='ltr'><strong>Sed</strong></span> <span class='ocrx_word' id='word_1_242' title='bbox 1307 1809 1422 1861; x_wconf 86' lang='lat' dir='ltr'><strong>ideo</strong></span> <span class='ocrx_word' id='word_1_243' title='bbox 1471 1808 1589 1875; x_wconf 92' lang='lat' dir='ltr'><strong>quia</strong></span> <span class='ocrx_word' id='word_1_244' title='bbox 1634 1805 1861 1859; x_wconf 84' lang='lat' dir='ltr'><strong>Ecclesia</strong></span> <span class='ocrx_word' id='word_1_245' title='bbox 1906 1804 2105 1858; x_wconf 64' lang='lat' dir='ltr'><strong>Senen-</strong></span> <span class='ocrx_word' id='word_1_246' title='bbox 2137 1792 2183 1851; x_wconf 84' lang='grc' dir='ltr'><strong>Β</strong></span> <span class='ocrx_word' id='word_1_247' title='bbox 2210 1821 2422 1860; x_wconf 89' lang='lat' dir='ltr'><strong>nensem</strong></span> <span class='ocrx_word' id='word_1_248' title='bbox 2466 1807 2711 1874; x_wconf 83' lang='lat' dir='ltr'><strong>populum</strong></span> <span class='ocrx_word' id='word_1_249' title='bbox 2743 1806 3040 1861; x_wconf 84' lang='lat' dir='ltr'><strong>inimicitias</strong></span> <span class='ocrx_word' id='word_1_250' title='bbox 3080 1806 3146 1860; x_wconf 81' lang='lat' dir='ltr'><strong>de</strong></span> <span class='ocrx_word' id='word_1_251' title='bbox 3182 1816 3359 1885; x_wconf 84' lang='lat' dir='ltr'><strong>morte</strong></span> <span class='ocrx_word' id='word_1_252' title='bbox 3380 1806 3630 1860; x_wconf 69' lang='lat' dir='ltr'><strong>Gi-debcrt</strong></span> <span class='ocrx_word' id='word_1_253' title='bbox 3650 1807 3719 1873; x_wconf 82' lang='lat' dir='ltr'><strong>ju-</strong></span> 
     </span>
    </p>
   </div>
   <div class='ocr_carea' id='block_1_35' title="bbox 575 1894 2108 1965">
    <p class='ocr_par' dir='ltr' id='par_1_35' title="bbox 575 1894 2108 1965">
     <span class='ocr_line' id='line_1_35' title="bbox 575 1894 2108 1965; baseline -0.005 -14"><span class='ocrx_word' id='word_1_254' title='bbox 575 1901 650 1952; x_wconf 83' lang='lat' dir='ltr'><strong>sis</strong></span> <span class='ocrx_word' id='word_1_255' title='bbox 673 1899 891 1951; x_wconf 89' lang='lat' dir='ltr'><strong>minime</strong></span> <span class='ocrx_word' id='word_1_256' title='bbox 930 1898 1230 1965; x_wconf 78' lang='lat' dir='ltr'><strong>pontiﬁcem</strong></span> <span class='ocrx_word' id='word_1_257' title='bbox 1276 1897 1484 1949; x_wconf 88' lang='lat' dir='ltr'><strong>abebat.</strong></span> <span class='ocrx_word' id='word_1_258' title='bbox 1541 1894 1687 1948; x_wconf 76' lang='lat' dir='ltr'><strong>Nunc</strong></span> <span class='ocrx_word' id='word_1_259' title='bbox 1718 1903 1889 1946; x_wconf 90' lang='lat' dir='ltr'><strong>autem</strong></span> <span class='ocrx_word' id='word_1_260' title='bbox 1917 1894 1981 1945; x_wconf 88' lang='lat' dir='ltr'><strong>ad</strong></span> <span class='ocrx_word' id='word_1_261' title='bbox 2014 1907 2108 1946; x_wconf 91' lang='lat' dir='ltr'><strong>nos</strong></span> 
     </span>
    </p>
   </div>
   <div class='ocr_carea' id='block_1_36' title="bbox 574 1984 2113 2054">
    <p class='ocr_par' dir='ltr' id='par_1_36' title="bbox 574 1984 2113 2054">
     <span class='ocr_line' id='line_1_36' title="bbox 574 1984 2113 2054; baseline -0.005 -15"><span class='ocrx_word' id='word_1_262' title='bbox 574 1988 770 2041; x_wconf 87' lang='lat' dir='ltr'><strong>debent</strong></span> <span class='ocrx_word' id='word_1_263' title='bbox 816 1985 1234 2054; x_wconf 62' lang='lat' dir='ltr'><strong>pertinere.£ui</strong></span> <span class='ocrx_word' id='word_1_264' title='bbox 1275 1997 1325 2037; x_wconf 88' lang='lat' dir='ltr'><strong>et</strong></span> <span class='ocrx_word' id='word_1_265' title='bbox 1374 1984 1560 2039; x_wconf 89' lang='lat' dir='ltr'><strong>iterum</strong></span> <span class='ocrx_word' id='word_1_266' title='bbox 1610 1984 1917 2051; x_wconf 79' lang='lat' dir='ltr'><strong>replicabas,</strong></span> <span class='ocrx_word' id='word_1_267' title='bbox 1952 1993 2003 2035; x_wconf 90' lang='lat' dir='ltr'><strong>tu</strong></span> <span class='ocrx_word' id='word_1_268' title='bbox 2031 1999 2113 2039; x_wconf 86' lang='lat' dir='ltr'><strong>su-</strong></span> 
     </span>
    </p>
   </div>
   <div class='ocr_carea' id='block_1_37' title="bbox 580 2074 2114 2145">
    <p class='ocr_par' dir='ltr' id='par_1_37' title="bbox 580 2074 2114 2145">
     <span class='ocr_line' id='line_1_37' title="bbox 580 2074 2114 2145; baseline -0.004 -14"><span class='ocrx_word' id='word_1_269' title='bbox 580 2080 755 2145; x_wconf 87' lang='lat' dir='ltr'><strong>perius</strong></span> <span class='ocrx_word' id='word_1_270' title='bbox 802 2077 1114 2145; x_wconf 87' lang='lat' dir='ltr'><strong>Lupertiane</strong></span> <span class='ocrx_word' id='word_1_271' title='bbox 1150 2076 1396 2142; x_wconf 82' lang='lat' dir='ltr'><strong>episcopo</strong></span> <span class='ocrx_word' id='word_1_272' title='bbox 1432 2093 1446 2127; x_wconf 85' lang='lat'><strong>:</strong></span> <span class='ocrx_word' id='word_1_273' title='bbox 1495 2075 1575 2128; x_wconf 81' lang='lat' dir='ltr'><strong>Ab</strong></span> <span class='ocrx_word' id='word_1_274' title='bbox 1618 2074 1831 2141; x_wconf 89' lang='lat' dir='ltr'><strong>antiquo</strong></span> <span class='ocrx_word' id='word_1_275' title='bbox 1877 2082 2114 2137; x_wconf 78' lang='lat' dir='ltr'><strong>tempere</strong></span> 
     </span>
    </p>
   </div>
   <div class='ocr_carea' id='block_1_38' title="bbox 577 2163 2114 2231">
    <p class='ocr_par' dir='ltr' id='par_1_38' title="bbox 577 2163 2114 2231">
     <span class='ocr_line' id='line_1_38' title="bbox 577 2163 2114 2231; baseline -0.003 -15"><span class='ocrx_word' id='word_1_276' title='bbox 577 2179 748 2231; x_wconf 82' lang='lat' dir='ltr'><strong>usque</strong></span> <span class='ocrx_word' id='word_1_277' title='bbox 775 2166 838 2218; x_wconf 89' lang='lat' dir='ltr'><strong>ad</strong></span> <span class='ocrx_word' id='word_1_278' title='bbox 869 2167 1134 2218; x_wconf 81' lang='lat' dir='ltr'><strong>introitum</strong></span> <span class='ocrx_word' id='word_1_279' title='bbox 1164 2165 1215 2217; x_wconf 92' lang='lat' dir='ltr'><strong>in</strong></span> <span class='ocrx_word' id='word_1_280' title='bbox 1238 2164 1383 2217; x_wconf 89' lang='lat' dir='ltr'><strong>Italia</strong></span> <span class='ocrx_word' id='word_1_281' title='bbox 1406 2163 1885 2231; x_wconf 74' lang='lat' dir='ltr'><strong>Longnbardorum,</strong></span> <span class='ocrx_word' id='word_1_282' title='bbox 1923 2175 1989 2215; x_wconf 80' lang='lat' dir='ltr'><strong>ex</strong></span> <span class='ocrx_word' id='word_1_283' title='bbox 2011 2172 2114 2227; x_wconf 91' lang='lat' dir='ltr'><strong>quo</strong></span> 
     </span>
    </p>
   </div>
   <div class='ocr_carea' id='block_1_39' title="bbox 574 2253 2113 2322">
    <p class='ocr_par' dir='ltr' id='par_1_39' title="bbox 574 2253 2113 2322">
     <span class='ocr_line' id='line_1_39' title="bbox 574 2253 2113 2322; baseline -0.005 -15"><span class='ocrx_word' id='word_1_284' title='bbox 574 2256 773 2309; x_wconf 73' lang='lat' dir='ltr'><strong>Christi</strong></span> <span class='ocrx_word' id='word_1_285' title='bbox 804 2254 1105 2322; x_wconf 61' lang='lat' dir='ltr'><strong>prmdicatio</strong></span> <span class='ocrx_word' id='word_1_286' title='bbox 1126 2254 1329 2308; x_wconf 64' lang='lat' dir='ltr'><strong>Tuscia</strong></span> <span class='ocrx_word' id='word_1_287' title='bbox 1359 2254 1547 2307; x_wconf 83' lang='lat' dir='ltr'><strong>liuibus</strong></span> <span class='ocrx_word' id='word_1_288' title='bbox 1591 2253 1891 2321; x_wconf 80' lang='lat' dir='ltr'><strong>perseiiavit</strong></span> <span class='ocrx_word' id='word_1_289' title='bbox 1915 2288 1933 2317; x_wconf 83' lang='lat'><strong>,</strong></span> <span class='ocrx_word' id='word_1_290' title='bbox 1979 2254 2113 2304; x_wconf 85' lang='lat' dir='ltr'><strong>Sena</strong></span> 
     </span>
    </p>
   </div>
   <div class='ocr_carea' id='block_1_40' title="bbox 580 2341 2117 2416">
    <p class='ocr_par' dir='ltr' id='par_1_40' title="bbox 580 2341 2117 2416">
     <span class='ocr_line' id='line_1_40' title="bbox 580 2341 2117 2416; baseline -0.007 -17"><span class='ocrx_word' id='word_1_291' title='bbox 580 2350 882 2416; x_wconf 74' lang='lat' dir='ltr'><strong>episcopum</strong></span> <span class='ocrx_word' id='word_1_292' title='bbox 913 2344 1074 2397; x_wconf 82' lang='lat' dir='ltr'><strong>abuit.</strong></span> <span class='ocrx_word' id='word_1_293' title='bbox 1109 2343 1167 2397; x_wconf 89' lang='lat' dir='ltr'><strong>Et</strong></span> <span class='ocrx_word' id='word_1_294' title='bbox 1200 2353 1315 2412; x_wconf 85' lang='lat' dir='ltr'><strong>post</strong></span> <span class='ocrx_word' id='word_1_295' title='bbox 1338 2344 1626 2413; x_wconf 66' lang='lat' dir='ltr'><strong>ingiessum</strong></span> <span class='ocrx_word' id='word_1_296' title='bbox 1654 2341 2117 2411; x_wconf 75' lang='lat' dir='ltr'><strong>Langobardorum</strong></span> 
     </span>
    </p>
   </div>
   <div class='ocr_carea' id='block_1_41' title="bbox 580 2432 2116 2502">
    <p class='ocr_par' dir='ltr' id='par_1_41' title="bbox 580 2432 2116 2502">
     <span class='ocr_line' id='line_1_41' title="bbox 580 2432 2116 2502; baseline -0.005 -12"><span class='ocrx_word' id='word_1_297' title='bbox 580 2440 631 2491; x_wconf 92' lang='lat' dir='ltr'><strong>in</strong></span> <span class='ocrx_word' id='word_1_298' title='bbox 669 2436 812 2489; x_wconf 86' lang='lat' dir='ltr'><strong>Italia</strong></span> <span class='ocrx_word' id='word_1_299' title='bbox 859 2448 889 2487; x_wconf 89' lang='lat' dir='ltr'><strong>a</strong></span> <span class='ocrx_word' id='word_1_300' title='bbox 924 2435 1173 2502; x_wconf 75' lang='lat' dir='ltr'><strong>tempore</strong></span> <span class='ocrx_word' id='word_1_301' title='bbox 1217 2433 1464 2486; x_wconf 78' lang='lat' dir='ltr'><strong>Rotharis</strong></span> <span class='ocrx_word' id='word_1_302' title='bbox 1503 2432 1640 2499; x_wconf 76' lang='lat' dir='ltr'><strong>regis</strong></span> <span class='ocrx_word' id='word_1_303' title='bbox 1678 2443 1842 2498; x_wconf 87' lang='lat' dir='ltr'><strong>usque</strong></span> <span class='ocrx_word' id='word_1_304' title='bbox 1880 2439 2116 2495; x_wconf 86' lang='lat' dir='ltr'><strong>actenus,</strong></span> 
     </span>
    </p>
   </div>
   <div class='ocr_carea' id='block_1_42' title="bbox 582 2518 2117 2592">
    <p class='ocr_par' dir='ltr' id='par_1_42' title="bbox 582 2518 2117 2592">
     <span class='ocr_line' id='line_1_42' title="bbox 582 2518 2117 2592; baseline -0.008 -12"><span class='ocrx_word' id='word_1_305' title='bbox 582 2542 792 2591; x_wconf 82' lang='lat' dir='ltr'><strong>semper</strong></span> <span class='ocrx_word' id='word_1_306' title='bbox 811 2527 1089 2592; x_wconf 85' lang='lat' dir='ltr'><strong>episcopus</strong></span> <span class='ocrx_word' id='word_1_307' title='bbox 1111 2522 1302 2575; x_wconf 89' lang='lat' dir='ltr'><strong>ibidem</strong></span> <span class='ocrx_word' id='word_1_308' title='bbox 1332 2521 1448 2575; x_wconf 69' lang='lat' dir='ltr'><strong>iuit.</strong></span> <span class='ocrx_word' id='word_1_309' title='bbox 1487 2519 1595 2575; x_wconf 89' lang='lat' dir='ltr'><strong>Sed</strong></span> <span class='ocrx_word' id='word_1_310' title='bbox 1627 2529 1733 2572; x_wconf 83' lang='lat' dir='ltr'><strong>tam</strong></span> <span class='ocrx_word' id='word_1_311' title='bbox 1765 2518 2117 2571; x_wconf 74' lang='lat' dir='ltr'><strong>Romanorum</strong></span> 
     </span>
    </p>
   </div>
   <div class='ocr_carea' id='block_1_43' title="bbox 584 2605 2123 2683">
    <p class='ocr_par' dir='ltr' id='par_1_43' title="bbox 584 2605 2123 2683">
     <span class='ocr_line' id='line_1_43' title="bbox 584 2605 2123 2683; baseline -0.005 -16"><span class='ocrx_word' id='word_1_312' title='bbox 584 2626 822 2683; x_wconf 88' lang='lat' dir='ltr'><strong>tempore</strong></span> <span class='ocrx_word' id='word_1_313' title='bbox 847 2653 863 2676; x_wconf 91' lang='lat'><strong>,</strong></span> <span class='ocrx_word' id='word_1_314' title='bbox 907 2626 1165 2678; x_wconf 84' lang='lat' dir='ltr'><strong>quamque</strong></span> <span class='ocrx_word' id='word_1_315' title='bbox 1213 2607 1671 2677; x_wconf 67' lang='lat' dir='ltr'><strong>Langobardorum</strong></span> <span class='ocrx_word' id='word_1_316' title='bbox 1706 2605 1911 2659; x_wconf 75' lang='lat' dir='ltr'><strong>abutth</strong></span> <span class='ocrx_word' id='word_1_317' title='bbox 1934 2614 1988 2661; x_wconf 91' lang='lat' dir='ltr'><strong>et</strong></span> <span class='ocrx_word' id='word_1_318' title='bbox 2018 2618 2123 2659; x_wconf 89' lang='lat' dir='ltr'><strong>non</strong></span> 
     </span>
    </p>
   </div>
   <div class='ocr_carea' id='block_1_44' title="bbox 584 2694 2122 2771">
    <p class='ocr_par' dir='ltr' id='par_1_44' title="bbox 584 2694 2122 2771">
     <span class='ocr_line' id='line_1_44' title="bbox 584 2694 2122 2771; baseline -0.005 -16"><span class='ocrx_word' id='word_1_319' title='bbox 584 2703 790 2757; x_wconf 88' lang='lat' dir='ltr'><strong>abendo</strong></span> <span class='ocrx_word' id='word_1_320' title='bbox 834 2702 970 2756; x_wconf 63' lang='lat' dir='ltr'><strong>Sena</strong></span> <span class='ocrx_word' id='word_1_321' title='bbox 1013 2700 1353 2771; x_wconf 62' lang='lat' dir='ltr'><strong>episcopum,</strong></span> <span class='ocrx_word' id='word_1_322' title='bbox 1396 2709 1559 2765; x_wconf 86' lang='lat' dir='ltr'><strong>usque</strong></span> <span class='ocrx_word' id='word_1_323' title='bbox 1582 2695 1633 2749; x_wconf 87' lang='lat' dir='ltr'><strong>in</strong></span> <span class='ocrx_word' id='word_1_324' title='bbox 1668 2705 1959 2762; x_wconf 88' lang='lat' dir='ltr'><strong>prescntem</strong></span> <span class='ocrx_word' id='word_1_325' title='bbox 1982 2694 2122 2747; x_wconf 90' lang='lat' dir='ltr'><strong>diem</strong></span> 
     </span>
    </p>
   </div>
   <div class='ocr_carea' id='block_1_45' title="bbox 586 2774 2125 2861">
    <p class='ocr_par' dir='ltr' id='par_1_45' title="bbox 586 2774 2125 2861">
     <span class='ocr_line' id='line_1_45' title="bbox 586 2774 2125 2861; baseline -0.008 -14"><span class='ocrx_word' id='word_1_326' title='bbox 586 2797 725 2861; x_wconf 82' lang='lat' dir='ltr'><strong>ipsas</strong></span> <span class='ocrx_word' id='word_1_327' title='bbox 766 2774 1052 2854; x_wconf 79' lang='lat' dir='ltr'><strong>ecclesias,</strong></span> <span class='ocrx_word' id='word_1_328' title='bbox 1102 2787 1403 2854; x_wconf 68' lang='lat' dir='ltr'><strong>baptisteria</strong></span> <span class='ocrx_word' id='word_1_329' title='bbox 1446 2795 1500 2840; x_wconf 91' lang='lat' dir='ltr'><strong>et</strong></span> <span class='ocrx_word' id='word_1_330' title='bbox 1526 2786 1838 2839; x_wconf 86' lang='lat' dir='ltr'><strong>monasteria</strong></span> <span class='ocrx_word' id='word_1_331' title='bbox 1868 2798 1986 2839; x_wconf 90' lang='lat' dir='ltr'><strong>cum</strong></span> <span class='ocrx_word' id='word_1_332' title='bbox 2016 2783 2125 2836; x_wconf 86' lang='lat' dir='ltr'><strong>suis</strong></span> 
     </span>
    </p>
   </div>
   <div class='ocr_carea' id='block_1_46' title="bbox 583 2874 2126 2945">
    <p class='ocr_par' dir='ltr' id='par_1_46' title="bbox 583 2874 2126 2945">
     <span class='ocr_line' id='line_1_46' title="bbox 583 2874 2126 2945; baseline -0.005 -10"><span class='ocrx_word' id='word_1_333' title='bbox 583 2884 809 2938; x_wconf 70' lang='lat' dir='ltr'><strong>oraculis</strong></span> <span class='ocrx_word' id='word_1_334' title='bbox 862 2882 926 2934; x_wconf 91' lang='lat' dir='ltr'><strong>ad</strong></span> <span class='ocrx_word' id='word_1_335' title='bbox 971 2894 1067 2934; x_wconf 87' lang='lat' dir='ltr'><strong>nos</strong></span> <span class='ocrx_word' id='word_1_336' title='bbox 1113 2885 1496 2945; x_wconf 78' lang='lat' dir='ltr'><strong>pervenerunt,</strong></span> <span class='ocrx_word' id='word_1_337' title='bbox 1538 2877 1683 2929; x_wconf 89' lang='lat' dir='ltr'><strong>etde</strong></span> <span class='ocrx_word' id='word_1_338' title='bbox 1710 2876 1860 2929; x_wconf 91' lang='lat' dir='ltr'><strong>nobis</strong></span> <span class='ocrx_word' id='word_1_339' title='bbox 1899 2874 2126 2928; x_wconf 84' lang='lat' dir='ltr'><strong>chrisma</strong></span> 
     </span>
    </p>
   </div>
   <div class='ocr_carea' id='block_1_47' title="bbox 490 2962 2126 3038">
    <p class='ocr_par' dir='ltr' id='par_1_47' title="bbox 490 2962 2126 3038">
     <span class='ocr_line' id='line_1_47' title="bbox 490 2962 2126 3038; baseline -0.008 -11"><span class='ocrx_word' id='word_1_340' title='bbox 490 2982 493 2985; x_wconf 71' lang='lat'><strong><em>‘</em></strong></span> <span class='ocrx_word' id='word_1_341' title='bbox 588 2981 942 3038; x_wconf 70' lang='lat' dir='ltr'><strong>Sit-ceperunt.</strong></span> <span class='ocrx_word' id='word_1_342' title='bbox 980 2982 1071 3035; x_wconf 79' lang='lat' dir='ltr'><strong>per</strong></span> <span class='ocrx_word' id='word_1_343' title='bbox 1110 2967 1326 3034; x_wconf 78' lang='lat' dir='ltr'><strong>singulis</strong></span> <span class='ocrx_word' id='word_1_344' title='bbox 1360 2966 1532 3030; x_wconf 88' lang='lat' dir='ltr'><strong>annis,</strong></span> <span class='ocrx_word' id='word_1_345' title='bbox 1581 2972 1637 3019; x_wconf 90' lang='lat' dir='ltr'><strong>et</strong></span> <span class='ocrx_word' id='word_1_346' title='bbox 1672 2962 2126 3031; x_wconf 77' lang='lat' dir='ltr'><strong>consignationem</strong></span> 
     </span>
    </p>
   </div>
   <div class='ocr_carea' id='block_1_48' title="bbox 585 3050 2121 3129">
    <p class='ocr_par' dir='ltr' id='par_1_48' title="bbox 585 3050 2121 3129">
     <span class='ocr_line' id='line_1_48' title="bbox 585 3050 2121 3129; baseline -0.007 -15"><span class='ocrx_word' id='word_1_347' title='bbox 585 3060 637 3114; x_wconf 85' lang='lat' dir='ltr'><strong>in</strong></span> <span class='ocrx_word' id='word_1_348' title='bbox 663 3058 853 3129; x_wconf 75' lang='lat' dir='ltr'><strong>pO|IU|0</strong></span> <span class='ocrx_word' id='word_1_349' title='bbox 884 3056 1121 3117; x_wconf 78' lang='lat' dir='ltr'><strong>fecimus,</strong></span> <span class='ocrx_word' id='word_1_350' title='bbox 1150 3064 1203 3107; x_wconf 93' lang='lat' dir='ltr'><strong>et</strong></span> <span class='ocrx_word' id='word_1_351' title='bbox 1238 3055 1520 3107; x_wconf 86' lang='lat' dir='ltr'><strong>secundum</strong></span> <span class='ocrx_word' id='word_1_352' title='bbox 1557 3052 1860 3107; x_wconf 87' lang='lat' dir='ltr'><strong>canonicam</strong></span> <span class='ocrx_word' id='word_1_353' title='bbox 1889 3050 2121 3119; x_wconf 79' lang='lat' dir='ltr'><strong>regulam</strong></span> 
     </span>
    </p>
   </div>
   <div class='ocr_carea' id='block_1_49' title="bbox 595 3139 2121 3217">
    <p class='ocr_par' dir='ltr' id='par_1_49' title="bbox 595 3139 2121 3217">
     <span class='ocr_line' id='line_1_49' title="bbox 595 3139 2121 3217; baseline -0.009 -10"><span class='ocrx_word' id='word_1_354' title='bbox 595 3157 788 3208; x_wconf 83' lang='lat' dir='ltr'><strong>habere</strong></span> <span class='ocrx_word' id='word_1_355' title='bbox 813 3152 1096 3211; x_wconf 74' lang='lat' dir='ltr'><strong>debemus;</strong></span> <span class='ocrx_word' id='word_1_356' title='bbox 1129 3150 1247 3217; x_wconf 85' lang='lat' dir='ltr'><strong>quia</strong></span> <span class='ocrx_word' id='word_1_357' title='bbox 1279 3157 1329 3200; x_wconf 89' lang='lat' dir='ltr'><strong>et</strong></span> <span class='ocrx_word' id='word_1_358' title='bbox 1357 3147 1625 3216; x_wconf 86' lang='lat' dir='ltr'><strong>presbiteri</strong></span> <span class='ocrx_word' id='word_1_359' title='bbox 1656 3139 2121 3213; x_wconf 69' lang='lat' dir='ltr'><strong>Suprascnptarum</strong></span> 
     </span>
    </p>
   </div>
   <div class='ocr_carea' id='block_1_50' title="bbox 593 3228 2128 3305">
    <p class='ocr_par' dir='ltr' id='par_1_50' title="bbox 593 3228 2128 3305">
     <span class='ocr_line' id='line_1_50' title="bbox 593 3228 2128 3305; baseline -0.011 -7"><span class='ocrx_word' id='word_1_360' title='bbox 593 3242 932 3298; x_wconf 80' lang='lat' dir='ltr'><strong>ceclesiaium</strong></span> <span class='ocrx_word' id='word_1_361' title='bbox 983 3253 1209 3303; x_wconf 86' lang='lat' dir='ltr'><strong>semper,</strong></span> <span class='ocrx_word' id='word_1_362' title='bbox 1261 3246 1365 3289; x_wconf 87' lang='lat' dir='ltr'><strong>tant</strong></span> <span class='ocrx_word' id='word_1_363' title='bbox 1395 3236 1482 3303; x_wconf 89' lang='lat' dir='ltr'><strong>qui</strong></span> <span class='ocrx_word' id='word_1_364' title='bbox 1523 3230 1852 3287; x_wconf 75' lang='lat' dir='ltr'><strong>transierunt</strong></span> <span class='ocrx_word' id='word_1_365' title='bbox 1887 3228 2045 3305; x_wconf 72' lang='lat' dir='ltr'><strong>quam</strong></span> <span class='ocrx_word' id='word_1_366' title='bbox 2074 3239 2128 3282; x_wconf 91' lang='lat' dir='ltr'><strong>et</strong></span> 
     </span>
    </p>
   </div>
   <div class='ocr_carea' id='block_1_51' title="bbox 592 3306 2130 3399">
    <p class='ocr_par' dir='ltr' id='par_1_51' title="bbox 592 3306 2130 3399">
     <span class='ocr_line' id='line_1_51' title="bbox 592 3306 2130 3399; baseline -0.008 -17"><span class='ocrx_word' id='word_1_367' title='bbox 592 3333 678 3398; x_wconf 87' lang='lat' dir='ltr'><strong>qui</strong></span> <span class='ocrx_word' id='word_1_368' title='bbox 701 3337 1004 3399; x_wconf 74' lang='lat' dir='ltr'><strong>supersunt,</strong></span> <span class='ocrx_word' id='word_1_369' title='bbox 1020 3325 1366 3380; x_wconf 72' lang='lat' dir='ltr'><strong>sacraaienem</strong></span> <span class='ocrx_word' id='word_1_370' title='bbox 1390 3340 1417 3377; x_wconf 95' lang='lat' dir='ltr'><strong>a</strong></span> <span class='ocrx_word' id='word_1_371' title='bbox 1441 3310 1566 3377; x_wconf 83' lang='lat' dir='ltr'><strong>sede</strong></span> <span class='ocrx_word' id='word_1_372' title='bbox 1594 3323 1727 3377; x_wconf 86' lang='lat' dir='ltr'><strong>beati</strong></span> <span class='ocrx_word' id='word_1_373' title='bbox 1752 3306 2130 3386; x_wconf 74' lang='lat' dir='ltr'><strong>Donatrsump-</strong></span> 
     </span>
    </p>
   </div>
   <div class='ocr_carea' id='block_1_52' title="bbox 591 3408 2129 3480">
    <p class='ocr_par' dir='ltr' id='par_1_52' title="bbox 591 3408 2129 3480">
     <span class='ocr_line' id='line_1_52' title="bbox 591 3408 2129 3480; baseline -0.008 -9"><span class='ocrx_word' id='word_1_374' title='bbox 591 3426 794 3473; x_wconf 86' lang='lat' dir='ltr'><strong>serunt.</strong></span> <span class='ocrx_word' id='word_1_375' title='bbox 839 3418 903 3470; x_wconf 86' lang='lat' dir='ltr'><strong>Et</strong></span> <span class='ocrx_word' id='word_1_376' title='bbox 946 3429 1071 3470; x_wconf 88' lang='lat' dir='ltr'><strong>ecce</strong></span> <span class='ocrx_word' id='word_1_377' title='bbox 1119 3428 1305 3467; x_wconf 88' lang='lat' dir='ltr'><strong>manus</strong></span> <span class='ocrx_word' id='word_1_378' title='bbox 1353 3428 1534 3467; x_wconf 90' lang='lat' dir='ltr'><strong>eorum</strong></span> <span class='ocrx_word' id='word_1_379' title='bbox 1577 3412 1828 3480; x_wconf 72' lang='lat' dir='ltr'><strong>scriptas,</strong></span> <span class='ocrx_word' id='word_1_380' title='bbox 1859 3410 1943 3464; x_wconf 93' lang='lat' dir='ltr'><strong>ubi</strong></span> <span class='ocrx_word' id='word_1_381' title='bbox 1973 3408 2129 3462; x_wconf 80' lang='lat' dir='ltr'><strong>ﬁdem</strong></span> 
     </span>
    </p>
   </div>
   <div class='ocr_carea' id='block_1_53' title="bbox 596 3499 2131 3559">
    <p class='ocr_par' dir='ltr' id='par_1_53' title="bbox 596 3499 2131 3559">
     <span class='ocr_line' id='line_1_53' title="bbox 596 3499 2131 3559; baseline -0.005 0"><span class='ocrx_word' id='word_1_382' title='bbox 596 3518 650 3559; x_wconf 86' lang='lat' dir='ltr'><strong>et</strong></span> <span class='ocrx_word' id='word_1_383' title='bbox 696 3505 1045 3559; x_wconf 84' lang='lat' dir='ltr'><strong>obedientiam</strong></span> <span class='ocrx_word' id='word_1_384' title='bbox 1097 3503 1383 3556; x_wconf 88' lang='lat' dir='ltr'><strong>secundmn</strong></span> <span class='ocrx_word' id='word_1_385' title='bbox 1426 3499 1855 3555; x_wconf 87' lang='lat' dir='ltr'><strong>consuetudinem</strong></span> <span class='ocrx_word' id='word_1_386' title='bbox 1900 3500 2131 3553; x_wconf 71' lang='lat' dir='ltr'><strong>Aretinan</strong></span> 
     </span>
    </p>
   </div>
   <div class='ocr_carea' id='block_1_54' title="bbox 600 3586 2171 3663">
    <p class='ocr_par' dir='ltr' id='par_1_54' title="bbox 600 3586 2171 3663">
     <span class='ocr_line' id='line_1_54' title="bbox 600 3586 2171 3663; baseline -0.004 -17"><span class='ocrx_word' id='word_1_387' title='bbox 600 3595 947 3663; x_wconf 71' lang='lat' dir='ltr'><strong>promiserunt</strong></span> <span class='ocrx_word' id='word_1_388' title='bbox 994 3594 1261 3648; x_wconf 72' lang='lat' dir='ltr'><strong>Ectlesize.</strong></span> <span class='ocrx_word' id='word_1_389' title='bbox 1320 3592 1449 3647; x_wconf 79' lang='lat' dir='ltr'><strong>Nam</strong></span> <span class='ocrx_word' id='word_1_390' title='bbox 1496 3600 1548 3646; x_wconf 91' lang='lat' dir='ltr'><strong>et</strong></span> <span class='ocrx_word' id='word_1_391' title='bbox 1588 3591 1653 3645; x_wconf 81' lang='lat' dir='ltr'><strong>de</strong></span> <span class='ocrx_word' id='word_1_392' title='bbox 1701 3593 1797 3644; x_wconf 88' lang='lat' dir='ltr'><strong>hac</strong></span> <span class='ocrx_word' id='word_1_393' title='bbox 1837 3603 1993 3643; x_wconf 84' lang='lat' dir='ltr'><strong>causa</strong></span> <span class='ocrx_word' id='word_1_394' title='bbox 2025 3586 2171 3656; x_wconf 72' lang='lat' dir='ltr'><strong>jam&#39;</strong></span> 
     </span>
    </p>
   </div>
   <div class='ocr_carea' id='block_1_55' title="bbox 606 3680 2134 3754">
    <p class='ocr_par' dir='ltr' id='par_1_55' title="bbox 606 3680 2134 3754">
     <span class='ocr_line' id='line_1_55' title="bbox 606 3680 2134 3754; baseline -0.005 -14"><span class='ocrx_word' id='word_1_395' title='bbox 606 3688 796 3741; x_wconf 68' lang='lat' dir='ltr'><strong>missus</strong></span> <span class='ocrx_word' id='word_1_396' title='bbox 827 3686 1166 3754; x_wconf 73' lang='lat' dir='ltr'><strong>siiprascripii</strong></span> <span class='ocrx_word' id='word_1_397' title='bbox 1197 3684 1376 3738; x_wconf 91' lang='lat' dir='ltr'><strong>domni</strong></span> <span class='ocrx_word' id='word_1_398' title='bbox 1404 3682 1827 3738; x_wconf 64' lang='lat' dir='ltr'><strong>excellentissimi</strong></span> <span class='ocrx_word' id='word_1_399' title='bbox 1858 3680 2013 3748; x_wconf 74' lang='lat' dir='ltr'><strong>regis,</strong></span> <span class='ocrx_word' id='word_1_400' title='bbox 2042 3694 2134 3732; x_wconf 85' lang='lat' dir='ltr'><strong>n0-</strong></span> 
     </span>
    </p>
   </div>
   <div class='ocr_carea' id='block_1_56' title="bbox 603 3770 2136 3839">
    <p class='ocr_par' dir='ltr' id='par_1_56' title="bbox 603 3770 2136 3839">
     <span class='ocr_line' id='line_1_56' title="bbox 603 3770 2136 3839; baseline -0.007 -7"><span class='ocrx_word' id='word_1_401' title='bbox 603 3782 743 3833; x_wconf 87' lang='lat' dir='ltr'><strong>tnine</strong></span> <span class='ocrx_word' id='word_1_402' title='bbox 767 3777 1107 3839; x_wconf 86' lang='lat' dir='ltr'><strong>Guntberam,</strong></span> <span class='ocrx_word' id='word_1_403' title='bbox 1133 3777 1389 3839; x_wconf 86' lang='lat' dir='ltr'><strong>notarius,</strong></span> <span class='ocrx_word' id='word_1_404' title='bbox 1416 3776 1642 3829; x_wconf 67' lang='lat' dir='ltr'><strong>directus</strong></span> <span class='ocrx_word' id='word_1_405' title='bbox 1669 3782 1768 3828; x_wconf 86' lang='lat' dir='ltr'><strong>est.</strong></span> <span class='ocrx_word' id='word_1_406' title='bbox 1810 3774 1906 3839; x_wconf 82' lang='lat' dir='ltr'><strong>Qui</strong></span> <span class='ocrx_word' id='word_1_407' title='bbox 1935 3784 1985 3825; x_wconf 90' lang='lat' dir='ltr'><strong>et</strong></span> <span class='ocrx_word' id='word_1_408' title='bbox 2015 3770 2136 3825; x_wconf 54' lang='lat' dir='ltr'><strong>caué</strong></span> 
     </span>
    </p>
   </div>
   <div class='ocr_carea' id='block_1_57' title="bbox 600 3862 2134 3933">
    <p class='ocr_par' dir='ltr' id='par_1_57' title="bbox 600 3862 2134 3933">
     <span class='ocr_line' id='line_1_57' title="bbox 600 3862 2134 3933; baseline -0.003 -14"><span class='ocrx_word' id='word_1_409' title='bbox 600 3883 688 3920; x_wconf 83' lang='lat' dir='ltr'><strong>sas</strong></span> <span class='ocrx_word' id='word_1_410' title='bbox 730 3884 845 3920; x_wconf 85' lang='lat' dir='ltr'><strong>cum</strong></span> <span class='ocrx_word' id='word_1_411' title='bbox 896 3868 1079 3920; x_wconf 88' lang='lat' dir='ltr'><strong>merito</strong></span> <span class='ocrx_word' id='word_1_412' title='bbox 1110 3874 1212 3918; x_wconf 89' lang='lat' dir='ltr'><strong>tant</strong></span> <span class='ocrx_word' id='word_1_413' title='bbox 1244 3880 1334 3933; x_wconf 88' lang='lat' dir='ltr'><strong>per</strong></span> <span class='ocrx_word' id='word_1_414' title='bbox 1365 3866 1507 3932; x_wconf 81' lang='lat' dir='ltr'><strong>ipsos</strong></span> <span class='ocrx_word' id='word_1_415' title='bbox 1533 3864 1851 3931; x_wconf 86' lang='lat' dir='ltr'><strong>presbiteros</strong></span> <span class='ocrx_word' id='word_1_416' title='bbox 1872 3870 1925 3915; x_wconf 90' lang='lat' dir='ltr'><strong>et</strong></span> <span class='ocrx_word' id='word_1_417' title='bbox 1961 3862 2134 3915; x_wconf 82' lang='lat' dir='ltr'><strong>diaco-</strong></span> 
     </span>
    </p>
   </div>
   <div class='ocr_carea' id='block_1_58' title="bbox 603 3955 2139 4023">
    <p class='ocr_par' dir='ltr' id='par_1_58' title="bbox 603 3955 2139 4023">
     <span class='ocr_line' id='line_1_58' title="bbox 603 3955 2139 4023; baseline -0.005 -12"><span class='ocrx_word' id='word_1_418' title='bbox 603 3972 719 4021; x_wconf 84' lang='lat' dir='ltr'><strong>nos,</strong></span> <span class='ocrx_word' id='word_1_419' title='bbox 745 3958 863 4023; x_wconf 81' lang='lat' dir='ltr'><strong>quia</strong></span> <span class='ocrx_word' id='word_1_420' title='bbox 891 3958 1237 4010; x_wconf 86' lang='lat' dir='ltr'><strong>sacratiencm</strong></span> <span class='ocrx_word' id='word_1_421' title='bbox 1264 3971 1291 4007; x_wconf 88' lang='lat' dir='ltr'><strong>a</strong></span> <span class='ocrx_word' id='word_1_422' title='bbox 1316 3966 1494 4009; x_wconf 82' lang='lat' dir='ltr'><strong>nostra</strong></span> <span class='ocrx_word' id='word_1_423' title='bbox 1520 3955 1750 4008; x_wconf 88' lang='lat' dir='ltr'><strong>Ecclesia</strong></span> <span class='ocrx_word' id='word_1_424' title='bbox 1770 3958 2139 4019; x_wconf 74' lang='lat' dir='ltr'><strong>susceperunt;</strong></span> 
     </span>
    </p>
   </div>
   <div class='ocr_carea' id='block_1_59' title="bbox 611 4041 2140 4119">
    <p class='ocr_par' dir='ltr' id='par_1_59' title="bbox 611 4041 2140 4119">
     <span class='ocr_line' id='line_1_59' title="bbox 611 4041 2140 4119; baseline -0.007 -18"><span class='ocrx_word' id='word_1_425' title='bbox 611 4064 702 4101; x_wconf 77' lang='lat' dir='ltr'><strong>seu</strong></span> <span class='ocrx_word' id='word_1_426' title='bbox 728 4061 777 4100; x_wconf 90' lang='lat' dir='ltr'><strong>et</strong></span> <span class='ocrx_word' id='word_1_427' title='bbox 811 4063 902 4114; x_wconf 90' lang='lat' dir='ltr'><strong>per</strong></span> <span class='ocrx_word' id='word_1_428' title='bbox 932 4047 1168 4114; x_wconf 80' lang='lat' dir='ltr'><strong>singulos</strong></span> <span class='ocrx_word' id='word_1_429' title='bbox 1192 4045 1453 4119; x_wconf 73' lang='lat' dir='ltr'><strong>aiimanes</strong></span> <span class='ocrx_word' id='word_1_430' title='bbox 1484 4044 1645 4110; x_wconf 82' lang='lat' dir='ltr'><strong>ipsius</strong></span> <span class='ocrx_word' id='word_1_431' title='bbox 1672 4041 1919 4096; x_wconf 87' lang='lat' dir='ltr'><strong>Senensis</strong></span> <span class='ocrx_word' id='word_1_432' title='bbox 1950 4042 2140 4093; x_wconf 87' lang='lat' dir='ltr'><strong>civita-</strong></span> 
     </span>
    </p>
   </div>
   <div class='ocr_carea' id='block_1_60' title="bbox 605 4130 2140 4206">
    <p class='ocr_par' dir='ltr' id='par_1_60' title="bbox 605 4130 2140 4206">
     <span class='ocr_line' id='line_1_60' title="bbox 605 4130 2140 4206; baseline -0.005 -17"><span class='ocrx_word' id='word_1_433' title='bbox 605 4140 671 4191; x_wconf 86' lang='lat' dir='ltr'><strong>tis</strong></span> <span class='ocrx_word' id='word_1_434' title='bbox 702 4136 1004 4206; x_wconf 68' lang='lat' dir='ltr'><strong>inquisivit;</strong></span> <span class='ocrx_word' id='word_1_435' title='bbox 1052 4146 1103 4187; x_wconf 88' lang='lat' dir='ltr'><strong>ct</strong></span> <span class='ocrx_word' id='word_1_436' title='bbox 1142 4134 1216 4186; x_wconf 89' lang='lat' dir='ltr'><strong>rei</strong></span> <span class='ocrx_word' id='word_1_437' title='bbox 1266 4134 1535 4186; x_wconf 87' lang='lat' dir='ltr'><strong>verit.tcm</strong></span> <span class='ocrx_word' id='word_1_438' title='bbox 1564 4139 1863 4197; x_wconf 86' lang='lat' dir='ltr'><strong>compertus</strong></span> <span class='ocrx_word' id='word_1_439' title='bbox 1894 4144 2056 4196; x_wconf 89' lang='lat' dir='ltr'><strong>usque</strong></span> <span class='ocrx_word' id='word_1_440' title='bbox 2090 4130 2140 4181; x_wconf 91' lang='lat' dir='ltr'><strong>in</strong></span> 
     </span>
    </p>
   </div>
   <div class='ocr_carea' id='block_1_61' title="bbox 606 4219 2141 4292">
    <p class='ocr_par' dir='ltr' id='par_1_61' title="bbox 606 4219 2141 4292">
     <span class='ocr_line' id='line_1_61' title="bbox 606 4219 2141 4292; baseline -0.003 -16"><span class='ocrx_word' id='word_1_441' title='bbox 606 4226 884 4279; x_wconf 77' lang='lat' dir='ltr'><strong>routiliuiu</strong></span> <span class='ocrx_word' id='word_1_442' title='bbox 932 4226 1297 4292; x_wconf 88' lang='lat' dir='ltr'><strong>episcoporum</strong></span> <span class='ocrx_word' id='word_1_443' title='bbox 1329 4221 1571 4284; x_wconf 78' lang='lat' dir='ltr'><strong>deduxit;</strong></span> <span class='ocrx_word' id='word_1_444' title='bbox 1606 4221 1655 4273; x_wconf 91' lang='lat' dir='ltr'><strong>id</strong></span> <span class='ocrx_word' id='word_1_445' title='bbox 1677 4230 1759 4273; x_wconf 75' lang='lat' dir='ltr'><strong>est</strong></span> <span class='ocrx_word' id='word_1_446' title='bbox 1799 4220 1849 4271; x_wconf 92' lang='lat' dir='ltr'><strong>in</strong></span> <span class='ocrx_word' id='word_1_447' title='bbox 1882 4219 2141 4286; x_wconf 70' lang='lat' dir='ltr'><strong>presentia</strong></span> 
     </span>
    </p>
   </div>
   <div class='ocr_carea' id='block_1_62' title="bbox 607 4300 2138 4369">
    <p class='ocr_par' dir='ltr' id='par_1_62' title="bbox 607 4300 2138 4369">
     <span class='ocr_line' id='line_1_62' title="bbox 607 4300 2138 4369; baseline -0.006 -2"><span class='ocrx_word' id='word_1_448' title='bbox 607 4316 1053 4369; x_wconf 78' lang='lat' dir='ltr'><strong>sanctissimorum</strong></span> <span class='ocrx_word' id='word_1_449' title='bbox 1098 4315 1313 4364; x_wconf 84' lang='lat' dir='ltr'><strong>lratruut</strong></span> <span class='ocrx_word' id='word_1_450' title='bbox 1352 4300 1647 4363; x_wconf 80' lang='lat' dir='ltr'><strong>uestrorum</strong></span> <span class='ocrx_word' id='word_1_451' title='bbox 1678 4310 1717 4362; x_wconf 85' lang='grc' dir='ltr'><strong>Τ</strong></span> <span class='ocrx_word' id='word_1_452' title='bbox 1721 4308 1945 4363; x_wconf 87' lang='lat' dir='ltr'><strong>euduald</strong></span> <span class='ocrx_word' id='word_1_453' title='bbox 1979 4308 2138 4362; x_wconf 86' lang='lat' dir='ltr'><strong>Veso-</strong></span> 
     </span>
    </p>
   </div>
   <div class='ocr_carea' id='block_1_63' title="bbox 2208 1893 3717 1964">
    <p class='ocr_par' dir='ltr' id='par_1_63' title="bbox 2208 1893 3717 1964">
     <span class='ocr_line' id='line_1_63' title="bbox 2208 1893 3717 1964; baseline 0.001 -18"><span class='ocrx_word' id='word_1_454' title='bbox 2208 1894 2340 1946; x_wconf 77' lang='lat' dir='ltr'><strong>dicis</strong></span> <span class='ocrx_word' id='word_1_455' title='bbox 2364 1893 2665 1946; x_wconf 89' lang='lat' dir='ltr'><strong>consobrini</strong></span> <span class='ocrx_word' id='word_1_456' title='bbox 2710 1894 2812 1947; x_wconf 91' lang='lat' dir='ltr'><strong>mei</strong></span> <span class='ocrx_word' id='word_1_457' title='bbox 2855 1903 3092 1961; x_wconf 90' lang='lat' dir='ltr'><strong>tempore</strong></span> <span class='ocrx_word' id='word_1_458' title='bbox 3123 1895 3487 1964; x_wconf 76' lang='lat' dir='ltr'><strong>gleriosissimi</strong></span> <span class='ocrx_word' id='word_1_459' title='bbox 3514 1897 3717 1963; x_wconf 81' lang='lat' dir='ltr'><strong>Ariperii</strong></span> 
     </span>
    </p>
   </div>
   <div class='ocr_carea' id='block_1_64' title="bbox 2217 1983 3721 2049">
    <p class='ocr_par' dir='ltr' id='par_1_64' title="bbox 2217 1983 3721 2049">
     <span class='ocr_line' id='line_1_64' title="bbox 2217 1983 3721 2049; baseline 0.001 -13"><span class='ocrx_word' id='word_1_460' title='bbox 2217 1985 2355 2049; x_wconf 79' lang='lat' dir='ltr'><strong>regis</strong></span> <span class='ocrx_word' id='word_1_461' title='bbox 2385 1984 2567 2037; x_wconf 76' lang='lat' dir='ltr'><strong>luisset</strong></span> <span class='ocrx_word' id='word_1_462' title='bbox 2587 2023 2603 2046; x_wconf 92' lang='lat'><strong>,</strong></span> <span class='ocrx_word' id='word_1_463' title='bbox 2632 1983 2709 2036; x_wconf 90' lang='lat' dir='ltr'><strong>sic</strong></span> <span class='ocrx_word' id='word_1_464' title='bbox 2735 1984 2917 2036; x_wconf 86' lang='lat' dir='ltr'><strong>dolose</strong></span> <span class='ocrx_word' id='word_1_465' title='bbox 2944 1983 3136 2037; x_wconf 84' lang='lat' dir='ltr'><strong>ibidem</strong></span> <span class='ocrx_word' id='word_1_466' title='bbox 3163 1984 3230 2037; x_wconf 82' lang='lat' dir='ltr'><strong>ab</strong></span> <span class='ocrx_word' id='word_1_467' title='bbox 3258 1985 3597 2038; x_wconf 80' lang='lat' dir='ltr'><strong>Antecessore</strong></span> <span class='ocrx_word' id='word_1_468' title='bbox 3620 2000 3721 2038; x_wconf 75' lang='lat' dir='ltr'><strong>meo</strong></span> 
     </span>
    </p>
   </div>
   <div class='ocr_carea' id='block_1_65' title="bbox 2214 2070 3718 2138">
    <p class='ocr_par' dir='ltr' id='par_1_65' title="bbox 2214 2070 3718 2138">
     <span class='ocr_line' id='line_1_65' title="bbox 2214 2070 3718 2138; baseline 0 -16"><span class='ocrx_word' id='word_1_469' title='bbox 2214 2084 2371 2123; x_wconf 92' lang='lat' dir='ltr'><strong>unum</strong></span> <span class='ocrx_word' id='word_1_470' title='bbox 2419 2070 2782 2123; x_wconf 86' lang='lat' dir='ltr'><strong>tantummodo</strong></span> <span class='ocrx_word' id='word_1_471' title='bbox 2830 2084 3025 2123; x_wconf 87' lang='lat' dir='ltr'><strong>annum</strong></span> <span class='ocrx_word' id='word_1_472' title='bbox 3079 2085 3173 2138; x_wconf 83' lang='lat' dir='ltr'><strong>per</strong></span> <span class='ocrx_word' id='word_1_473' title='bbox 3222 2071 3484 2138; x_wconf 85' lang='lat' dir='ltr'><strong>aliquanta</strong></span> <span class='ocrx_word' id='word_1_474' title='bbox 3536 2074 3718 2125; x_wconf 77' lang='lat' dir='ltr'><strong>oractna</strong></span> 
     </span>
    </p>
   </div>
   <div class='ocr_carea' id='block_1_66' title="bbox 2216 2149 3721 2226">
    <p class='ocr_par' dir='ltr' id='par_1_66' title="bbox 2216 2149 3721 2226">
     <span class='ocr_line' id='line_1_66' title="bbox 2216 2149 3721 2226; baseline 0 -19"><span class='ocrx_word' id='word_1_475' title='bbox 2216 2157 2348 2209; x_wconf 82' lang='lat' dir='ltr'><strong>intra</strong></span> <span class='ocrx_word' id='word_1_476' title='bbox 2373 2158 2481 2223; x_wconf 87' lang='lat' dir='ltr'><strong>ipsa</strong></span> <span class='ocrx_word' id='word_1_477' title='bbox 2510 2157 2685 2210; x_wconf 89' lang='lat' dir='ltr'><strong>Diocia</strong></span> <span class='ocrx_word' id='word_1_478' title='bbox 2711 2157 2986 2211; x_wconf 85' lang='lat' dir='ltr'><strong>iuormiter</strong></span> <span class='ocrx_word' id='word_1_479' title='bbox 3004 2159 3233 2211; x_wconf 84' lang='lat' dir='ltr'><strong>sacratio</strong></span> <span class='ocrx_word' id='word_1_480' title='bbox 3257 2157 3515 2226; x_wconf 79' lang='lat' dir='ltr'><strong>pervenit.</strong></span> <span class='ocrx_word' id='word_1_481' title='bbox 3555 2149 3651 2212; x_wconf 80' lang='lat' dir='ltr'><strong>Sed</strong></span> <span class='ocrx_word' id='word_1_482' title='bbox 3676 2166 3721 2208; x_wconf 75' lang='lat' dir='ltr'><strong>et</strong></span> 
     </span>
    </p>
   </div>
   <div class='ocr_carea' id='block_1_67' title="bbox 2213 2238 3722 2313">
    <p class='ocr_par' dir='ltr' id='par_1_67' title="bbox 2213 2238 3722 2313">
     <span class='ocr_line' id='line_1_67' title="bbox 2213 2238 3722 2313; baseline -0.001 -14"><span class='ocrx_word' id='word_1_483' title='bbox 2213 2260 2353 2299; x_wconf 90' lang='lat' dir='ltr'><strong>anno</strong></span> <span class='ocrx_word' id='word_1_484' title='bbox 2384 2246 2507 2309; x_wconf 89' lang='lat' dir='ltr'><strong>isto,</strong></span> <span class='ocrx_word' id='word_1_485' title='bbox 2535 2244 2661 2298; x_wconf 89' lang='lat' dir='ltr'><strong>dum</strong></span> <span class='ocrx_word' id='word_1_486' title='bbox 2704 2238 2918 2299; x_wconf 82' lang='lat' dir='ltr'><strong>incaute</strong></span> <span class='ocrx_word' id='word_1_487' title='bbox 2954 2252 3009 2298; x_wconf 82' lang='lat' dir='ltr'><strong>et</strong></span> <span class='ocrx_word' id='word_1_488' title='bbox 3034 2255 3217 2299; x_wconf 88' lang='lat' dir='ltr'><strong>contra</strong></span> <span class='ocrx_word' id='word_1_489' title='bbox 3260 2244 3513 2313; x_wconf 71' lang='lat' dir='ltr'><strong>justitiam</strong></span> <span class='ocrx_word' id='word_1_490' title='bbox 3537 2259 3722 2299; x_wconf 63' lang='lat' dir='ltr'><strong>cauum</strong></span> 
     </span>
    </p>
   </div>
   <div class='ocr_carea' id='block_1_68' title="bbox 2217 2320 3726 2402">
    <p class='ocr_par' dir='ltr' id='par_1_68' title="bbox 2217 2320 3726 2402">
     <span class='ocr_line' id='line_1_68' title="bbox 2217 2320 3726 2402; baseline -0.001 -15"><span class='ocrx_word' id='word_1_491' title='bbox 2217 2343 2624 2402; x_wconf 83' lang='lat' dir='ltr'><strong>promoverent,</strong></span> <span class='ocrx_word' id='word_1_492' title='bbox 2677 2348 2741 2388; x_wconf 79' lang='lat' dir='ltr'><strong>ea</strong></span> <span class='ocrx_word' id='word_1_493' title='bbox 2781 2334 2929 2402; x_wconf 84' lang='lat' dir='ltr'><strong>jussu</strong></span> <span class='ocrx_word' id='word_1_494' title='bbox 2978 2333 3131 2387; x_wconf 60' lang='lat' dir='ltr'><strong>bona:</strong></span> <span class='ocrx_word' id='word_1_495' title='bbox 3170 2320 3441 2387; x_wconf 57' lang='lat' dir='ltr'><strong>memoria:</strong></span> <span class='ocrx_word' id='word_1_496' title='bbox 3480 2336 3726 2402; x_wconf 77' lang='lat' dir='ltr'><strong>apostolici</strong></span> 
     </span>
    </p>
   </div>
   <div class='ocr_carea' id='block_1_69' title="bbox 2216 2423 3726 2491">
    <p class='ocr_par' dir='ltr' id='par_1_69' title="bbox 2216 2423 3726 2491">
     <span class='ocr_line' id='line_1_69' title="bbox 2216 2423 3726 2491; baseline -0.003 -13"><span class='ocrx_word' id='word_1_497' title='bbox 2216 2423 2580 2488; x_wconf 76' lang='lat' dir='ltr'><strong>Constantini,</strong></span> <span class='ocrx_word' id='word_1_498' title='bbox 2625 2430 2678 2476; x_wconf 85' lang='lat' dir='ltr'><strong>et</strong></span> <span class='ocrx_word' id='word_1_499' title='bbox 2722 2437 2814 2491; x_wconf 86' lang='lat' dir='ltr'><strong>per</strong></span> <span class='ocrx_word' id='word_1_500' title='bbox 2857 2436 2942 2477; x_wconf 90' lang='lat' dir='ltr'><strong>me</strong></span> <span class='ocrx_word' id='word_1_501' title='bbox 2981 2433 3123 2475; x_wconf 78' lang='lat' dir='ltr'><strong>extra</strong></span> <span class='ocrx_word' id='word_1_502' title='bbox 3154 2423 3393 2475; x_wconf 85' lang='lat' dir='ltr'><strong>ordinem</strong></span> <span class='ocrx_word' id='word_1_503' title='bbox 3418 2432 3474 2475; x_wconf 88' lang='lat' dir='ltr'><strong>et</strong></span> <span class='ocrx_word' id='word_1_504' title='bbox 3500 2424 3726 2474; x_wconf 61' lang='lat' dir='ltr'><strong>ratione:</strong></span> 
     </span>
    </p>
   </div>
   <div class='ocr_carea' id='block_1_70' title="bbox 2219 2511 3729 2579">
    <p class='ocr_par' dir='ltr' id='par_1_70' title="bbox 2219 2511 3729 2579">
     <span class='ocr_line' id='line_1_70' title="bbox 2219 2511 3729 2579; baseline -0.003 -12"><span class='ocrx_word' id='word_1_505' title='bbox 2219 2514 2407 2567; x_wconf 87' lang='lat' dir='ltr'><strong>ibidem</strong></span> <span class='ocrx_word' id='word_1_506' title='bbox 2454 2513 2507 2567; x_wconf 89' lang='lat' dir='ltr'><strong>in</strong></span> <span class='ocrx_word' id='word_1_507' title='bbox 2552 2511 2871 2579; x_wconf 86' lang='lat' dir='ltr'><strong>presbiteros</strong></span> <span class='ocrx_word' id='word_1_508' title='bbox 2899 2512 3029 2567; x_wconf 85' lang='lat' dir='ltr'><strong>duos</strong></span> <span class='ocrx_word' id='word_1_509' title='bbox 3057 2521 3112 2567; x_wconf 90' lang='lat' dir='ltr'><strong>et</strong></span> <span class='ocrx_word' id='word_1_510' title='bbox 3155 2528 3260 2566; x_wconf 91' lang='lat' dir='ltr'><strong>uno</strong></span> <span class='ocrx_word' id='word_1_511' title='bbox 3291 2514 3503 2566; x_wconf 87' lang='lat' dir='ltr'><strong>oraculo</strong></span> <span class='ocrx_word' id='word_1_512' title='bbox 3530 2516 3729 2565; x_wconf 70' lang='lat' dir='ltr'><strong>sacratio</strong></span> 
     </span>
    </p>
   </div>
   <div class='ocr_carea' id='block_1_71' title="bbox 2219 2600 3730 2670">
    <p class='ocr_par' dir='ltr' id='par_1_71' title="bbox 2219 2600 3730 2670">
     <span class='ocr_line' id='line_1_71' title="bbox 2219 2600 3730 2670; baseline -0.002 -15"><span class='ocrx_word' id='word_1_513' title='bbox 2219 2601 2354 2656; x_wconf 76' lang='lat' dir='ltr'><strong>facta</strong></span> <span class='ocrx_word' id='word_1_514' title='bbox 2382 2609 2482 2655; x_wconf 90' lang='lat' dir='ltr'><strong>est.</strong></span> <span class='ocrx_word' id='word_1_515' title='bbox 2526 2601 2669 2655; x_wconf 81' lang='lat' dir='ltr'><strong>lianc</strong></span> <span class='ocrx_word' id='word_1_516' title='bbox 2700 2603 2859 2669; x_wconf 75' lang='lat' dir='ltr'><strong>igitur</strong></span> <span class='ocrx_word' id='word_1_517' title='bbox 2884 2602 3262 2670; x_wconf 78' lang='lat' dir='ltr'><strong>professionem</strong></span> <span class='ocrx_word' id='word_1_518' title='bbox 3288 2612 3464 2654; x_wconf 88' lang='lat' dir='ltr'><strong>nostra</strong></span> <span class='ocrx_word' id='word_1_519' title='bbox 3491 2600 3730 2654; x_wconf 75' lang='lat' dir='ltr'><strong>excellen-</strong></span> 
     </span>
    </p>
   </div>
   <div class='ocr_carea' id='block_1_72' title="bbox 2222 2690 3732 2759">
    <p class='ocr_par' dir='ltr' id='par_1_72' title="bbox 2222 2690 3732 2759">
     <span class='ocr_line' id='line_1_72' title="bbox 2222 2690 3732 2759; baseline -0.003 -14"><span class='ocrx_word' id='word_1_520' title='bbox 2222 2693 2288 2745; x_wconf 83' lang='lat' dir='ltr'><strong>tia</strong></span> <span class='ocrx_word' id='word_1_521' title='bbox 2317 2707 2416 2746; x_wconf 89' lang='lat' dir='ltr'><strong>una</strong></span> <span class='ocrx_word' id='word_1_522' title='bbox 2442 2706 2562 2745; x_wconf 92' lang='lat' dir='ltr'><strong>cum</strong></span> <span class='ocrx_word' id='word_1_523' title='bbox 2602 2691 2711 2759; x_wconf 87' lang='lat' dir='ltr'><strong>jam</strong></span> <span class='ocrx_word' id='word_1_524' title='bbox 2752 2692 2907 2745; x_wconf 90' lang='lat' dir='ltr'><strong>dictis</strong></span> <span class='ocrx_word' id='word_1_525' title='bbox 2946 2692 3335 2745; x_wconf 87' lang='lat' dir='ltr'><strong>venerabilibus</strong></span> <span class='ocrx_word' id='word_1_526' title='bbox 3362 2692 3485 2745; x_wconf 85' lang='lat' dir='ltr'><strong>viris</strong></span> <span class='ocrx_word' id='word_1_527' title='bbox 3521 2704 3608 2744; x_wconf 79' lang='lat' dir='ltr'><strong>seu</strong></span> <span class='ocrx_word' id='word_1_528' title='bbox 3634 2690 3732 2742; x_wconf 80' lang='lat' dir='ltr'><strong>illa-</strong></span> 
     </span>
    </p>
   </div>
   <div class='ocr_carea' id='block_1_73' title="bbox 2221 2778 3732 2848">
    <p class='ocr_par' dir='ltr' id='par_1_73' title="bbox 2221 2778 3732 2848">
     <span class='ocr_line' id='line_1_73' title="bbox 2221 2778 3732 2848; baseline -0.005 -14"><span class='ocrx_word' id='word_1_529' title='bbox 2221 2790 2353 2835; x_wconf 90' lang='lat' dir='ltr'><strong>stres</strong></span> <span class='ocrx_word' id='word_1_530' title='bbox 2366 2779 2571 2848; x_wconf 87' lang='lat' dir='ltr'><strong>judices</strong></span> <span class='ocrx_word' id='word_1_531' title='bbox 2604 2788 2807 2832; x_wconf 83' lang='lat' dir='ltr'><strong>nostros</strong></span> <span class='ocrx_word' id='word_1_532' title='bbox 2836 2780 3141 2843; x_wconf 82' lang='lat' dir='ltr'><strong>audientes,</strong></span> <span class='ocrx_word' id='word_1_533' title='bbox 3180 2783 3382 2832; x_wconf 83' lang='lat' dir='ltr'><strong>rectum</strong></span> <span class='ocrx_word' id='word_1_534' title='bbox 3416 2778 3565 2832; x_wconf 85' lang='lat' dir='ltr'><strong>nobis</strong></span> <span class='ocrx_word' id='word_1_535' title='bbox 3590 2778 3732 2844; x_wconf 64' lang='lat' dir='ltr'><strong>inruit</strong></span> 
     </span>
    </p>
   </div>
   <div class='ocr_carea' id='block_1_74' title="bbox 2222 2852 3730 2939">
    <p class='ocr_par' dir='ltr' id='par_1_74' title="bbox 2222 2852 3730 2939">
     <span class='ocr_line' id='line_1_74' title="bbox 2222 2852 3730 2939; baseline -0.004 -12"><span class='ocrx_word' id='word_1_536' title='bbox 2222 2886 2359 2937; x_wconf 88' lang='lat' dir='ltr'><strong>esse,</strong></span> <span class='ocrx_word' id='word_1_537' title='bbox 2386 2884 2443 2936; x_wconf 83' lang='lat' dir='ltr'><strong>ut</strong></span> <span class='ocrx_word' id='word_1_538' title='bbox 2469 2852 2691 2939; x_wconf 83' lang='lat' dir='ltr'><strong>qualiter</strong></span> <span class='ocrx_word' id='word_1_539' title='bbox 2719 2870 3089 2938; x_wconf 67' lang='lat' dir='ltr'><strong>suprascripta:</strong></span> <span class='ocrx_word' id='word_1_540' title='bbox 3118 2869 3359 2924; x_wconf 73' lang='lat' dir='ltr'><strong>ecclesia:</strong></span> <span class='ocrx_word' id='word_1_541' title='bbox 3397 2877 3453 2923; x_wconf 90' lang='lat' dir='ltr'><strong>et</strong></span> <span class='ocrx_word' id='word_1_542' title='bbox 3480 2868 3730 2921; x_wconf 57' lang='lat' dir='ltr'><strong>&#39;menastec</strong></span> 
     </span>
    </p>
   </div>
   <div class='ocr_carea' id='block_1_75' title="bbox 2224 2958 3732 3031">
    <p class='ocr_par' dir='ltr' id='par_1_75' title="bbox 2224 2958 3732 3031">
     <span class='ocr_line' id='line_1_75' title="bbox 2224 2958 3732 3031; baseline -0.005 -14"><span class='ocrx_word' id='word_1_543' title='bbox 2224 2974 2299 3017; x_wconf 74' lang='lat' dir='ltr'><strong>ria</strong></span> <span class='ocrx_word' id='word_1_544' title='bbox 2336 2977 2365 3016; x_wconf 89' lang='lat' dir='ltr'><strong>a</strong></span> <span class='ocrx_word' id='word_1_545' title='bbox 2398 2965 2551 3031; x_wconf 76' lang='lat' dir='ltr'><strong>longe</strong></span> <span class='ocrx_word' id='word_1_546' title='bbox 2574 2972 2807 3031; x_wconf 87' lang='lat' dir='ltr'><strong>tempore</strong></span> <span class='ocrx_word' id='word_1_547' title='bbox 2830 2960 2895 3016; x_wconf 87' lang='lat' dir='ltr'><strong>ad</strong></span> <span class='ocrx_word' id='word_1_548' title='bbox 2916 2962 3099 3031; x_wconf 27' lang='lat' dir='ltr'><strong>sedem,</strong></span> <span class='ocrx_word' id='word_1_549' title='bbox 3124 2961 3260 3014; x_wconf 89' lang='lat' dir='ltr'><strong>beati</strong></span> <span class='ocrx_word' id='word_1_550' title='bbox 3287 2958 3470 3014; x_wconf 81' lang='lat' dir='ltr'><strong>Donati</strong></span> <span class='ocrx_word' id='word_1_551' title='bbox 3501 2959 3732 3029; x_wconf 79' lang='lat' dir='ltr'><strong>pertinue-</strong></span> 
     </span>
    </p>
   </div>
   <div class='ocr_carea' id='block_1_76' title="bbox 2225 3051 3734 3118">
    <p class='ocr_par' dir='ltr' id='par_1_76' title="bbox 2225 3051 3734 3118">
     <span class='ocr_line' id='line_1_76' title="bbox 2225 3051 3734 3118; baseline -0.005 -12"><span class='ocrx_word' id='word_1_552' title='bbox 2225 3061 2367 3117; x_wconf 89' lang='lat' dir='ltr'><strong>runt,</strong></span> <span class='ocrx_word' id='word_1_553' title='bbox 2398 3063 2448 3106; x_wconf 90' lang='lat' dir='ltr'><strong>et</strong></span> <span class='ocrx_word' id='word_1_554' title='bbox 2474 3054 2523 3116; x_wconf 92' lang='lat' dir='ltr'><strong>in</strong></span> <span class='ocrx_word' id='word_1_555' title='bbox 2552 3062 2704 3104; x_wconf 90' lang='lat' dir='ltr'><strong>antea</strong></span> <span class='ocrx_word' id='word_1_556' title='bbox 2735 3052 2998 3118; x_wconf 89' lang='lat' dir='ltr'><strong>pertinere</strong></span> <span class='ocrx_word' id='word_1_557' title='bbox 3018 3051 3272 3115; x_wconf 84' lang='lat' dir='ltr'><strong>debeant,</strong></span> <span class='ocrx_word' id='word_1_558' title='bbox 3302 3058 3359 3104; x_wconf 88' lang='lat' dir='ltr'><strong>et</strong></span> <span class='ocrx_word' id='word_1_559' title='bbox 3383 3052 3551 3103; x_wconf 86' lang='lat' dir='ltr'><strong>omnis</strong></span> <span class='ocrx_word' id='word_1_560' title='bbox 3584 3061 3734 3100; x_wconf 84' lang='lat' dir='ltr'><strong>sacra-</strong></span> 
     </span>
    </p>
   </div>
   <div class='ocr_carea' id='block_1_77' title="bbox 2232 3130 3736 3207">
    <p class='ocr_par' dir='ltr' id='par_1_77' title="bbox 2232 3130 3736 3207">
     <span class='ocr_line' id='line_1_77' title="bbox 2232 3130 3736 3207; baseline -0.004 -14"><span class='ocrx_word' id='word_1_561' title='bbox 2232 3140 2302 3193; x_wconf 87' lang='lat' dir='ltr'><strong>tio</strong></span> <span class='ocrx_word' id='word_1_562' title='bbox 2333 3142 2383 3193; x_wconf 90' lang='lat' dir='ltr'><strong>in</strong></span> <span class='ocrx_word' id='word_1_563' title='bbox 2414 3136 2733 3207; x_wconf 78' lang='lat' dir='ltr'><strong>presbit&#39;eros</strong></span> <span class='ocrx_word' id='word_1_564' title='bbox 2760 3146 2815 3191; x_wconf 83' lang='lat' dir='ltr'><strong>et</strong></span> <span class='ocrx_word' id='word_1_565' title='bbox 2851 3140 2900 3191; x_wconf 92' lang='lat' dir='ltr'><strong>in</strong></span> <span class='ocrx_word' id='word_1_566' title='bbox 2933 3130 3183 3193; x_wconf 84' lang='lat' dir='ltr'><strong>diaconos</strong></span> <span class='ocrx_word' id='word_1_567' title='bbox 3213 3152 3307 3206; x_wconf 86' lang='lat' dir='ltr'><strong>per</strong></span> <span class='ocrx_word' id='word_1_568' title='bbox 3342 3137 3594 3206; x_wconf 82' lang='lat' dir='ltr'><strong>presulcm</strong></span> <span class='ocrx_word' id='word_1_569' title='bbox 3618 3141 3736 3189; x_wconf 72' lang='lat' dir='ltr'><strong>Are-</strong></span> 
     </span>
    </p>
   </div>
   <div class='ocr_carea' id='block_1_78' title="bbox 2230 3222 3736 3296">
    <p class='ocr_par' dir='ltr' id='par_1_78' title="bbox 2230 3222 3736 3296">
     <span class='ocr_line' id='line_1_78' title="bbox 2230 3222 3736 3296; baseline -0.003 -16"><span class='ocrx_word' id='word_1_570' title='bbox 2230 3236 2349 3280; x_wconf 81' lang='lat' dir='ltr'><strong>ttme</strong></span> <span class='ocrx_word' id='word_1_571' title='bbox 2382 3226 2629 3281; x_wconf 59' lang='lat' dir='ltr'><strong>Ecclesiae</strong></span> <span class='ocrx_word' id='word_1_572' title='bbox 2655 3266 2671 3292; x_wconf 91' lang='lat'><strong>,</strong></span> <span class='ocrx_word' id='word_1_573' title='bbox 2718 3227 2807 3296; x_wconf 90' lang='lat' dir='ltr'><strong>qui</strong></span> <span class='ocrx_word' id='word_1_574' title='bbox 2854 3241 2993 3280; x_wconf 89' lang='lat' dir='ltr'><strong>nunc</strong></span> <span class='ocrx_word' id='word_1_575' title='bbox 3031 3236 3157 3293; x_wconf 89' lang='lat' dir='ltr'><strong>est,</strong></span> <span class='ocrx_word' id='word_1_576' title='bbox 3203 3236 3299 3280; x_wconf 87' lang='lat' dir='ltr'><strong>aut</strong></span> <span class='ocrx_word' id='word_1_577' title='bbox 3329 3222 3511 3291; x_wconf 78' lang='lat' dir='ltr'><strong>fuerit,</strong></span> <span class='ocrx_word' id='word_1_578' title='bbox 3539 3225 3670 3278; x_wconf 88' lang='lat' dir='ltr'><strong>omni</strong></span> <span class='ocrx_word' id='word_1_579' title='bbox 3697 3226 3736 3276; x_wconf 87' lang='lat' dir='ltr'><strong>iu</strong></span> 
     </span>
    </p>
   </div>
   <div class='ocr_carea' id='block_1_79' title="bbox 2232 3318 3736 3390">
    <p class='ocr_par' dir='ltr' id='par_1_79' title="bbox 2232 3318 3736 3390">
     <span class='ocr_line' id='line_1_79' title="bbox 2232 3318 3736 3390; baseline -0.007 -15"><span class='ocrx_word' id='word_1_580' title='bbox 2232 3332 2461 3389; x_wconf 89' lang='lat' dir='ltr'><strong>tempore</strong></span> <span class='ocrx_word' id='word_1_581' title='bbox 2488 3324 2538 3373; x_wconf 92' lang='lat' dir='ltr'><strong>in</strong></span> <span class='ocrx_word' id='word_1_582' title='bbox 2567 3335 2659 3375; x_wconf 86' lang='lat' dir='ltr'><strong>eos</strong></span> <span class='ocrx_word' id='word_1_583' title='bbox 2680 3320 2970 3387; x_wconf 82' lang='lat' dir='ltr'><strong>perveniat,</strong></span> <span class='ocrx_word' id='word_1_584' title='bbox 3001 3322 3136 3374; x_wconf 89' lang='lat' dir='ltr'><strong>sicut</strong></span> <span class='ocrx_word' id='word_1_585' title='bbox 3161 3329 3213 3374; x_wconf 91' lang='lat' dir='ltr'><strong>et</strong></span> <span class='ocrx_word' id='word_1_586' title='bbox 3241 3318 3430 3390; x_wconf 61' lang='grc' dir='ltr'><strong>μῆτειί</strong></span> <span class='ocrx_word' id='word_1_587' title='bbox 3455 3318 3736 3373; x_wconf 78' lang='lat' dir='ltr'><strong>sanctissimi</strong></span> 
     </span>
    </p>
   </div>
   <div class='ocr_carea' id='block_1_80' title="bbox 2231 3392 3736 3475">
    <p class='ocr_par' dir='ltr' id='par_1_80' title="bbox 2231 3392 3736 3475">
     <span class='ocr_line' id='line_1_80' title="bbox 2231 3392 3736 3475; baseline -0.009 -7"><span class='ocrx_word' id='word_1_588' title='bbox 2231 3412 2411 3468; x_wconf 84' lang='lat' dir='ltr'><strong>Patres</strong></span> <span class='ocrx_word' id='word_1_589' title='bbox 2433 3410 2596 3467; x_wconf 88' lang='lat' dir='ltr'><strong>nostri</strong></span> <span class='ocrx_word' id='word_1_590' title='bbox 2622 3409 2886 3475; x_wconf 85' lang='lat' dir='ltr'><strong>Teudald,</strong></span> <span class='ocrx_word' id='word_1_591' title='bbox 2915 3407 3174 3462; x_wconf 69' lang='lat' dir='ltr'><strong>Maximus</strong></span> <span class='ocrx_word' id='word_1_592' title='bbox 3194 3449 3209 3473; x_wconf 93' lang='lat'><strong>,</strong></span> <span class='ocrx_word' id='word_1_593' title='bbox 3240 3409 3521 3475; x_wconf 82' lang='lat' dir='ltr'><strong>Speciosus</strong></span> <span class='ocrx_word' id='word_1_594' title='bbox 3555 3417 3607 3461; x_wconf 88' lang='lat' dir='ltr'><strong>et</strong></span> <span class='ocrx_word' id='word_1_595' title='bbox 3630 3392 3736 3473; x_wconf 69' lang='grc' dir='ltr'><strong>’τι-</strong></span> 
     </span>
    </p>
   </div>
   <div class='ocr_carea' id='block_1_81' title="bbox 2232 3498 3737 3570">
    <p class='ocr_par' dir='ltr' id='par_1_81' title="bbox 2232 3498 3737 3570">
     <span class='ocr_line' id='line_1_81' title="bbox 2232 3498 3737 3570; baseline -0.008 -13"><span class='ocrx_word' id='word_1_596' title='bbox 2232 3501 2555 3570; x_wconf 68' lang='lat' dir='ltr'><strong>lesperianus</strong></span> <span class='ocrx_word' id='word_1_597' title='bbox 2589 3499 2820 3568; x_wconf 76' lang='lat' dir='ltr'><strong>episcopi</strong></span> <span class='ocrx_word' id='word_1_598' title='bbox 2853 3515 2943 3567; x_wconf 88' lang='lat' dir='ltr'><strong>per</strong></span> <span class='ocrx_word' id='word_1_599' title='bbox 2971 3513 3120 3552; x_wconf 90' lang='lat' dir='ltr'><strong>suum</strong></span> <span class='ocrx_word' id='word_1_600' title='bbox 3142 3498 3434 3567; x_wconf 83' lang='lat' dir='ltr'><strong>judicatum</strong></span> <span class='ocrx_word' id='word_1_601' title='bbox 3457 3505 3737 3550; x_wconf 83' lang='lat' dir='ltr'><strong>statuerem.</strong></span> 
     </span>
    </p>
   </div>
   <div class='ocr_carea' id='block_1_82' title="bbox 2237 3590 3739 3658">
    <p class='ocr_par' dir='ltr' id='par_1_82' title="bbox 2237 3590 3739 3658">
     <span class='ocr_line' id='line_1_82' title="bbox 2237 3590 3739 3658; baseline -0.006 -11"><span class='ocrx_word' id='word_1_602' title='bbox 2237 3595 2301 3647; x_wconf 79' lang='lat' dir='ltr'><strong>Et</strong></span> <span class='ocrx_word' id='word_1_603' title='bbox 2327 3594 2467 3647; x_wconf 91' lang='lat' dir='ltr'><strong>nulla</strong></span> <span class='ocrx_word' id='word_1_604' title='bbox 2492 3591 2679 3645; x_wconf 89' lang='lat' dir='ltr'><strong>amode</strong></span> <span class='ocrx_word' id='word_1_605' title='bbox 2710 3591 2791 3643; x_wconf 89' lang='lat' dir='ltr'><strong>bis</strong></span> <span class='ocrx_word' id='word_1_606' title='bbox 2820 3592 2933 3658; x_wconf 87' lang='lat' dir='ltr'><strong>ipse</strong></span> <span class='ocrx_word' id='word_1_607' title='bbox 2974 3591 3274 3645; x_wconf 79' lang='lat' dir='ltr'><strong>Adeodatus</strong></span> <span class='ocrx_word' id='word_1_608' title='bbox 3309 3590 3558 3645; x_wconf 77' lang='lat' dir='ltr'><strong>Senensis</strong></span> <span class='ocrx_word' id='word_1_609' title='bbox 3588 3590 3739 3642; x_wconf 71' lang='lat' dir='ltr'><strong>Eccle-</strong></span> 
     </span>
    </p>
   </div>
   <div class='ocr_carea' id='block_1_83' title="bbox 2236 3680 3740 3753">
    <p class='ocr_par' dir='ltr' id='par_1_83' title="bbox 2236 3680 3740 3753">
     <span class='ocr_line' id='line_1_83' title="bbox 2236 3680 3740 3753; baseline -0.005 -15"><span class='ocrx_word' id='word_1_610' title='bbox 2236 3686 2313 3739; x_wconf 90' lang='lat' dir='ltr'><strong>sie</strong></span> <span class='ocrx_word' id='word_1_611' title='bbox 2343 3684 2617 3753; x_wconf 83' lang='lat' dir='ltr'><strong>episcepus</strong></span> <span class='ocrx_word' id='word_1_612' title='bbox 2639 3722 2652 3747; x_wconf 91' lang='lat'><strong>,</strong></span> <span class='ocrx_word' id='word_1_613' title='bbox 2684 3682 2765 3735; x_wconf 89' lang='lat' dir='ltr'><strong>vel</strong></span> <span class='ocrx_word' id='word_1_614' title='bbox 2790 3695 3123 3735; x_wconf 84' lang='lat' dir='ltr'><strong>successores</strong></span> <span class='ocrx_word' id='word_1_615' title='bbox 3171 3681 3238 3749; x_wconf 67' lang='lat' dir='ltr'><strong>ej:</strong></span> <span class='ocrx_word' id='word_1_616' title='bbox 3260 3695 3288 3734; x_wconf 89' lang='lat' dir='ltr'><strong>s</strong></span> <span class='ocrx_word' id='word_1_617' title='bbox 3315 3682 3562 3735; x_wconf 84' lang='lat' dir='ltr'><strong>adversus</strong></span> <span class='ocrx_word' id='word_1_618' title='bbox 3586 3690 3633 3734; x_wconf 82' lang='lat' dir='ltr'><strong>te</strong></span> <span class='ocrx_word' id='word_1_619' title='bbox 3661 3680 3740 3741; x_wconf 84' lang='lat' dir='ltr'><strong>Lu-</strong></span> 
     </span>
    </p>
   </div>
   <div class='ocr_carea' id='block_1_84' title="bbox 2238 3759 3739 3847">
    <p class='ocr_par' dir='ltr' id='par_1_84' title="bbox 2238 3759 3739 3847">
     <span class='ocr_line' id='line_1_84' title="bbox 2238 3759 3739 3847; baseline -0.007 -16"><span class='ocrx_word' id='word_1_620' title='bbox 2238 3777 2541 3847; x_wconf 82' lang='lat' dir='ltr'><strong>pcrtianum&#39;</strong></span> <span class='ocrx_word' id='word_1_621' title='bbox 2560 3759 2862 3841; x_wconf 80' lang='lat' dir='ltr'><strong>episcepum</strong></span> <span class='ocrx_word' id='word_1_622' title='bbox 2887 3812 2903 3835; x_wconf 93' lang='lat'><strong>,</strong></span> <span class='ocrx_word' id='word_1_623' title='bbox 2937 3772 3016 3825; x_wconf 88' lang='lat' dir='ltr'><strong>vel</strong></span> <span class='ocrx_word' id='word_1_624' title='bbox 3042 3783 3156 3825; x_wconf 81' lang='lat' dir='ltr'><strong>tnos</strong></span> <span class='ocrx_word' id='word_1_625' title='bbox 3184 3788 3260 3825; x_wconf 57' lang='lat' dir='ltr'><strong>sui</strong></span> <span class='ocrx_word' id='word_1_626' title='bbox 3280 3786 3521 3826; x_wconf 85' lang='lat' dir='ltr'><strong>cessorcs</strong></span> <span class='ocrx_word' id='word_1_627' title='bbox 3554 3770 3615 3824; x_wconf 89' lang='lat' dir='ltr'><strong>de</strong></span> <span class='ocrx_word' id='word_1_628' title='bbox 3636 3771 3739 3833; x_wconf 65' lang='lat' dir='ltr'><strong>ipsis</strong></span> 
     </span>
    </p>
   </div>
   <div class='ocr_carea' id='block_1_85' title="bbox 2240 3860 3741 3927">
    <p class='ocr_par' dir='ltr' id='par_1_85' title="bbox 2240 3860 3741 3927">
     <span class='ocr_line' id='line_1_85' title="bbox 2240 3860 3741 3927; baseline -0.009 -7"><span class='ocrx_word' id='word_1_629' title='bbox 2240 3867 2445 3927; x_wconf 86' lang='lat' dir='ltr'><strong>diociis,</strong></span> <span class='ocrx_word' id='word_1_630' title='bbox 2479 3863 2810 3918; x_wconf 86' lang='lat' dir='ltr'><strong>monasteriis</strong></span> <span class='ocrx_word' id='word_1_631' title='bbox 2834 3872 2884 3917; x_wconf 88' lang='lat' dir='ltr'><strong>et</strong></span> <span class='ocrx_word' id='word_1_632' title='bbox 2910 3860 3137 3916; x_wconf 88' lang='lat' dir='ltr'><strong>oraculis</strong></span> <span class='ocrx_word' id='word_1_633' title='bbox 3164 3861 3453 3916; x_wconf 59' lang='lat' dir='ltr'><strong>faciendam</strong></span> <span class='ocrx_word' id='word_1_634' title='bbox 3476 3860 3537 3914; x_wconf 85' lang='lat' dir='ltr'><strong>ad</strong></span> <span class='ocrx_word' id='word_1_635' title='bbox 3556 3860 3741 3927; x_wconf 82' lang='lat' dir='ltr'><strong>loquen-</strong></span> 
     </span>
    </p>
   </div>
   <div class='ocr_carea' id='block_1_86' title="bbox 2240 3950 3740 4020">
    <p class='ocr_par' dir='ltr' id='par_1_86' title="bbox 2240 3950 3740 4020">
     <span class='ocr_line' id='line_1_86' title="bbox 2240 3950 3740 4020; baseline -0.005 -13"><span class='ocrx_word' id='word_1_636' title='bbox 2240 3956 2363 4007; x_wconf 87' lang='lat' dir='ltr'><strong>dutu</strong></span> <span class='ocrx_word' id='word_1_637' title='bbox 2395 3954 2606 4015; x_wconf 69' lang='lat' dir='ltr'><strong>habere,</strong></span> <span class='ocrx_word' id='word_1_638' title='bbox 2640 3953 2738 4006; x_wconf 91' lang='lat' dir='ltr'><strong>nisi</strong></span> <span class='ocrx_word' id='word_1_639' title='bbox 2772 3954 2940 4006; x_wconf 86' lang='lat' dir='ltr'><strong>vestra</strong></span> <span class='ocrx_word' id='word_1_640' title='bbox 2975 3954 3023 4004; x_wconf 84' lang='lat' dir='ltr'><strong>in</strong></span> <span class='ocrx_word' id='word_1_641' title='bbox 3055 3951 3179 4020; x_wconf 82' lang='lat' dir='ltr'><strong>ipsis</strong></span> <span class='ocrx_word' id='word_1_642' title='bbox 3207 3950 3451 4005; x_wconf 84' lang='lat' dir='ltr'><strong>ecclesiis</strong></span> <span class='ocrx_word' id='word_1_643' title='bbox 3478 3961 3740 4003; x_wconf 83' lang='lat' dir='ltr'><strong>autoracu-</strong></span> 
     </span>
    </p>
   </div>
   <div class='ocr_carea' id='block_1_87' title="bbox 2243 4040 3740 4112">
    <p class='ocr_par' dir='ltr' id='par_1_87' title="bbox 2243 4040 3740 4112">
     <span class='ocr_line' id='line_1_87' title="bbox 2243 4040 3740 4112; baseline -0.005 -15"><span class='ocrx_word' id='word_1_644' title='bbox 2243 4046 2325 4108; x_wconf 91' lang='lat' dir='ltr'><strong>lis,</strong></span> <span class='ocrx_word' id='word_1_645' title='bbox 2354 4044 2441 4112; x_wconf 91' lang='lat' dir='ltr'><strong>qui</strong></span> <span class='ocrx_word' id='word_1_646' title='bbox 2472 4054 2591 4097; x_wconf 90' lang='lat' dir='ltr'><strong>sunt</strong></span> <span class='ocrx_word' id='word_1_647' title='bbox 2617 4084 2631 4107; x_wconf 81' lang='lat'><strong>,</strong></span> <span class='ocrx_word' id='word_1_648' title='bbox 2663 4052 2750 4095; x_wconf 89' lang='lat' dir='ltr'><strong>aut</strong></span> <span class='ocrx_word' id='word_1_649' title='bbox 2778 4043 2830 4096; x_wconf 94' lang='lat' dir='ltr'><strong>in</strong></span> <span class='ocrx_word' id='word_1_650' title='bbox 2863 4052 3095 4109; x_wconf 89' lang='lat' dir='ltr'><strong>tempore</strong></span> <span class='ocrx_word' id='word_1_651' title='bbox 3124 4040 3351 4105; x_wconf 82' lang='lat' dir='ltr'><strong>fuerint,</strong></span> <span class='ocrx_word' id='word_1_652' title='bbox 3395 4047 3600 4095; x_wconf 85' lang='lat' dir='ltr'><strong>maneat</strong></span> <span class='ocrx_word' id='word_1_653' title='bbox 3620 4043 3740 4093; x_wconf 80' lang='lat' dir='ltr'><strong>orth-</strong></span> 
     </span>
    </p>
   </div>
   <div class='ocr_carea' id='block_1_88' title="bbox 2246 4120 3743 4200">
    <p class='ocr_par' dir='ltr' id='par_1_88' title="bbox 2246 4120 3743 4200">
     <span class='ocr_line' id='line_1_88' title="bbox 2246 4120 3743 4200; baseline -0.003 -14"><span class='ocrx_word' id='word_1_654' title='bbox 2246 4138 2403 4197; x_wconf 86' lang='lat' dir='ltr'><strong>natie,</strong></span> <span class='ocrx_word' id='word_1_655' title='bbox 2430 4120 2574 4187; x_wconf 85' lang='lat' dir='ltr'><strong>nullo</strong></span> <span class='ocrx_word' id='word_1_656' title='bbox 2604 4126 2994 4187; x_wconf 61' lang='lat' dir='ltr'><strong>contradicente</strong></span> <span class='ocrx_word' id='word_1_657' title='bbox 3014 4173 3029 4197; x_wconf 91' lang='lat'><strong>,</strong></span> <span class='ocrx_word' id='word_1_658' title='bbox 3058 4131 3189 4185; x_wconf 90' lang='lat' dir='ltr'><strong>sicut</strong></span> <span class='ocrx_word' id='word_1_659' title='bbox 3224 4139 3279 4183; x_wconf 88' lang='lat' dir='ltr'><strong>et</strong></span> <span class='ocrx_word' id='word_1_660' title='bbox 3306 4128 3588 4200; x_wconf 84' lang='lat' dir='ltr'><strong>antiquitus</strong></span> <span class='ocrx_word' id='word_1_661' title='bbox 3606 4143 3743 4195; x_wconf 79' lang='lat' dir='ltr'><strong>usque</strong></span> 
     </span>
    </p>
   </div>
   <div class='ocr_carea' id='block_1_89' title="bbox 2245 4219 3743 4290">
    <p class='ocr_par' dir='ltr' id='par_1_89' title="bbox 2245 4219 3743 4290">
     <span class='ocr_line' id='line_1_89' title="bbox 2245 4219 3743 4290; baseline -0.003 -14"><span class='ocrx_word' id='word_1_662' title='bbox 2245 4237 2458 4277; x_wconf 89' lang='lat' dir='ltr'><strong>actenus</strong></span> <span class='ocrx_word' id='word_1_663' title='bbox 2488 4224 2603 4288; x_wconf 79' lang='lat' dir='ltr'><strong>fuit,</strong></span> <span class='ocrx_word' id='word_1_664' title='bbox 2634 4222 2854 4289; x_wconf 85' lang='lat' dir='ltr'><strong>qualiter</strong></span> <span class='ocrx_word' id='word_1_665' title='bbox 2886 4220 2997 4288; x_wconf 82' lang='lat' dir='ltr'><strong>ipse</strong></span> <span class='ocrx_word' id='word_1_666' title='bbox 3026 4220 3326 4273; x_wconf 72' lang='lat' dir='ltr'><strong>Adeodatus</strong></span> <span class='ocrx_word' id='word_1_667' title='bbox 3364 4223 3633 4290; x_wconf 79' lang='lat' dir='ltr'><strong>episeopus</strong></span> <span class='ocrx_word' id='word_1_668' title='bbox 3668 4219 3743 4271; x_wconf 55' lang='lat' dir='ltr'><strong>Sec</strong></span> 
     </span>
    </p>
   </div>
   <div class='ocr_carea' id='block_1_90' title="bbox 2249 4296 3743 4376">
    <p class='ocr_par' dir='ltr' id='par_1_90' title="bbox 2249 4296 3743 4376">
     <span class='ocr_line' id='line_1_90' title="bbox 2249 4296 3743 4376; baseline -0.007 -10"><span class='ocrx_word' id='word_1_669' title='bbox 2249 4296 2424 4367; x_wconf 85' lang='lat' dir='ltr'><strong>nensis</strong></span> <span class='ocrx_word' id='word_1_670' title='bbox 2471 4312 2713 4364; x_wconf 63' lang='lat' dir='ltr'><strong>Ecclesia}</strong></span> <span class='ocrx_word' id='word_1_671' title='bbox 2740 4350 2753 4373; x_wconf 91' lang='lat'><strong>,</strong></span> <span class='ocrx_word' id='word_1_672' title='bbox 2800 4308 3077 4363; x_wconf 81' lang='lat' dir='ltr'><strong>Warnel&#39;iit</strong></span> <span class='ocrx_word' id='word_1_673' title='bbox 3103 4348 3117 4372; x_wconf 90' lang='lat'><strong>,</strong></span> <span class='ocrx_word' id='word_1_674' title='bbox 3162 4318 3216 4362; x_wconf 90' lang='lat' dir='ltr'><strong>et</strong></span> <span class='ocrx_word' id='word_1_675' title='bbox 3260 4309 3506 4376; x_wconf 77' lang='lat' dir='ltr'><strong>Agripert</strong></span> <span class='ocrx_word' id='word_1_676' title='bbox 3538 4306 3743 4361; x_wconf 58' lang='lat' dir='ltr'><strong>Castalis</strong></span> 
     </span>
    </p>
   </div>
   <div class='ocr_carea' id='block_1_91' title="bbox 611 4393 3743 4477">
    <p class='ocr_par' dir='ltr' id='par_1_91' title="bbox 611 4393 3743 4477">
     <span class='ocr_line' id='line_1_91' title="bbox 611 4393 3743 4477; baseline -0.002 -22"><span class='ocrx_word' id='word_1_677' title='bbox 611 4407 739 4455; x_wconf 73' lang='lat' dir='ltr'><strong>lztlm‘.</strong></span> <span class='ocrx_word' id='word_1_678' title='bbox 770 4403 1015 4454; x_wconf 72' lang='lat' dir='ltr'><strong>Ecclesia:</strong></span> <span class='ocrx_word' id='word_1_679' title='bbox 1041 4440 1055 4463; x_wconf 95' lang='lat'><strong>,</strong></span> <span class='ocrx_word' id='word_1_680' title='bbox 1085 4400 1309 4452; x_wconf 76' lang='lat' dir='ltr'><strong>Maximo</strong></span> <span class='ocrx_word' id='word_1_681' title='bbox 1338 4397 1537 4450; x_wconf 70' lang='lat' dir='ltr'><strong>Pisans:</strong></span> <span class='ocrx_word' id='word_1_682' title='bbox 1559 4436 1576 4461; x_wconf 92' lang='lat'><strong>,</strong></span> <span class='ocrx_word' id='word_1_683' title='bbox 1602 4397 1853 4464; x_wconf 83' lang='lat' dir='ltr'><strong>Specioso</strong></span> <span class='ocrx_word' id='word_1_684' title='bbox 1890 4397 2138 4460; x_wconf 74' lang='lat' dir='ltr'><strong>Florenti-</strong></span> <span class='ocrx_word' id='word_1_685' title='bbox 2174 4417 2223 4477; x_wconf 80' lang='grc' dir='ltr'>ι)</span> <span class='ocrx_word' id='word_1_686' title='bbox 2250 4404 2480 4471; x_wconf 79' lang='lat' dir='ltr'><strong>ejusdem</strong></span> <span class='ocrx_word' id='word_1_687' title='bbox 2509 4400 2732 4454; x_wconf 70' lang='lat' dir='ltr'><strong>civitatis</strong></span> <span class='ocrx_word' id='word_1_688' title='bbox 2774 4399 2925 4453; x_wconf 83' lang='lat' dir='ltr'><strong>nobis</strong></span> <span class='ocrx_word' id='word_1_689' title='bbox 2966 4396 3182 4465; x_wconf 82' lang='lat' dir='ltr'><strong>professi</strong></span> <span class='ocrx_word' id='word_1_690' title='bbox 3222 4406 3383 4461; x_wconf 86' lang='lat' dir='ltr'><strong>sunt,</strong></span> <span class='ocrx_word' id='word_1_691' title='bbox 3427 4393 3564 4465; x_wconf 89' lang='lat' dir='ltr'><strong>quod</strong></span> <span class='ocrx_word' id='word_1_692' title='bbox 3604 4405 3698 4448; x_wconf 72' lang='grc' dir='ltr'><strong>ναι</strong></span> <span class='ocrx_word' id='word_1_693' title='bbox 3722 4410 3743 4445; x_wconf 77' lang='grc' dir='ltr'><strong>ι</strong></span> 
     </span>
    </p>
   </div>
   <div class='ocr_carea' id='block_1_92' title="bbox 613 4488 2139 4560">
    <p class='ocr_par' dir='ltr' id='par_1_92' title="bbox 613 4488 2139 4560">
     <span class='ocr_line' id='line_1_92' title="bbox 613 4488 2139 4560; baseline -0.005 -14"><span class='ocrx_word' id='word_1_694' title='bbox 613 4511 711 4554; x_wconf 77' lang='lat' dir='ltr'><strong>me,</strong></span> <span class='ocrx_word' id='word_1_695' title='bbox 745 4504 900 4560; x_wconf 80' lang='lat' dir='ltr'><strong>atque</strong></span> <span class='ocrx_word' id='word_1_696' title='bbox 921 4492 1294 4557; x_wconf 59' lang='lat' dir='ltr'><strong>Talesperiauo</strong></span> <span class='ocrx_word' id='word_1_697' title='bbox 1322 4488 1568 4543; x_wconf 86' lang='lat' dir='ltr'><strong>Lucensis</strong></span> <span class='ocrx_word' id='word_1_698' title='bbox 1591 4488 1831 4541; x_wconf 74' lang='lat' dir='ltr'><strong>Ecclesia:</strong></span> <span class='ocrx_word' id='word_1_699' title='bbox 1861 4489 2139 4555; x_wconf 83' lang='lat' dir='ltr'><strong>episcopo;</strong></span> 
     </span>
    </p>
   </div>
   <div class='ocr_carea' id='block_1_93' title="bbox 614 4577 2143 4647">
    <p class='ocr_par' dir='ltr' id='par_1_93' title="bbox 614 4577 2143 4647">
     <span class='ocr_line' id='line_1_93' title="bbox 614 4577 2143 4647; baseline -0.005 -12"><span class='ocrx_word' id='word_1_700' title='bbox 614 4584 663 4635; x_wconf 90' lang='lat' dir='ltr'><strong>in</strong></span> <span class='ocrx_word' id='word_1_701' title='bbox 695 4596 916 4646; x_wconf 87' lang='lat' dir='ltr'><strong>quorum</strong></span> <span class='ocrx_word' id='word_1_702' title='bbox 950 4577 1229 4647; x_wconf 78' lang='lat' dir='ltr'><strong>presentia,</strong></span> <span class='ocrx_word' id='word_1_703' title='bbox 1262 4589 1317 4631; x_wconf 91' lang='lat' dir='ltr'><strong>ut</strong></span> <span class='ocrx_word' id='word_1_704' title='bbox 1338 4593 1514 4645; x_wconf 85' lang='lat' dir='ltr'><strong>supra,</strong></span> <span class='ocrx_word' id='word_1_705' title='bbox 1544 4578 1935 4640; x_wconf 74' lang='lat' dir='ltr'><strong>altercatimus;</strong></span> <span class='ocrx_word' id='word_1_706' title='bbox 1972 4587 2022 4628; x_wconf 83' lang='lat' dir='ltr'><strong>et</strong></span> <span class='ocrx_word' id='word_1_707' title='bbox 2047 4577 2143 4642; x_wconf 87' lang='lat' dir='ltr'><strong>ipsi</strong></span> 
     </span>
    </p>
   </div>
   <div class='ocr_carea' id='block_1_94' title="bbox 611 4660 2147 4734">
    <p class='ocr_par' dir='ltr' id='par_1_94' title="bbox 611 4660 2147 4734">
     <span class='ocr_line' id='line_1_94' title="bbox 611 4660 2147 4734; baseline -0.004 -13"><span class='ocrx_word' id='word_1_708' title='bbox 611 4670 865 4721; x_wconf 86' lang='lat' dir='ltr'><strong>canonico</strong></span> <span class='ocrx_word' id='word_1_709' title='bbox 897 4668 1081 4722; x_wconf 89' lang='lat' dir='ltr'><strong>ordine</strong></span> <span class='ocrx_word' id='word_1_710' title='bbox 1136 4669 1303 4733; x_wconf 76' lang='lat' dir='ltr'><strong>relata</strong></span> <span class='ocrx_word' id='word_1_711' title='bbox 1355 4666 1721 4734; x_wconf 86' lang='lat' dir='ltr'><strong>inquisitione,</strong></span> <span class='ocrx_word' id='word_1_712' title='bbox 1774 4660 1927 4733; x_wconf 66' lang='lat' dir='ltr'><strong>quam</strong></span> <span class='ocrx_word' id='word_1_713' title='bbox 1956 4666 2147 4717; x_wconf 79' lang='lat' dir='ltr'><strong>missus</strong></span> 
     </span>
    </p>
   </div>
   <div class='ocr_carea' id='block_1_95' title="bbox 615 4755 2141 4822">
    <p class='ocr_par' dir='ltr' id='par_1_95' title="bbox 615 4755 2141 4822">
     <span class='ocr_line' id='line_1_95' title="bbox 615 4755 2141 4822; baseline -0.004 -13"><span class='ocrx_word' id='word_1_714' title='bbox 615 4757 810 4811; x_wconf 90' lang='lat' dir='ltr'><strong>domini</strong></span> <span class='ocrx_word' id='word_1_715' title='bbox 842 4755 1005 4810; x_wconf 82' lang='lat' dir='ltr'><strong>nostri</strong></span> <span class='ocrx_word' id='word_1_716' title='bbox 1032 4756 1259 4822; x_wconf 77' lang='lat' dir='ltr'><strong>fecerat,</strong></span> <span class='ocrx_word' id='word_1_717' title='bbox 1289 4755 1569 4809; x_wconf 87' lang='lat' dir='ltr'><strong>terminum</strong></span> <span class='ocrx_word' id='word_1_718' title='bbox 1600 4762 1919 4819; x_wconf 84' lang='lat' dir='ltr'><strong>posuerunt,</strong></span> <span class='ocrx_word' id='word_1_719' title='bbox 1948 4762 1999 4807; x_wconf 91' lang='lat' dir='ltr'><strong>et</strong></span> <span class='ocrx_word' id='word_1_720' title='bbox 2025 4766 2141 4805; x_wconf 86' lang='lat' dir='ltr'><strong>cum</strong></span> 
     </span>
    </p>
   </div>
   <div class='ocr_carea' id='block_1_96' title="bbox 612 4838 2148 4911">
    <p class='ocr_par' dir='ltr' id='par_1_96' title="bbox 612 4838 2148 4911">
     <span class='ocr_line' id='line_1_96' title="bbox 612 4838 2148 4911; baseline -0.003 -15"><span class='ocrx_word' id='word_1_721' title='bbox 612 4859 701 4897; x_wconf 80' lang='lat' dir='ltr'><strong>sex</strong></span> <span class='ocrx_word' id='word_1_722' title='bbox 736 4843 1050 4911; x_wconf 69' lang='lat' dir='ltr'><strong>presbiteres</strong></span> <span class='ocrx_word' id='word_1_723' title='bbox 1080 4857 1223 4897; x_wconf 84' lang='lat' dir='ltr'><strong>meos</strong></span> <span class='ocrx_word' id='word_1_724' title='bbox 1247 4842 1337 4896; x_wconf 90' lang='lat' dir='ltr'><strong>tibi</strong></span> <span class='ocrx_word' id='word_1_725' title='bbox 1366 4851 1747 4896; x_wconf 82' lang='lat' dir='ltr'><strong>sacramentum</strong></span> <span class='ocrx_word' id='word_1_726' title='bbox 1779 4842 1979 4907; x_wconf 88' lang='lat' dir='ltr'><strong>prebui,</strong></span> <span class='ocrx_word' id='word_1_727' title='bbox 2008 4838 2148 4908; x_wconf 86' lang='lat' dir='ltr'><strong>quod</strong></span> 
     </span>
    </p>
   </div>
   <div class='ocr_carea' id='block_1_97' title="bbox 615 4932 2150 4999">
    <p class='ocr_par' dir='ltr' id='par_1_97' title="bbox 615 4932 2150 4999">
     <span class='ocr_line' id='line_1_97' title="bbox 615 4932 2150 4999; baseline 0.003 -14"><span class='ocrx_word' id='word_1_728' title='bbox 615 4937 726 4999; x_wconf 69' lang='lat' dir='ltr'><strong>ipsa</strong></span> <span class='ocrx_word' id='word_1_729' title='bbox 756 4934 981 4987; x_wconf 89' lang='lat' dir='ltr'><strong>diocesis</strong></span> <span class='ocrx_word' id='word_1_730' title='bbox 1001 4933 1237 4994; x_wconf 67' lang='lat' dir='ltr'><strong>ecclesiae</strong></span> <span class='ocrx_word' id='word_1_731' title='bbox 1259 4947 1377 4985; x_wconf 89' lang='lat' dir='ltr'><strong>cum</strong></span> <span class='ocrx_word' id='word_1_732' title='bbox 1400 4932 1728 4986; x_wconf 78' lang='lat' dir='ltr'><strong>monasteriis</strong></span> <span class='ocrx_word' id='word_1_733' title='bbox 1750 4941 1904 4999; x_wconf 87' lang='lat' dir='ltr'><strong>atque</strong></span> <span class='ocrx_word' id='word_1_734' title='bbox 1927 4935 2150 4989; x_wconf 85' lang='lat' dir='ltr'><strong>oraculis</strong></span> 
     </span>
    </p>
   </div>
   <div class='ocr_carea' id='block_1_98' title="bbox 615 5021 2148 5091">
    <p class='ocr_par' dir='ltr' id='par_1_98' title="bbox 615 5021 2148 5091">
     <span class='ocr_line' id='line_1_98' title="bbox 615 5021 2148 5091; baseline 0.002 -17"><span class='ocrx_word' id='word_1_735' title='bbox 615 5024 723 5075; x_wconf 74' lang='lat' dir='ltr'><strong>suis</strong></span> <span class='ocrx_word' id='word_1_736' title='bbox 762 5021 968 5091; x_wconf 79' lang='lat' dir='ltr'><strong>semper</strong></span> <span class='ocrx_word' id='word_1_737' title='bbox 1013 5023 1076 5075; x_wconf 90' lang='lat' dir='ltr'><strong>ad</strong></span> <span class='ocrx_word' id='word_1_738' title='bbox 1128 5024 1261 5076; x_wconf 85' lang='lat' dir='ltr'><strong>beati</strong></span> <span class='ocrx_word' id='word_1_739' title='bbox 1307 5022 1493 5076; x_wconf 89' lang='lat' dir='ltr'><strong>Donati</strong></span> <span class='ocrx_word' id='word_1_740' title='bbox 1536 5023 1920 5089; x_wconf 88' lang='lat' dir='ltr'><strong>pertenuissent</strong></span> <span class='ocrx_word' id='word_1_741' title='bbox 1950 5026 2148 5090; x_wconf 80' lang='lat' dir='ltr'><strong>sedem,</strong></span> 
     </span>
    </p>
   </div>
   <div class='ocr_carea' id='block_1_99' title="bbox 620 5113 1767 5180">
    <p class='ocr_par' dir='ltr' id='par_1_99' title="bbox 620 5113 1767 5180">
     <span class='ocr_line' id='line_1_99' title="bbox 620 5113 1767 5180; baseline 0.002 -17"><span class='ocrx_word' id='word_1_742' title='bbox 620 5126 715 5163; x_wconf 87' lang='lat' dir='ltr'><strong>ncc</strong></span> <span class='ocrx_word' id='word_1_743' title='bbox 744 5126 835 5178; x_wconf 88' lang='lat' dir='ltr'><strong>per</strong></span> <span class='ocrx_word' id='word_1_744' title='bbox 866 5114 1032 5178; x_wconf 72' lang='lat' dir='ltr'><strong>legem</strong></span> <span class='ocrx_word' id='word_1_745' title='bbox 1064 5128 1153 5166; x_wconf 85' lang='lat' dir='ltr'><strong>eas</strong></span> <span class='ocrx_word' id='word_1_746' title='bbox 1185 5113 1403 5180; x_wconf 88' lang='lat' dir='ltr'><strong>perdere</strong></span> <span class='ocrx_word' id='word_1_747' title='bbox 1440 5113 1767 5176; x_wconf 81' lang='lat' dir='ltr'><strong>deberemus.</strong></span> 
     </span>
    </p>
   </div>
   <div class='ocr_carea' id='block_1_100' title="bbox 2248 4484 3746 4556">
    <p class='ocr_par' dir='ltr' id='par_1_100' title="bbox 2248 4484 3746 4556">
     <span class='ocr_line' id='line_1_100' title="bbox 2248 4484 3746 4556; baseline -0.005 -10"><span class='ocrx_word' id='word_1_748' title='bbox 2248 4492 2523 4546; x_wconf 83' lang='lat' dir='ltr'><strong>mansisset</strong></span> <span class='ocrx_word' id='word_1_749' title='bbox 2551 4502 2762 4556; x_wconf 86' lang='lat' dir='ltr'><strong>semper</strong></span> <span class='ocrx_word' id='word_1_750' title='bbox 2792 4489 3070 4556; x_wconf 87' lang='lat' dir='ltr'><strong>possessio.</strong></span> <span class='ocrx_word' id='word_1_751' title='bbox 3097 4486 3244 4541; x_wconf 88' lang='lat' dir='ltr'><strong>Unde</strong></span> <span class='ocrx_word' id='word_1_752' title='bbox 3271 4498 3322 4540; x_wconf 91' lang='lat' dir='ltr'><strong>et</strong></span> <span class='ocrx_word' id='word_1_753' title='bbox 3347 4486 3530 4540; x_wconf 84' lang='lat' dir='ltr'><strong>damus</strong></span> <span class='ocrx_word' id='word_1_754' title='bbox 3555 4484 3606 4541; x_wconf 80' lang='lat' dir='ltr'><strong>ia</strong></span> <span class='ocrx_word' id='word_1_755' title='bbox 3628 4499 3746 4547; x_wconf 75' lang='lat' dir='ltr'><strong>mtt-</strong></span> 
     </span>
    </p>
   </div>
   <div class='ocr_carea' id='block_1_101' title="bbox 2247 4572 3745 4653">
    <p class='ocr_par' dir='ltr' id='par_1_101' title="bbox 2247 4572 3745 4653">
     <span class='ocr_line' id='line_1_101' title="bbox 2247 4572 3745 4653; baseline -0.008 -17"><span class='ocrx_word' id='word_1_756' title='bbox 2247 4585 2378 4636; x_wconf 84' lang='lat' dir='ltr'><strong>datis</strong></span> <span class='ocrx_word' id='word_1_757' title='bbox 2406 4581 2606 4653; x_wconf 83' lang='lat' dir='ltr'><strong>cunctis</strong></span> <span class='ocrx_word' id='word_1_758' title='bbox 2642 4578 2902 4647; x_wconf 80' lang='lat' dir='ltr'><strong>judicibus</strong></span> <span class='ocrx_word' id='word_1_759' title='bbox 2931 4588 2986 4632; x_wconf 88' lang='lat' dir='ltr'><strong>et</strong></span> <span class='ocrx_word' id='word_1_760' title='bbox 3019 4576 3260 4647; x_wconf 79' lang='lat' dir='ltr'><strong>gentibus</strong></span> <span class='ocrx_word' id='word_1_761' title='bbox 3280 4615 3295 4641; x_wconf 87' lang='lat'><strong>,</strong></span> <span class='ocrx_word' id='word_1_762' title='bbox 3326 4584 3487 4643; x_wconf 68' lang='lat' dir='ltr'><strong>atque</strong></span> <span class='ocrx_word' id='word_1_763' title='bbox 3512 4576 3605 4629; x_wconf 80' lang='lat' dir='ltr'><strong>sub</strong></span> <span class='ocrx_word' id='word_1_764' title='bbox 3628 4572 3745 4642; x_wconf 63' lang='lat' dir='ltr'><strong>regni</strong></span> 
     </span>
    </p>
   </div>
   <div class='ocr_carea' id='block_1_102' title="bbox 2251 4652 3746 4740">
    <p class='ocr_par' dir='ltr' id='par_1_102' title="bbox 2251 4652 3746 4740">
     <span class='ocr_line' id='line_1_102' title="bbox 2251 4652 3746 4740; baseline -0.003 -15"><span class='ocrx_word' id='word_1_765' title='bbox 2251 4675 2413 4726; x_wconf 74' lang='lat' dir='ltr'><strong>nostri</strong></span> <span class='ocrx_word' id='word_1_766' title='bbox 2444 4652 2671 4725; x_wconf 88' lang='lat' dir='ltr'><strong>dictione</strong></span> <span class='ocrx_word' id='word_1_767' title='bbox 2700 4671 3078 4740; x_wconf 83' lang='lat' dir='ltr'><strong>pertinentibus</strong></span> <span class='ocrx_word' id='word_1_768' title='bbox 3097 4707 3127 4735; x_wconf 22' lang='grc' dir='ltr'><strong>,η</strong></span> <span class='ocrx_word' id='word_1_769' title='bbox 3152 4680 3209 4723; x_wconf 85' lang='grc' dir='ltr'><strong>ιιι</strong></span> <span class='ocrx_word' id='word_1_770' title='bbox 3248 4668 3425 4722; x_wconf 85' lang='lat' dir='ltr'><strong>nullus</strong></span> <span class='ocrx_word' id='word_1_771' title='bbox 3452 4652 3623 4723; x_wconf 63' lang='lat' dir='ltr'><strong>eorum</strong></span> <span class='ocrx_word' id='word_1_772' title='bbox 3646 4679 3746 4720; x_wconf 77' lang='lat' dir='ltr'><strong>elli-</strong></span> 
     </span>
    </p>
   </div>
   <div class='ocr_carea' id='block_1_103' title="bbox 2257 4754 3749 4840">
    <p class='ocr_par' dir='ltr' id='par_1_103' title="bbox 2257 4754 3749 4840">
     <span class='ocr_line' id='line_1_103' title="bbox 2257 4754 3749 4840; baseline -0.004 -21"><span class='ocrx_word' id='word_1_773' title='bbox 2257 4776 2333 4819; x_wconf 86' lang='lat' dir='ltr'><strong>tra</strong></span> <span class='ocrx_word' id='word_1_774' title='bbox 2365 4760 2477 4840; x_wconf 37' lang='lat' dir='ltr'><strong>hoc,</strong></span> <span class='ocrx_word' id='word_1_775' title='bbox 2494 4779 2730 4819; x_wconf 89' lang='lat' dir='ltr'><strong>nostrum</strong></span> <span class='ocrx_word' id='word_1_776' title='bbox 2757 4754 3109 4833; x_wconf 54' lang='lat' dir='ltr'><strong>dc‘ju&#39;dicatum</strong></span> <span class='ocrx_word' id='word_1_777' title='bbox 3140 4761 3329 4816; x_wconf 83' lang='lat' dir='ltr'><strong>audeat</strong></span> <span class='ocrx_word' id='word_1_778' title='bbox 3369 4762 3447 4818; x_wconf 84' lang='lat' dir='ltr'><strong>ire</strong></span> <span class='ocrx_word' id='word_1_779' title='bbox 3480 4756 3749 4829; x_wconf 51' lang='lat' dir='ltr'><strong>quod”!</strong></span> 
     </span>
    </p>
   </div>
   <div class='ocr_carea' id='block_1_104' title="bbox 2252 4840 3749 4923">
    <p class='ocr_par' dir='ltr' id='par_1_104' title="bbox 2252 4840 3749 4923">
     <span class='ocr_line' id='line_1_104' title="bbox 2252 4840 3749 4923; baseline -0.001 -17"><span class='ocrx_word' id='word_1_780' title='bbox 2252 4866 2565 4923; x_wconf 64' lang='lat' dir='ltr'><strong>praeceptum</strong></span> <span class='ocrx_word' id='word_1_781' title='bbox 2596 4873 2607 4906; x_wconf 85' lang='lat'><strong>:</strong></span> <span class='ocrx_word' id='word_1_782' title='bbox 2638 4854 2731 4907; x_wconf 85' lang='lat' dir='ltr'><strong>sed</strong></span> <span class='ocrx_word' id='word_1_783' title='bbox 2765 4854 2979 4915; x_wconf 87' lang='lat' dir='ltr'><strong>nostris,</strong></span> <span class='ocrx_word' id='word_1_784' title='bbox 3009 4850 3297 4921; x_wconf 73' lang='lat' dir='ltr'><strong>perpetuis,</strong></span> <span class='ocrx_word' id='word_1_785' title='bbox 3330 4861 3389 4906; x_wconf 84' lang='lat' dir='ltr'><strong>et</strong></span> <span class='ocrx_word' id='word_1_786' title='bbox 3423 4848 3632 4906; x_wconf 69' lang='lat' dir='ltr'><strong>inﬁnitis</strong></span> <span class='ocrx_word' id='word_1_787' title='bbox 3652 4840 3749 4916; x_wconf 62' lang='lat' dir='ltr'><strong>pto-</strong></span> 
     </span>
    </p>
   </div>
   <div class='ocr_carea' id='block_1_105' title="bbox 2253 4928 3722 5009">
    <p class='ocr_par' dir='ltr' id='par_1_105' title="bbox 2253 4928 3722 5009">
     <span class='ocr_line' id='line_1_105' title="bbox 2253 4928 3722 5009; baseline -0.005 -14"><span class='ocrx_word' id='word_1_788' title='bbox 2253 4940 2374 4995; x_wconf 86' lang='lat' dir='ltr'><strong>sens</strong></span> <span class='ocrx_word' id='word_1_789' title='bbox 2404 4942 2581 4995; x_wconf 68' lang='lat' dir='ltr'><strong>unstEr</strong></span> <span class='ocrx_word' id='word_1_790' title='bbox 2605 4941 2869 5009; x_wconf 82' lang='lat' dir='ltr'><strong>judicatus</strong></span> <span class='ocrx_word' id='word_1_791' title='bbox 2894 4940 3099 4994; x_wconf 84' lang='lat' dir='ltr'><strong>stabilis</strong></span> <span class='ocrx_word' id='word_1_792' title='bbox 3129 4940 3384 5008; x_wconf 81' lang='lat' dir='ltr'><strong>persistat</strong></span> <span class='ocrx_word' id='word_1_793' title='bbox 3411 4928 3722 5004; x_wconf 61' lang='lat' dir='ltr'><strong>temporibus.</strong></span> 
     </span>
    </p>
   </div>
   <div class='ocr_carea' id='block_1_106' title="bbox 2324 5024 3750 5100">
    <p class='ocr_par' dir='ltr' id='par_1_106' title="bbox 2324 5024 3750 5100">
     <span class='ocr_line' id='line_1_106' title="bbox 2324 5024 3750 5100; baseline -0.006 -17"><span class='ocrx_word' id='word_1_794' title='bbox 2324 5030 2585 5083; x_wconf 74' lang='lat' dir='ltr'><strong>Ex-dicto</strong></span> <span class='ocrx_word' id='word_1_795' title='bbox 2628 5032 2803 5084; x_wconf 91' lang='lat' dir='ltr'><strong>demni</strong></span> <span class='ocrx_word' id='word_1_796' title='bbox 2850 5029 2985 5100; x_wconf 72' lang='lat' dir='ltr'><strong>regis</strong></span> <span class='ocrx_word' id='word_1_797' title='bbox 3028 5046 3120 5099; x_wconf 89' lang='lat' dir='ltr'><strong>per</strong></span> <span class='ocrx_word' id='word_1_798' title='bbox 3141 5029 3406 5082; x_wconf 79' lang='lat' dir='ltr'><strong>Senonem</strong></span> <span class='ocrx_word' id='word_1_799' title='bbox 3435 5026 3669 5082; x_wconf 65' lang='lat' dir='ltr'><strong>illustrem</strong></span> <span class='ocrx_word' id='word_1_800' title='bbox 3690 5024 3750 5075; x_wconf 78' lang='lat' dir='ltr'><strong>ri-</strong></span> 
     </span>
    </p>
   </div>
   <div class='ocr_carea' id='block_1_107' title="bbox 2258 5118 3289 5187">
    <p class='ocr_par' dir='ltr' id='par_1_107' title="bbox 2258 5118 3289 5187">
     <span class='ocr_line' id='line_1_107' title="bbox 2258 5118 3289 5187; baseline -0.003 -15"><span class='ocrx_word' id='word_1_801' title='bbox 2258 5135 2373 5173; x_wconf 89' lang='lat' dir='ltr'><strong>rom</strong></span> <span class='ocrx_word' id='word_1_802' title='bbox 2401 5120 2585 5185; x_wconf 75' lang='lat' dir='ltr'><strong>smipsi</strong></span> <span class='ocrx_word' id='word_1_803' title='bbox 2617 5134 2714 5187; x_wconf 71' lang='lat' dir='ltr'><strong>ego</strong></span> <span class='ocrx_word' id='word_1_804' title='bbox 2735 5118 3004 5175; x_wconf 81' lang='lat' dir='ltr'><strong>Jobaunes</strong></span> <span class='ocrx_word' id='word_1_805' title='bbox 3035 5118 3289 5172; x_wconf 86' lang='lat' dir='ltr'><strong>netarius.</strong></span> 
     </span>
    </p>
   </div>
   <div class='ocr_carea' id='block_1_108' title="bbox 691 5186 2154 5283">
    <p class='ocr_par' dir='ltr' id='par_1_108' title="bbox 691 5186 2154 5283">
     <span class='ocr_line' id='line_1_108' title="bbox 691 5186 2154 5283; baseline 0.002 -30"><span class='ocrx_word' id='word_1_806' title='bbox 691 5202 835 5255; x_wconf 83' lang='lat' dir='ltr'><strong>Tunc</strong></span> <span class='ocrx_word' id='word_1_807' title='bbox 858 5213 1031 5255; x_wconf 82' lang='lat' dir='ltr'><strong>nostra</strong></span> <span class='ocrx_word' id='word_1_808' title='bbox 1066 5204 1374 5283; x_wconf 64' lang='lat' dir='ltr'><strong>excellentia</strong></span> <span class='ocrx_word' id='word_1_809' title='bbox 1417 5217 1518 5257; x_wconf 83' lang='lat' dir='ltr'><strong>una</strong></span> <span class='ocrx_word' id='word_1_810' title='bbox 1547 5218 1663 5255; x_wconf 86' lang='lat' dir='ltr'><strong>cum</strong></span> <span class='ocrx_word' id='word_1_811' title='bbox 1693 5186 2000 5257; x_wconf 73' lang='lat' dir='ltr'><strong>venerandis</strong></span> <span class='ocrx_word' id='word_1_812' title='bbox 2034 5204 2154 5256; x_wconf 87' lang='lat' dir='ltr'><strong>v:ris</strong></span> 
     </span>
    </p>
   </div>
   <div class='ocr_carea' id='block_1_109' title="bbox 620 5292 2153 5359">
    <p class='ocr_par' dir='ltr' id='par_1_109' title="bbox 620 5292 2153 5359">
     <span class='ocr_line' id='line_1_109' title="bbox 620 5292 2153 5359; baseline 0.002 -15"><span class='ocrx_word' id='word_1_813' title='bbox 620 5292 897 5346; x_wconf 76' lang='lat' dir='ltr'><strong>Theodoro</strong></span> <span class='ocrx_word' id='word_1_814' title='bbox 924 5292 1172 5359; x_wconf 81' lang='lat' dir='ltr'><strong>episcopo</strong></span> <span class='ocrx_word' id='word_1_815' title='bbox 1202 5295 1357 5345; x_wconf 77' lang='lat' dir='ltr'><strong>castri</strong></span> <span class='ocrx_word' id='word_1_816' title='bbox 1388 5293 1572 5355; x_wconf 85' lang='lat' dir='ltr'><strong>nostri,</strong></span> <span class='ocrx_word' id='word_1_817' title='bbox 1598 5302 1648 5346; x_wconf 91' lang='lat' dir='ltr'><strong>et</strong></span> <span class='ocrx_word' id='word_1_818' title='bbox 1679 5293 1917 5347; x_wconf 83' lang='lat' dir='ltr'><strong>Emuline</strong></span> <span class='ocrx_word' id='word_1_819' title='bbox 1944 5294 2153 5357; x_wconf 81' lang='lat' dir='ltr'><strong>abbate,</strong></span> 
     </span>
    </p>
   </div>
   <div class='ocr_carea' id='block_1_110' title="bbox 619 5384 2159 5459">
    <p class='ocr_par' dir='ltr' id='par_1_110' title="bbox 619 5384 2159 5459">
     <span class='ocr_line' id='line_1_110' title="bbox 619 5384 2159 5459; baseline 0.003 -24"><span class='ocrx_word' id='word_1_820' title='bbox 619 5395 773 5450; x_wconf 85' lang='lat' dir='ltr'><strong>atque</strong></span> <span class='ocrx_word' id='word_1_821' title='bbox 802 5384 1044 5459; x_wconf 73' lang='lat' dir='ltr'><strong>Seigucl,</strong></span> <span class='ocrx_word' id='word_1_822' title='bbox 1096 5384 1283 5435; x_wconf 73' lang='lat' dir='ltr'><strong>Alblno</strong></span> <span class='ocrx_word' id='word_1_823' title='bbox 1332 5385 1664 5450; x_wconf 89' lang='lat' dir='ltr'><strong>presbiteris,</strong></span> <span class='ocrx_word' id='word_1_824' title='bbox 1702 5384 2159 5439; x_wconf 78' lang='lat' dir='ltr'><strong>necnonillustrcs</strong></span> 
     </span>
    </p>
   </div>
   <div class='ocr_carea' id='block_1_111' title="bbox 618 5460 2158 5537">
    <p class='ocr_par' dir='ltr' id='par_1_111' title="bbox 618 5460 2158 5537">
     <span class='ocr_line' id='line_1_111' title="bbox 618 5460 2158 5537; baseline 0.002 -17"><span class='ocrx_word' id='word_1_825' title='bbox 618 5473 821 5537; x_wconf 70' lang='lat' dir='ltr'><strong>juilires</strong></span> <span class='ocrx_word' id='word_1_826' title='bbox 854 5472 1173 5536; x_wconf 80' lang='lat' dir='ltr'><strong>nostris,qui</strong></span> <span class='ocrx_word' id='word_1_827' title='bbox 1197 5474 1461 5525; x_wconf 79' lang='lat' dir='ltr'><strong>lmblSCUln</strong></span> <span class='ocrx_word' id='word_1_828' title='bbox 1490 5460 1724 5531; x_wconf 71' lang='lat' dir='ltr'><strong>adet’ant,</strong></span> <span class='ocrx_word' id='word_1_829' title='bbox 1754 5470 1801 5523; x_wconf 92' lang='lat' dir='ltr'><strong>id</strong></span> <span class='ocrx_word' id='word_1_830' title='bbox 1820 5480 1900 5524; x_wconf 80' lang='lat' dir='ltr'><strong>est</strong></span> <span class='ocrx_word' id='word_1_831' title='bbox 1926 5472 2158 5525; x_wconf 80' lang='lat' dir='ltr'><strong>Auduald</strong></span> 
     </span>
    </p>
   </div>
   <div class='ocr_carea' id='block_1_112' title="bbox 623 5558 2158 5627">
    <p class='ocr_par' dir='ltr' id='par_1_112' title="bbox 623 5558 2158 5627">
     <span class='ocr_line' id='line_1_112' title="bbox 623 5558 2158 5627; baseline 0.004 -17"><span class='ocrx_word' id='word_1_832' title='bbox 623 5566 829 5622; x_wconf 79' lang='lat' dir='ltr'><strong>ducent,</strong></span> <span class='ocrx_word' id='word_1_833' title='bbox 878 5560 1160 5627; x_wconf 78' lang='lat' dir='ltr'><strong>Guiduald,</strong></span> <span class='ocrx_word' id='word_1_834' title='bbox 1206 5572 1254 5614; x_wconf 87' lang='lat' dir='ltr'><strong>et</strong></span> <span class='ocrx_word' id='word_1_835' title='bbox 1297 5558 1618 5627; x_wconf 78' lang='lat' dir='ltr'><strong>Gajndualil,</strong></span> <span class='ocrx_word' id='word_1_836' title='bbox 1670 5561 1946 5625; x_wconf 84' lang='lat' dir='ltr'><strong>Lattdoari,</strong></span> <span class='ocrx_word' id='word_1_837' title='bbox 1976 5560 2158 5626; x_wconf 78' lang='lat' dir='ltr'><strong>Aulus,</strong></span> 
     </span>
    </p>
   </div>
   <div class='ocr_carea' id='block_1_113' title="bbox 627 5653 2161 5721">
    <p class='ocr_par' dir='ltr' id='par_1_113' title="bbox 627 5653 2161 5721">
     <span class='ocr_line' id='line_1_113' title="bbox 627 5653 2161 5721; baseline 0.005 -18"><span class='ocrx_word' id='word_1_838' title='bbox 627 5658 683 5703; x_wconf 89' lang='lat' dir='ltr'><strong>et</strong></span> <span class='ocrx_word' id='word_1_839' title='bbox 708 5654 869 5705; x_wconf 70' lang='lat' dir='ltr'><strong>.tutrit</strong></span> <span class='ocrx_word' id='word_1_840' title='bbox 900 5653 1178 5719; x_wconf 60' lang='lat' dir='ltr'><strong>Stratonis,</strong></span> <span class='ocrx_word' id='word_1_841' title='bbox 1213 5655 1494 5721; x_wconf 76' lang='lat' dir='ltr'><strong>Senonem,</strong></span> <span class='ocrx_word' id='word_1_842' title='bbox 1529 5654 1745 5721; x_wconf 76' lang='lat' dir='ltr'><strong>Rotlrit,</strong></span> <span class='ocrx_word' id='word_1_843' title='bbox 1777 5664 1827 5707; x_wconf 79' lang='lat' dir='ltr'><strong>ct</strong></span> <span class='ocrx_word' id='word_1_844' title='bbox 1858 5654 2161 5711; x_wconf 80' lang='lat' dir='ltr'><strong>Ratbcrium</strong></span> 
     </span>
    </p>
   </div>
   <div class='ocr_carea' id='block_1_114' title="bbox 2256 5283 3752 5351">
    <p class='ocr_par' dir='ltr' id='par_1_114' title="bbox 2256 5283 3752 5351">
     <span class='ocr_line' id='line_1_114' title="bbox 2256 5283 3752 5351; baseline -0.005 -3"><span class='ocrx_word' id='word_1_845' title='bbox 2256 5294 2551 5348; x_wconf 70' lang='lat' dir='ltr'><strong>Iudicatth</strong></span> <span class='ocrx_word' id='word_1_846' title='bbox 2581 5294 2775 5347; x_wconf 74' lang='lat' dir='ltr'><strong>Ultt&#39;ani</strong></span> <span class='ocrx_word' id='word_1_847' title='bbox 2799 5296 2982 5346; x_wconf 79' lang='lat' dir='ltr'><strong>notarii</strong></span> <span class='ocrx_word' id='word_1_848' title='bbox 3019 5288 3078 5345; x_wconf 63' lang='lat' dir='ltr'><strong>ne</strong></span> <span class='ocrx_word' id='word_1_849' title='bbox 3113 5293 3251 5346; x_wconf 77' lang='lat' dir='ltr'><strong>missi</strong></span> <span class='ocrx_word' id='word_1_850' title='bbox 3275 5286 3574 5351; x_wconf 57' lang='lat' dir='ltr'><strong>Limyren“</strong></span> 
     </span>
    </p>
   </div>
   <div class='ocr_carea' id='block_1_115' title="bbox 2328 5350 3753 5480">
    <p class='ocr_par' dir='ltr' id='par_1_115' title="bbox 2328 5350 3753 5480">
     <span class='ocr_line' id='line_1_115' title="bbox 2328 5350 3753 5480; baseline -0.004 -64"><span class='ocrx_word' id='word_1_851' title='bbox 2328 5366 2596 5416; x_wconf 83' lang='lat' dir='ltr'><strong>bardorum</strong></span> <span class='ocrx_word' id='word_1_852' title='bbox 2621 5367 2770 5431; x_wconf 71' lang='lat' dir='ltr'><strong>regis.</strong></span> <span class='ocrx_word' id='word_1_853' title='bbox 2804 5361 3022 5427; x_wconf 76' lang='lat' dir='ltr'><strong>Spcriosi</strong></span> <span class='ocrx_word' id='word_1_854' title='bbox 3047 5363 3284 5427; x_wconf 66' lang='grc' dir='ltr'><strong>(μὶδεομὶ,</strong></span> <span class='ocrx_word' id='word_1_855' title='bbox 3310 5373 3357 5415; x_wconf 80' lang='lat' dir='ltr'><strong>et</strong></span> <span class='ocrx_word' id='word_1_856' title='bbox 3384 5350 3623 5480; x_wconf 46' lang='grc' dir='ltr'><strong>(γαΐα-11</strong></span> <span class='ocrx_word' id='word_1_857' title='bbox 3642 5350 3753 5407; x_wconf 59' lang='grc' dir='ltr'>Μ</span> 
     </span>
     <span class='ocr_line' id='line_1_116' title="bbox 2331 5423 3753 5480; baseline 0 0"><span class='ocrx_word' id='word_1_858' title='bbox 2331 5432 2567 5480; x_wconf 78' lang='lat' dir='ltr'><strong>Lucensis</strong></span> <span class='ocrx_word' id='word_1_859' title='bbox 2591 5474 2604 5480; x_wconf 88' lang='lat'><strong>-</strong></span> <span class='ocrx_word' id='word_1_860' title='bbox 2644 5434 2696 5480; x_wconf 81' lang='lat' dir='ltr'><strong>in</strong></span> <span class='ocrx_word' id='word_1_861' title='bbox 2732 5431 3066 5480; x_wconf 57' lang='lat' dir='ltr'><strong>controuersia</strong></span> <span class='ocrx_word' id='word_1_862' title='bbox 3102 5431 3294 5480; x_wconf 72' lang='lat' dir='ltr'><strong>auitam</strong></span> <span class='ocrx_word' id='word_1_863' title='bbox 3332 5432 3463 5480; x_wconf 75' lang='lat' dir='ltr'><strong>inter</strong></span> <span class='ocrx_word' id='word_1_864' title='bbox 3532 5423 3753 5480; x_wconf 61' lang='grc' dir='ltr'>δὲικάο</span> 
     </span>
    </p>
   </div>
   <div class='ocr_carea' id='block_1_116' title="bbox 2330 5423 3754 5500">
    <p class='ocr_par' dir='ltr' id='par_1_116' title="bbox 2330 5423 3754 5500">
     <span class='ocr_line' id='line_1_117' title="bbox 2330 5423 3754 5500; baseline -0.004 -16"><span class='ocrx_word' id='word_1_865' title='bbox 2330 5432 2567 5485; x_wconf 80' lang='lat' dir='ltr'><strong>Lucensis</strong></span> <span class='ocrx_word' id='word_1_866' title='bbox 2591 5474 2605 5495; x_wconf 89' lang='lat'><strong>,</strong></span> <span class='ocrx_word' id='word_1_867' title='bbox 2644 5423 2696 5483; x_wconf 66' lang='lat' dir='ltr'><strong>in</strong></span> <span class='ocrx_word' id='word_1_868' title='bbox 2732 5423 3294 5500; x_wconf 56' lang='lat' dir='ltr'><strong>conn-mnia&#39;agnnm</strong></span> <span class='ocrx_word' id='word_1_869' title='bbox 3332 5432 3463 5485; x_wconf 76' lang='lat' dir='ltr'><strong>inter</strong></span> 
     </span>
    </p>
   </div>
   <div class='ocr_carea' id='block_1_117' title="bbox 2330 5494 3756 5568">
    <p class='ocr_par' dir='ltr' id='par_1_117' title="bbox 2330 5494 3756 5568">
     <span class='ocr_line' id='line_1_118' title="bbox 2330 5494 3756 5568; baseline -0.002 -15"><span class='ocrx_word' id='word_1_870' title='bbox 2330 5518 2450 5553; x_wconf 81' lang='lat' dir='ltr'><strong>nunt</strong></span> <span class='ocrx_word' id='word_1_871' title='bbox 2478 5494 2761 5568; x_wconf 63' lang='lat' dir='ltr'><strong>episeopum</strong></span> <span class='ocrx_word' id='word_1_872' title='bbox 2800 5500 3066 5551; x_wconf 79' lang='lat' dir='ltr'><strong>Lucenscm</strong></span> <span class='ocrx_word' id='word_1_873' title='bbox 3086 5541 3098 5559; x_wconf 87' lang='lat'><strong>,</strong></span> <span class='ocrx_word' id='word_1_874' title='bbox 3129 5494 3173 5552; x_wconf 65' lang='lat' dir='ltr'><strong>ei</strong></span> <span class='ocrx_word' id='word_1_875' title='bbox 3201 5498 3489 5551; x_wconf 67' lang='lat' dir='ltr'><strong>lulianum!</strong></span> <span class='ocrx_word' id='word_1_876' title='bbox 3509 5494 3756 5563; x_wconf 63' lang='grc' dir='ltr'><strong>ϐρίθων.</strong></span> 
     </span>
    </p>
   </div>
   <div class='ocr_carea' id='block_1_118' title="bbox 2332 5568 3041 5635">
    <p class='ocr_par' dir='ltr' id='par_1_118' title="bbox 2332 5568 3041 5635">
     <span class='ocr_line' id='line_1_119' title="bbox 2332 5568 3041 5635; baseline 0 -15"><span class='ocrx_word' id='word_1_877' title='bbox 2332 5569 2689 5622; x_wconf 79' lang='lat' dir='ltr'><strong>Pistoriensem</strong></span> <span class='ocrx_word' id='word_1_878' title='bbox 2712 5572 2863 5635; x_wconf 83' lang='lat' dir='ltr'><strong>(anno</strong></span> <span class='ocrx_word' id='word_1_879' title='bbox 2894 5568 2920 5618; x_wconf 82' lang='lat'><strong>7</strong></span> <span class='ocrx_word' id='word_1_880' title='bbox 2936 5570 3041 5632; x_wconf 77' lang='lat' dir='ltr'><strong>lli).</strong></span> 
     </span>
    </p>
   </div>
   <div class='ocr_carea' id='block_1_119' title="bbox 2337 5647 3757 5726">
    <p class='ocr_par' dir='ltr' id='par_1_119' title="bbox 2337 5647 3757 5726">
     <span class='ocr_line' id='line_1_120' title="bbox 2337 5647 3757 5726; baseline -0.006 -13"><span class='ocrx_word' id='word_1_881' title='bbox 2337 5661 2465 5714; x_wconf 88' lang='lat' dir='ltr'><strong>Dum</strong></span> <span class='ocrx_word' id='word_1_882' title='bbox 2512 5674 2575 5713; x_wconf 83' lang='lat' dir='ltr'><strong>cx</strong></span> <span class='ocrx_word' id='word_1_883' title='bbox 2622 5658 2853 5726; x_wconf 82' lang='lat' dir='ltr'><strong>jussione</strong></span> <span class='ocrx_word' id='word_1_884' title='bbox 2888 5658 3063 5711; x_wconf 80' lang='lat' dir='ltr'><strong>domui</strong></span> <span class='ocrx_word' id='word_1_885' title='bbox 3107 5647 3757 5724; x_wconf 70' lang='lat' dir='ltr'><strong>prceCCCllentissimiU&#39;l-</strong></span> 
     </span>
    </p>
   </div>
  </div>
