3796 6346
72 440 171 495 ηδε

1062 434 1462 491 ωριοιιΑτΑ.
1491 432 1771 491 ECCLES.
1811 433 2133 490 SELECTA.

3084 442 3233 497 {532'

72 542 361 613 mnd'regis
404 554 745 610 eoi-puusse
791 554 891 610 ego
938 539 1188 596 Ultianus
1241 541 1476 594 notarius
1517 549 1571 594 et
1598 540 1647 598 Α
1675 536 2059 610 fundamentis,
2101 542 2345 609 fabricis,
2394 546 2699 612 vestibolis,
2740 548 3121 603 constituemus
3154 549 3213 604 in

75 639 229 688 missus
260 631 433 685 domui
484 630 593 698 regi
620 670 635 695 ,
678 630 743 685 ad
778 630 1007 688 [laselica
1029 633 1196 685 sancti
1221 631 1364 685 Petri
1394 633 1569 696 locus,

72 726 139 776 ubi
163 721 333 775 dicitur
360 719 551 783 Neure,
584 719 648 772 ad
680 718 1045 786 intentionem,
1073 735 1234 786 quam
1266 720 1569 774 vertebatur

74 818 179 867 inter
202 814 262 866 ab
288 812 312 839 ⁸
342 811 703 879 Talisperiano
735 812 1016 877 episeopo,
1059 825 1259 864 necnon
1294 818 1347 864 et
1372 810 1572 863 Johan-

71 918 123 957 ne
142 902 184 957 id
215 910 287 957 est
311 901 560 968 episcopo
607 899 834 965 Pistori,
871 907 1014 953 esset
1055 898 1451 953 deliverandum
1480 906 1572 950 :et
1597 941 1611 947 -

67 994 151 1058 jam
178 992 287 1045 inibi
310 990 645 1058 coniunxisse
689 1004 809 1057 ego.
850 990 940 1057 qui
968 1003 1125 1055 supra
1147 1027 1164 1052 ,
1195 986 1435 1041 Ultianns
1469 1000 1571 1038 una

71 1098 166 1138 cum
190 1080 413 1150 Spetioso
434 1080 706 1147 episeopo,
732 1088 788 1133 et
816 1078 1053 1146 Walpert
1077 1077 1219 1141 duci,
1250 1077 1436 1130 Alabis
1459 1075 1566 1130 Ga-

68 1171 249 1233 staldio,
282 1181 332 1225 et
357 1170 476 1224 aliis
503 1167 690 1237 singuli
728 1169 925 1222 circum
955 1168 1234 1221 stantibus.
1293 1166 1569 1241 Unde'nos

70 1262 345 1328 inquirentes
388 1274 480 1327 per
515 1259 777 1311 Vitaliano
801 1257 1115 1326 presbitero,
1157 1272 1187 1309 a
1228 1255 1377 1324 cujus
1421 1256 1571 1323 ipsas

69 1352 256 1405 diocesis
282 1365 310 1402 a
336 1360 570 1418 tempore
608 1348 961 1402 Romanorum
1002 1358 1055 1403 et
1080 1329 1567 1417 Langobardorum

71 1440 276 1503 inissent,
315 1436 399 1507 qui
449 1438 599 1490 nobis
638 1438 907 1504 professus
942 1445 1054 1499 est,
1088 1436 1225 1503 quod
1257 1434 1397 1502 ipsas
1434 1434 1569 1487 Adeo

66 1529 155 1579 cias
173 1540 363 1591 semper
389 1525 453 1579 ad
483 1535 630 1593 parte
674 1525 908 1580 Lueense
952 1523 1219 1585 inessent,
1270 1531 1322 1577 et
1344 1522 1566 1590 qualiter

73 1617 144 1667 De:
175 1630 256 1681 per
294 1614 630 1681 Euangelium
671 1613 922 1666 (irritavit.
966 1613 1152 1666 Postea
1192 1627 1316 1663 vero
1343 1611 1486 1664 dicto
1515 1616 1571 1663 et

67 1702 713 1789 suprascriptuslpbannes
734 1704 1012 1771 episcopus
1036 1712 1091 1756 et
1119 1700 1340 1755 Ausollo
1367 1700 1571 1767 presbi-

68 1803 131 1843 ter
159 1793 301 1857 ipsius
329 1788 549 1845 Johanni
574 1830 591 1854 ,
640 1792 811 1858 quoda
846 1791 1079 1859 Eglesias
1126 1791 1291 1843 sancti
1337 1788 1565 1852 Andrca,
1602 1789 1609 1859 ς

67 1880 136 1931 ubi
162 1852 621 1947 estbaptesimum,
657 1852 762 1931 una
801 1852 922 1933 cum
956 1879 1151 1955 eglesia
1176 1880 1346 1931 sancti
1383 1876 1567 1929 llieru-
1602 1852 1647 1913 Β

64 1970 202 2019 silem
247 1980 414 2020 nostra
454 1967 754 2020 devenisse.
821 1967 901 2020 Ad
946 1968 1041 2019 hee
1075 1965 1427 2037 respondebat
1463 1964 1570 2029 jam

64 2054 209 2107 dictus
255 2054 535 2105 Vitalianus
586 2054 880 2118 presbiter:
930 2053 1041 2105 Non
1079 2061 1159 2105 est
1200 2064 1432 2117 veretas,
1474 2052 1572 2103 nisi

63 2144 165 2191 dum
195 2143 407 2194 rut-nime
438 2152 615 2207 potera
644 2156 961 2194 concurrere
999 2140 1063 2192 ad
1110 2148 1278 2214 tantas
1323 2139 1571 2205 eglesiam

65 2234 343 2298 baptismum
370 2231 556 2285 facere.
599 2232 688 2286 Sic
732 2232 874 2300 ipsas
915 2232 1140 2301 eglesias
1171 2231 1338 2284 sancti
1365 2231 1573 2284 Andree

62 2335 160 2372 Cum
188 2320 479 2390 baptisteria
509 2336 627 2383 suo,
677 2332 729 2374 et
772 2321 937 2373 sancti
967 2320 1289 2374 Hierusalem
1324 2320 1411 2373 tibi
1458 2334 1574 2385 pre-

64 2421 318 2474 sentamns,
341 2421 395 2462 ut
418 2412 539 2464 inivi
563 2412 719 2463 missa
744 2420 797 2464 et
819 2412 1134 2477 baptismum
1152 2410 1323 2463 facere
1345 2409 1571 2471 devcr’ts,

65 2496 169 2547 dum
198 2513 351 2565 usque
376 2500 522 2550 nobis
551 2490 791 2564 placitum
818 2498 1000 2561 fuerit,
1046 2512 1141 2550 nec
1168 2512 1259 2563 per
1285 2497 1398 2564 lege
1428 2496 1573 2561 ipsas

64 2589 284 2661 rfeglesias
329 2588 475 2641 vobis
527 2587 792 2640 dimittere
838 2588 1023 2641 deveo.
1086 2588 1234 2639 Unde
1284 2601 1381 2639 nos
1415 2599 1572 2651 supra

58 2675 213 2741 scripti
254 2676 451 2743 iudices
484 2680 817 2747 degrevimns
840 2718 858 2743 ,
900 2688 957 2732 ut
1000 2679 1255 2747 presbiter
1288 2678 1574 2730 Vitalianus

58 2765 208 2817 dicere
230 2766 450 2833 iuratus,
478 2770 615 2835 quod
665 2770 806 2834 ipsas
858 2769 1115 2836 aeglesias
1160 2769 1327 2821 sancti
1368 2770 1575 2821 Andree

58 2869 159 2905 rum
187 2854 482 2922 baptisterio
509 2872 607 2909 suo
629 2868 682 2910 et
701 2861 867 2909 sancti
900 2854 1221 2910 Hierusalem
1272 2872 1300 2909 a
1337 2866 1574 2922 tempore

61 2943 382 2996 Humanarum
414 2959 575 3011 usque
600 2953 652 2999 et
677 2945 833 2997 modo
868 2960 1079 3012 semper
1120 2945 1218 2998 sub
1242 2947 1359 3011 jura
1390 2946 1569 3011 aegle—

59 3030 125 3082 sie
150 3034 302 3087 sancti
336 3032 471 3087 Petri
520 3035 759 3098 fuerunt,
808 3048 904 3087 nec
933 3049 1026 3100 per
1056 3034 1169 3101 lege
1201 3047 1291 3086 cas
1316 3033 1463 3085 vobis
1491 3032 1571 3085 di-

58 3122 245 3177 mittere
267 3124 450 3178 deveo.
489 3126 711 3190 Quidem
757 3134 810 3179 et
852 3125 964 3193 ipse
1005 3134 1365 3191 sagramentas
1397 3123 1446 3175 in
1473 3136 1568 3175 no-

57 3215 165 3265 stris
189 3216 443 3282 presentia
490 3210 744 3269 deductus
772 3224 882 3277 est,
926 3225 981 3267 ut
1025 3215 1076 3266 in
1102 3214 1287 3267 eadem
1318 3213 1577 3267 delivera-

57 3304 229 3358 tionem
293 3304 519 3359 devcant
585 3319 917 3380 permanere.
996 3302 1147 3358 Unde
1204 3303 1337 3355 lianc
1392 3300 1576 3352 notitia

53 3390 260 3460 iudegati
290 3382 621 3463 Ebregansus
650 3395 887 3448 notarius
909 3398 1014 3463 regi
1048 3432 1063 3446 .
1093 3433 1106 3446 .
1141 3430 1156 3445 .
1192 3434 1202 3444 .
1240 3431 1251 3443 .
1288 3430 1301 3442 .
1331 3395 1571 3444 serivere

52 3498 467 3536 connmnuetnus.

112 3569 256 3624 Facta
286 3573 473 3625 notitia
500 3572 757 3641 jndegati,
786 3585 969 3625 mense
1001 3570 1293 3633 Februarii,
1326 3566 1577 3636 regnante

50 3660 226 3712 domno
250 3660 533 3729 Liutprand
585 3664 691 3729 regi
734 3676 874 3714 anno
914 3646 1120 3729 quarto,
1150 3659 1435 3712 intlic:ione
1464 3670 1574 3709 sint

49 3748 265 3803 felititer.
294 3748 563 3822 (Indicant
587 3751 976 3819 subscriptiones
1000 3747 1395 3825 desiderantur.)

746 3862 836 3917 lX.

48 3971 410 4039 Teslhpaldus,
462 3973 760 4026 Domnulus
805 3974 993 4038 aliique
1040 3975 1113 4043 pii
1158 3974 1291 4027 eires
1328 3974 1573 4026 Lucenses

102 4057 292 4093 sater
346 4045 507 4095 0!de
559 4046 648 4095 sub
706 4044 870 4095 sancti
927 4044 1159 4096 Silustri
1213 4044 1414 4095 nomine
1469 4059 1574 4094 una

103 4126 207 4160 cum
251 4111 564 4181 unodocltio
608 4113 659 4162 in
700 4115 819 4163 urbe
858 4110 1072 4164 Luceusi
1099 4111 1353 4178 (edi/iram
1397 4111 1574 4181 (circa

100 4194 278 4230 artuum
309 4179 413 4233 718
436 4182 473 4245 ).

103 4288 150 4340 In
168 4289 378 4343 nomine
402 4287 605 4343 Domini
633 4288 721 4342 Dei
750 4290 915 4342 nostri
943 4287 1065 4343 Jesu
1082 4288 1305 4344 Christi.
1332 4290 1573 4357 Congrue

45 4380 182 4432 nobis
208 4378 463 4432 auxilium
493 4388 607 4442 est,
648 4378 773 4430 dum
819 4381 903 4431 bie
944 4380 1337 4449 peregrinantur
1375 4379 1571 4431 carnali

42 4466 257 4521 ndicium
302 4468 569 4537 gerimus,
613 4466 938 4519 tesaurizare
978 4468 1131 4520 nobis
1174 4481 1333 4536 super
1377 4478 1566 4519 terram

40 4558 167 4610 milia
198 4568 358 4624 sunt,
394 4568 448 4609 ut
477 4571 601 4611 caro
632 4560 809 4610 nostra
838 4549 1108 4622 mortalis,
1136 4558 1309 4611 anima
1350 4558 1570 4612 immor-

38 4650 164 4704 talis.
192 4648 344 4705 Unde
374 4662 470 4702 nos
496 4648 788 4716 Teutlipald
829 4663 949 4704 eum
992 4648 1259 4719 germanis
1297 4664 1445 4703 meus
1466 4692 1480 4716 ,
1520 4660 1573 4703 et

38 4741 352 4795 Dommulum
374 4784 389 4808 ,
422 4740 646 4794 Leonaci
678 4754 794 4793 cum
823 4755 1072 4810 germano
1097 4756 1235 4805 meo,
1266 4756 1357 4799 seo
1386 4752 1440 4795 et
1464 4744 1572 4796 An-

37 4830 176 4895 p..ld,
204 4828 460 4893 Wililrit,
504 4828 840 4895 Maurinom,
873 4829 1191 4894 Teuderaci,
1234 4830 1529 4884 Nandulnm
1554 4873 1568 4898 ,

36 4924 395 4978 Ccminiannn
422 4923 657 4977 cliricnm
678 4965 691 4989 ,
717 4923 1055 4980 Gudiscalum
1072 4964 1089 4989 ,
1120 4935 1448 4979 recorrentes
1476 4939 1572 4980 nos

34 5016 192 5069 omnis
217 5016 284 5068 ad
309 5017 429 5070 aula
458 5015 821 5070 misericordis
848 5029 945 5084 pro
959 5030 1009 5069 ,ἢ
1028 5054 1041 5068 .
1062 5052 1079 5069 .
1097 5054 1112 5069 .
1132 5054 1149 5071 .
1172 5017 1387 5083 nostris,
1414 5032 1569 5085 quam

36 5124 77 5151 ιη
105 5106 200 5157 hoc
227 5106 413 5160 secqu
435 5104 696 5173 gessimus
715 5103 884 5170 adque
904 5106 1153 5175 gerimus,
1186 5120 1277 5171 pro
1301 5106 1570 5160 hamorem

34 5194 146 5257 Uei,
198 5203 254 5250 et
300 5194 632 5251 redemtione
677 5195 851 5251 anime
891 5205 1104 5262 nostre,
1151 5196 1460 5251 becclesiam
1507 5197 1568 5250 ba

93 5334 114 5361 ⁸
154 5329 555 5398 Talisperianus
599 5326 1292 5398 episcopatumVanensem
1324 5340 1569 5398 regenat;

30 5398 327 5463 Spetiosus,
358 5397 507 5465 cujus
532 5412 722 5450 nomen
755 5396 1135 5460 Florentinius,
1174 5409 1225 5450 et
1254 5396 1477 5451 Cosmus
1505 5400 1573 5453 de

30 5470 191 5519 Arena
232 5464 641 5523 delormarunt.
696 5464 1012 5519 Florentium
1066 5467 1266 5520 civitati
1327 5477 1567 5532 prmerst.

32 5538 117 5589 Hic
138 5545 317 5589 autem
369 5537 514 5590 vides
559 5534 790 5590 habitum
845 5534 1009 5589 fuisse
1052 5536 1305 5601 judicium
1330 5528 1465 5587 illud
1506 5552 1572 5590 ex

28 5608 260 5669 iussione
292 5603 598 5671 Lintprandi
626 5605 788 5671 regis,
820 5604 972 5670 eique
1001 5605 1271 5671 prmiuisse
1300 5604 1570 5659 Ultianum

32 5675 285 5727 notarium
316 5687 378 5726 ac
409 5676 626 5727 missum
662 5674 1014 5742 ipsiusiregis,
1047 5687 1147 5726 una
1174 5689 1291 5725 cum
1315 5674 1572 5742 Speciuso

32 5744 336 5799 Hnrentino
386 5740 769 5811 episcopo,’et
802 5740 1090 5817 >Walperto
1144 5743 1276 5797 duce
1330 5740 1569 5799 Lucensi.

1672 628 1925 685 honorem
1976 631 2258 686 beatissimi
2320 632 2413 688 Dei
2463 635 2781 690 confessoris
2824 639 2992 691 sancti
3037 638 3210 693 Silve-

1670 718 1765 772 stri
1786 758 1800 778 .
1819 756 1835 772 .
1854 757 1867 771 .
1890 755 1906 770 .
1930 757 1946 772 .
1966 756 1981 772 .
2009 757 2025 773 .
2049 720 2100 773 in
2132 729 2280 787 porta
2312 723 2448 777 beati
2476 722 2655 777 Sancti
2686 725 2861 789 Petri,
2892 725 2978 779 ubi
3012 740 3106 779 nos
3131 726 3228 781 vel.

1670 798 1713 861 si
1743 807 1940 878 indigni
1982 809 2346 863 sinedoeliium
2387 809 2561 865 facere
2590 814 2684 865 visi
2724 827 2903 866 sumus
2945 811 2999 866 in
3039 824 3209 876 terra,

1670 901 1755 968 qui
1807 901 2063 959 nov’s,ex
2115 910 2297 957 nostra
2348 903 2638 969 portionem
2686 917 2714 955 a
2765 902 3054 958 'l‘eodoraci
3104 904 3213 958 lilio

1670 993 1931 1058 quondam
1964 991 2177 1046 Leotari
2206 993 2455 1058 advinet,
2486 994 2537 1046 in
2581 1009 2683 1062 qua
2724 993 3058 1047 fundamento
3098 1006 3215 1061 pre-

1672 1081 1773 1132 futa
1799 1081 2019 1135 ecclesia
2052 1081 2153 1135 sita
2184 1090 2297 1147 est,
2344 1080 2540 1135 ideirco
2576 1082 2833 1136 donamus
2861 1118 2878 1135 .
2903 1117 2920 1135 .
2944 1119 2960 1135 .
2990 1121 3005 1135 .
3030 1120 3044 1133 .
3073 1120 3086 1135 .
3128 1097 3213 1136 ec-

1670 1168 1829 1221 ciesie
1875 1167 2009 1221 beati
2055 1152 2223 1221 sancti
2269 1168 2508 1223 Silvestri
2560 1170 2901 1225 fundamento
2948 1171 3062 1239 ipso
3112 1184 3224 1223 una

1670 1272 1788 1311 cum
1817 1272 1935 1311 casa
1965 1273 2067 1325 que
2093 1252 2379 1314 sinedocbo
2408 1261 2787 1314 constituemus
2810 1276 2932 1315 cum
2958 1271 3105 1317 certe
3130 1260 3215 1316 vel
3246 1254 3250 1261 ’

1670 1356 1787 1400 orto
1814 1362 1907 1400 seo
1933 1361 2141 1400 omnem
2174 1348 2481 1427 intrinsicus
2502 1391 2515 1411 ,
2548 1350 2640 1402 sed
2668 1360 2721 1402 et
2750 1350 2967 1414 balneo,
2998 1352 3087 1419 qui
3118 1364 3212 1403 no-

1676 1434 1753 1485 vis
1796 1435 1989 1488 vicarie
2028 1446 2079 1488 et
2104 1450 2183 1487 ex
2224 1442 2671 1504 comparationem
2698 1438 2912 1492 advinet
2949 1453 2977 1492 a
3018 1438 3228 1492 domno.

1672 1522 1950 1579 venerabili
1982 1521 2343 1589 Talisperiauo
2367 1562 2383 1577 .
2412 1564 2423 1578 .
2454 1565 2467 1578 .
2496 1565 2509 1579 .
2540 1564 2553 1578 .
2582 1565 2595 1578 .
2625 1542 2721 1580 nus
2748 1542 2849 1580 una
2876 1526 3212 1582 Cum'funda‘

1673 1613 1941 1673 meritum,
1989 1610 2075 1663 ubi
2119 1612 2229 1678 ipse
2274 1613 2517 1667 balneum
2563 1614 2695 1668 situs
2723 1624 2841 1679 est,
2874 1630 3134 1684 quamque
3162 1625 3214 1669 et

1677 1716 1768 1767 per
1799 1716 2063 1768 unumque
2093 1713 2333 1755 nostrum
2379 1713 2515 1757 terra
2556 1685 2721 1772 prope
2760 1706 2971 1759 civitate
3010 1721 3037 1757 a
3077 1704 3215 1759 desi-

1673 1785 1831 1857 gnato
1872 1792 2116 1855 nomine,
2159 1791 2291 1843 idest
2332 1805 2431 1859 ego
2472 1792 2730 1859 Tentlipal
2772 1809 2888 1846 cum
2934 1808 3216 1862 germanus

1674 1891 1823 1929 mens
1852 1877 2065 1930 oﬂ'errui
2096 1877 2216 1930 inivi
2246 1885 2381 1931 terra
2410 1881 2701 1934 modiorum
2722 1919 2737 1935 .
2758 1920 2770 1933 .
2800 1922 2814 1935 .
2842 1921 2855 1933 .
2886 1923 2899 1935 .
2927 1923 2943 1935 .
2970 1884 3215 1935 Dommu-

1677 1963 1781 2015 lum
1837 1974 1977 2017 terra
2029 1965 2322 2018 modiorum
2374 1966 2469 2019 tris
2511 1968 2562 2020 in
2604 1968 2815 2022 Placule
2856 1970 2988 2023 inter
3030 1970 3218 2024 adﬁnis

1676 2062 1814 2105 terra
1843 2053 1970 2109 Duci
1998 2073 2011 2117 ;
2045 2055 2094 2105 in
2125 2054 2345 2108 Leonaci
2378 2069 2493 2108 eum
2523 2071 2773 2123 germano
2801 2072 2897 2110 suo
2938 2042 3075 2111 terra
3105 2074 3218 2112 mo-

1675 2140 1879 2192 diorum
1915 2152 2140 2208 qnatnor
2168 2158 2328 2207 super
2355 2158 2473 2197 casa
2505 2146 2796 2198 BorunCiuli
2831 2146 2882 2199 in
2913 2146 3173 2215 Macritula
3196 2190 3211 2213 ,

1678 2236 1732 2281 et
1775 2229 1903 2280 duas
1953 2231 2158 2283 modios
2204 2240 2338 2285 terra
2368 2231 2632 2286 Maurinus
2661 2233 2712 2286 in
2744 2234 2965 2301 Albingo
2990 2271 3005 2286 .
3029 2272 3047 2288 .
3074 2274 3088 2288 .
3115 2274 3128 2287 .
3156 2275 3170 2288 .
3200 2272 3215 2286 .

1678 2317 1917 2370 Annuald
1951 2328 2086 2371 terra
2117 2320 2407 2374 modiorum
2450 2322 2541 2375 tris
2584 2320 2635 2375 in
2681 2323 2795 2377 loco
2818 2323 2903 2377 ubi
2927 2323 3217 2391 Teuthpalil

1679 2410 1833 2462 dedet
1880 2425 2037 2478 super
2081 2412 2269 2465 silice:
2317 2410 2546 2465 Wilil’rid
2598 2423 2733 2467 terra
2781 2415 3076 2468 modiorum
3124 2416 3221 2468 tris

1680 2516 1838 2566 prope
1868 2514 1984 2553 casa
2022 2501 2235 2553 Waltari
2265 2518 2279 2564 ;
2313 2503 2553 2555 Nandulo
2598 2512 2733 2556 terra
2778 2505 3071 2557 modiorum
3111 2505 3217 2558 dno

1678 2580 1809 2641 infra
1854 2588 2063 2653 Lituro,
2096 2598 2149 2642 et
2192 2590 2347 2642 tertio
2389 2590 2528 2644 tnodi
2559 2591 2731 2643 locum
2772 2602 2890 2645 ante
2934 2607 3052 2646 casa
3093 2593 3220 2646 Buc-

1676 2676 1837 2730 ciuli:
1894 2676 2231 2730 Geminianns
2280 2687 2417 2732 terra
2465 2687 2519 2739 et
2564 2680 2712 2734 vinea
2760 2682 2969 2735 olleruit
3020 2684 3221 2736 solidus

1676 2767 2027 2835 quatit-agente
2058 2784 2072 2832 ;
2102 2767 2394 2847 Teudoraci
2424 2784 2516 2836 pro
2550 2780 2686 2825 terra
2730 2781 2780 2824 et
2826 2773 2977 2825 vinea
3024 2771 3221 2825 solidos

1675 2860 2025 2928 quadragenta
2045 2902 2058 2923 ,
2090 2872 2147 2913 ut
2174 2862 2362 2915 exinde
2396 2871 2533 2915 terra
2565 2872 2617 2916 et
2644 2864 2793 2917 vinea
2823 2878 2922 2916 con
2946 2900 2962 2916 .
2991 2899 3009 2917 .
3036 2901 3049 2915 .
3076 2898 3093 2916 .
3120 2902 3135 2915 .
3156 2900 3174 2918 .
3206 2879 3223 2927 ;

1675 2949 1983 3002 Gndiscalco
2006 2960 2140 3001 terra
2156 2950 2449 3005 modiorum
2472 2949 2596 3012 duo,
2621 2950 2713 3003 tris
2735 2952 3035 3011 scatilorum
3060 2967 3221 3019 prope

1676 3047 1867 3089 terram
1899 3036 2157 3090 'l’rioniet
2188 3037 2423 3090 scalilmn
2449 3052 2612 3107 prope
2636 3038 2826 3091 teri-nia
2854 3039 3093 3092 Liutuald
3121 3056 3133 3101 ;
3167 3050 3221 3092 et

1678 3140 1773 3193 pro
1814 3126 1961 3178 vinea
2005 3140 2097 3193 per
2136 3141 2555 3195 unumquemque
2586 3136 2819 3179 nostrum
2852 3126 3092 3179 dedimus
3133 3141 3221 3179 so-

1682 3217 1813 3267 lidos
1843 3215 2022 3268 decem
2044 3255 2061 3279 ,
2088 3223 2312 3280 excepto
2343 3216 2639 3277 Maurinus,
2676 3218 2761 3282 qui
2807 3216 2950 3269 dedit
2976 3212 3079 3268 duo
3110 3230 3219 3267 mo-

1678 3304 1761 3357 dia
1795 3303 1941 3356 vinea
1975 3302 2026 3355 in
2058 3303 2399 3368 Savelliano,-
2424 3314 2475 3356 ct
2519 3301 2867 3357 Geminianus
2917 3314 2971 3358 et
3018 3304 3226 3360 Tendu-

1680 3391 1823 3456 raci,
1871 3391 1962 3459 qui
2005 3391 2251 3445 dedirunt
2294 3392 2559 3460 prcdiclos
2603 3393 2800 3446 solidos
2841 3409 2934 3460 pro
2976 3395 3127 3446 vinea
3169 3404 3223 3445 et

1680 3488 1899 3533 terra'et
1927 3491 2235 3549 oetuagenta
2267 3480 2468 3538 solidos
2500 3482 2552 3532 in
2593 3488 2721 3533 auro
2754 3496 2846 3547 pro
2884 3480 3021 3533 dotis
3052 3482 3217 3537 titulo.

1679 3573 1743 3626 Et
1774 3573 1842 3625 ita
1875 3572 2087 3626 addidet
2112 3573 2318 3626 animus
2350 3583 2595 3636 uostrus,
2628 3582 2687 3625 ut
2725 3573 2787 3626 ad
2826 3574 3218 3639 gnbcrumdum

1678 3663 1727 3716 in
1781 3673 2091 3731 paleslatem
2141 3664 2375 3717 custodis
2428 3664 2567 3716 illius
2615 3662 2857 3717 Cundoni
2910 3664 3219 3731 presbiteri,

1676 3768 1830 3821 quem
1862 3753 1987 3805 inivi
2019 3769 2138 3806 cum
2170 3735 2399 3809 comnne
2422 3756 2643 3808 consilio
2688 3756 3029 3823 presbiteruzn
3074 3756 3221 3807 ordi-

1679 3843 1925 3897 navimus
1948 3883 1962 3908 ,
1998 3842 2289 3895 inveniatur
2318 3858 2435 3897 esse
2478 3840 2785 3911 peregrinus
2828 3842 3219 3909 recipiendum,

1678 3932 1949 3999 pauperis,
1980 3930 2156 3996 vidua,
2184 3940 2235 3985 et
2258 3928 2457 3983 orfanis
2482 3930 2889 3993 consolandum,
2919 3930 3219 3983 Illitlltlalum

1674 4022 1821 4089 juxta
1856 4020 2039 4089 regule
2068 4022 2255 4074 ordine
2288 4020 2577 4074 faciendum
2602 4061 2614 4083 ,
2645 4030 2698 4075 et
2727 4036 2818 4087 pro
2859 4020 3050 4072 nostris
3091 4018 3221 4073 iaci-

1677 4112 1892 4166 noribus
1921 4111 2203 4163 Dominum
2236 4111 2658 4178 deprecandum,
2692 4112 2740 4161 in
2771 4111 3013 4163 niimibus
3041 4118 3093 4162 et
3132 4123 3224 4175 per

1676 4202 1849 4254 omnia
1879 4215 2034 4267 opem
2068 4201 2251 4266 ujnsce
2282 4195 2516 4254 sinedm-i
2540 4244 2553 4263 ,
2596 4200 2883 4253 secundum
2930 4200 3232 4266 priscorum,

1678 4290 1887 4343 Patrum
1920 4288 2257 4341 traditionem
2284 4290 2432 4354 juxta
2464 4287 2581 4356 njus
2610 4288 2869 4340 sentcntie
2902 4288 2951 4339 in
2980 4286 3223 4339 omnibus

1676 4372 1962 4442 adimplere
1992 4375 2214 4428 divcas?
2245 4375 2308 4427 Et
2341 4377 2440 4427 boc
2466 4376 2735 4441 addimus,
2767 4385 2822 4427 ut
2844 4376 2886 4427 si
2918 4375 3027 4442 ipse
3054 4375 3222 4426 abbas

1678 4477 1858 4518 enstus
1888 4466 1953 4519 de
1982 4464 2079 4516 bac
2114 4465 2227 4517 luce
2254 4472 2463 4531 ereptus
2494 4474 2607 4525 est,
2639 4480 2794 4531 quem
2838 4465 2960 4515 inivi
2993 4465 3231 4530 priorem

1675 4562 1726 4608 et
1756 4553 2161 4621 gubernatorem
2194 4553 2296 4605 due
2328 4560 2503 4618 partes
2530 4567 2592 4605 ex
2624 4552 2769 4605 novis
2804 4540 2901 4605 una
2930 4568 3050 4605 eum
3100 4569 3223 4605 mo-

1675 4644 1792 4697 naci
1838 4642 1935 4711 ipsi
1976 4642 2271 4710 eligerent,
2296 4643 2447 4695 tertia
2479 4655 2600 4709 pars
2629 4656 2691 4694 ex
2724 4641 2915 4693 nostris
2944 4642 3219 4694 inivi......

1679 4734 1846 4803 ipsum
1876 4732 2121 4785 abbatem
2164 4728 2509 4784 ordinandum
2543 4731 2831 4796 predictum
2862 4729 3089 4783 ofﬁcium
3132 4730 3245 4783 Dei~

1677 4822 2055 4893 peragendum.
2082 4822 2207 4875 Nam
2237 4821 2365 4874 nulli
2396 4830 2696 4875 nostrorum
2721 4822 3051 4876 oll’erentium
3080 4822 3224 4880 exin-

1675 4914 1817 4979 de‘in
1844 4914 2019 4980 aliquo
2043 4912 2395 4980 subtragator,
2421 4922 2511 4964 aut
2539 4912 2603 4964 Ita
2636 4912 2784 4964 novis
2817 4913 3100 4973 minuetur,
3128 4926 3225 4964 nec

1676 5004 1776 5058 ulla
1803 5004 1926 5056 inivi
1956 5011 2267 5071 potestatem
2295 4992 2541 5055 aveamus
2566 5016 2733 5068 neque
2761 5001 2811 5053 in
2840 5000 2951 5067 ipso
2979 5002 3233 5054 balneum

1676 5095 1995 5148 invasionein
2030 5092 2323 5145 faciendam
2348 5133 2363 5157 ,
2396 5107 2493 5145 nec
2520 5090 2572 5143 in
2606 5088 2745 5143 nulla
2778 5080 2898 5169 res,
2923 5103 3055 5158 quas
3096 5088 3235 5142 inivi

1676 5191 1741 5245 ha
1774 5188 1923 5243 novis
1953 5186 2196 5241 ollertum
2228 5196 2329 5252 est,
2362 5183 2462 5237 nisi
2508 5184 2558 5237 in
2592 5184 2855 5249 omnibus,
2890 5191 2949 5236 ut
2990 5181 3221 5250 prodixi-

1674 5322 1880 5378 Nemini
1928 5319 2257 5373 eruditorum
2300 5318 2535 5385 ignotum
2583 5324 2666 5387 est
2705 5333 2821 5384 qua!
2843 5317 3137 5369 simultates
3162 5332 3224 5368 ac

1677 5391 1812 5446 bélla
1854 5390 2150 5442 diutissime
2190 5388 2447 5455 viguerint
2488 5387 2622 5439 inter
2666 5387 3039 5455 Langobardos
3067 5395 3227 5451 atque

1679 5464 1967 5521 Romanos,
1989 5460 2111 5511 dum
2137 5458 2304 5509 Graeci
2335 5458 2679 5522 imperatores
2710 5457 2891 5507 llotnm
2917 5497 2929 5518 ,
2958 5469 3221 5522 nunquam
3286 5492 3289 5495 μ

1676 5547 1705 5585 a
1738 5526 2095 5595 Langobzirdis
2126 5525 2385 5595 subacLe,_
2413 5521 2765 5595 imperarunt.
2810 5524 3089 5595 Propterea
3112 5521 3223 5595 opi-

1678 5602 1789 5653 nari
1820 5592 2149 5650 licetmultos
2170 5596 2348 5647 obices
2376 5593 2425 5645 in
2453 5592 2852 5661 Langobardico
2875 5604 3037 5658 regno
3062 5592 3227 5661 fuisse

1678 5669 1878 5735 positos
1908 5664 2148 5730 legitima:
2176 5662 2540 5735 Romanorum
2575 5660 2897 5735 pontiﬁcum
2932 5668 2984 5713 et
3012 5660 3223 5728 episco—

1678 5728 1860 5809 porum
1890 5728 2188 5789 auctoritati
2220 5732 2270 5787 in
2300 5732 2679 5789 ecclesiasticis
2710 5728 2951 5799 negotiis.
