3840 6242
126 473 229 530 1565

1110 458 1483 532 ῡιινιιυλιλῖιλ
1526 455 1802 537 ECCLES.
1847 459 2175 512 SELECTA'.

3120 453 3273 507 1366'

125 602 204 637 non
226 582 446 635 dov‘eano
469 578 564 631 dar
592 578 737 629 salvo
761 570 971 629 decima
990 573 1090 626 alia
1132 553 1281 625 badia
1317 571 1384 623 de
1425 575 1610 620 sancto
1639 568 1685 622 Α
1716 567 1827 631 prio
1856 570 1998 631 loco,
2031 571 2115 634 qui
2144 570 2331 622 dicitur
2360 569 2628 624 Mitt-iatico
2656 584 2811 635 super
2849 578 3036 621 sancto
3069 570 3247 636 Pen",

126 678 303 727 Stelano
325 670 387 721 de
416 666 640 721 Venaco.
674 666 735 719 Et
759 664 928 732 questi
952 662 1077 715 dicti
1099 662 1236 714 abati
1260 660 1478 713 diceano
1506 657 1618 721 cite

130 771 229 815 nuta
275 762 317 812 la
361 757 691 825 possessione
730 771 818 809 era
866 755 1074 821 propria
1117 752 1252 805 delia
1294 751 1493 803 abadia.
1544 748 1607 801 Et

132 849 271 916 questi
295 847 425 901 abati
452 854 819 913 appresentnro
842 858 933 896 sua
961 850 1103 895 carta
1128 841 1332 893 dinanzi
1365 857 1392 891 a
1423 838 1621 911 niissch

130 936 416 999 liuiando,et
438 949 467 987 a
495 918 683 989 misser
707 933 757 986 lo
783 929 979 1001 judice,
1004 940 1055 984 et
1081 946 1108 984 a
1136 930 1320 983 misser
1349 929 1398 981 lo
1430 930 1619 993 legato.

133 1028 182 1076 [ι
216 1038 297 1091 per
332 1031 512 1089 questo
547 1021 647 1074 cite
686 1022 864 1074 videro
901 1029 953 1073 et
988 1020 1167 1081 odiro,
1216 1017 1537 1071 sententiam
1584 1032 1614 1069 e

130 1112 363 1180 scapularo
385 1112 563 1178 queila‘
585 1108 915 1177 possessione
941 1109 1027 1174 alii
1056 1106 1333 1173 supradicti
1370 1103 1529 1158 abati.
1565 1104 1626 1157 Et

134 1208 288 1256 leceno
308 1197 755 1261 comandamento,
782 1197 882 1251 cbe
906 1196 1075 1263 questi
1100 1192 1391 1261 sopradecti
1424 1194 1623 1245 homini

134 1289 355 1357 dcggiano
381 1300 567 1354 pagare
597 1286 725 1340 libre
752 1297 906 1340 centu
935 1286 1001 1339 de
1033 1284 1153 1351 poni
1193 1283 1395 1335 danari.
1448 1282 1509 1334 Et
1558 1282 1631 1334 le-

131 1392 237 1431 cero
274 1376 698 1430 comandamento
741 1376 839 1430 cite
886 1375 1017 1428 infra
1066 1384 1141 1427 tre
1187 1373 1316 1426 mesi
1364 1372 1619 1440 deggiano

137 1465 281 1519 oscire
306 1463 406 1517 lora
433 1464 498 1517 de
526 1472 713 1531 questa
742 1467 1071 1529 possessione
1099 1472 1237 1515 sotto
1269 1477 1395 1529 pena
1436 1461 1488 1513 di
1537 1474 1630 1513 ccc

139 1540 287 1607 limini
316 1554 475 1618 d'oro,
506 1564 559 1607 et
587 1553 650 1606 da
682 1562 826 1621 parte
864 1554 915 1607 di
956 1564 1157 1606 messcr
1200 1551 1251 1605 lo
1290 1553 1457 1620 legato
1494 1560 1635 1603 sotto

141 1657 253 1711 [eos
276 1641 334 1696 de
358 1641 712 1705 excomnnica,
738 1639 838 1697 cite
862 1642 996 1696 inl’ra
1027 1638 1105 1695 tre
1132 1643 1261 1695 mcsi
1293 1657 1357 1695 ne
1384 1642 1637 1709 deggiano

146 1732 312 1783 audere
334 1745 426 1782 con
460 1730 570 1782 tutti
603 1730 638 1782 ii
666 1745 760 1782 sua
790 1730 907 1784 beni
928 1771 943 1793 ,
974 1740 1028 1783 et
1058 1733 1142 1799 pitt
1174 1745 1274 1783 non
1305 1731 1350 1783 vi
1380 1722 1635 1796 deggiano

141 1829 340 1879 cntrare,
366 1804 509 1870 salvo
532 1817 597 1869 ad
626 1817 1040 1871 voluntate'delli
1067 1819 1190 1871 dicti
1221 1818 1361 1871 abati
1390 1818 1439 1869 di
1469 1817 1640 1869 Monte

147 1908 312 1970 Crista,
341 1922 452 1961 cum
481 1921 583 1973 qua
623 1916 705 1960 cst
742 1910 789 1959 la
830 1907 966 1961 dicta
1009 1908 1189 1961 abadia
1233 1908 1283 1961 di
1315 1908 1539 1961 Vcnaro.
1576 1909 1639 1961 Et

144 1996 301 2049 diserto
326 1998 417 2049 cite
444 1997 613 2063 questi
644 1996 805 2049 nobili
835 1999 1031 2065 signori
1060 2000 1126 2052 de
1154 1999 1300 2053 Corsi
1330 1980 1384 2054 et
1411 2014 1503 2053 sue
1550 2001 1645 2054 he-

120 2084 240 2136 redi
266 2084 507 2152 deggiano
529 2097 709 2139 essere
733 2086 812 2139 soi
837 2086 1087 2141 difensori
1105 2128 1120 2151 ,
1147 2089 1247 2142 cbe
1272 2102 1403 2142 sono
1428 2084 1646 2156 padruni

149 2173 267 2226 delia
291 2173 431 2226 docta
461 2172 635 2228 badia.
714 2230 722 2251 ι

207 2266 370 2316 Actum
398 2278 427 2316 a
458 2263 691 2333 Fogata,
728 2266 812 2319 ubi
852 2266 1042 2320 dicitur
1084 2269 1364 2331 Marcorio,
1408 2281 1648 2335 presente

152 2364 220 2403 nte
243 2352 449 2405 notario.
476 2353 664 2408 Testes
689 2354 933 2423 Giorgius
958 2356 1025 2411 de
1050 2356 1247 2427 Campo
1273 2360 1413 2413 Merli
1432 2402 1445 2423 ,
1479 2362 1649 2416 Vival-

154 2440 257 2493 uino
279 2440 340 2494 de
366 2436 509 2494 Corsi
527 2479 545 2505 ,
571 2442 913 2497 Aibertinello
942 2446 1007 2499 de
1029 2445 1176 2499 Corsi
1199 2488 1213 2510 ,
1244 2447 1435 2502 Ficone
1463 2452 1527 2503 de
1555 2451 1649 2504 Du-

152 2530 217 2588 si,
248 2528 494 2583 Ursacioio
519 2532 589 2584 de
617 2530 766 2597 Petra
794 2531 971 2598 juxta,
1003 2543 1056 2586 et
1082 2534 1198 2587 altri
1233 2538 1317 2602 piu
1351 2538 1509 2589 assai.

211 2615 264 2667 Et
301 2630 391 2683 ego
431 2616 676 2671 Nicolaus
718 2622 979 2687 quondam
1026 2625 1212 2676 Arriro
1256 2626 1487 2677 notarius
1517 2628 1651 2680 sacri

154 2702 328 2768 imperii
357 2706 486 2759 hanc
514 2708 752 2761 chartam
799 2719 1007 2779 rogatus
1050 2712 1153 2776 fui,
1197 2722 1253 2768 et
1296 2713 1520 2782 scripsi,
1566 2714 1653 2767 iiro

154 2792 269 2845 mari
287 2832 301 2855 ,
330 2803 377 2847 et
401 2794 541 2849 dedi.
588 2806 591 2809 ‘

214 2878 267 2932 Et
309 2895 401 2948 ego
450 2883 753 2940 Leonardus
803 2889 1065 2955 quondam
1114 2890 1373 2957 Laurentii
1427 2894 1657 2947 notarius

156 2966 332 3021 Domini
360 2970 543 3039 legati,
574 2975 713 3029 sncri
744 2976 944 3049 imperii
988 2978 1057 3031 ibi
1090 2978 1158 3031 fui
1179 3021 1192 3044 ,
1229 2990 1281 3033 et
1323 2979 1463 3046 vidi,
1496 2990 1549 3035 et
1586 2982 1658 3034 si—

154 3072 289 3124 gnant
316 3074 479 3114 meum
508 3072 823 3119 consuetum
852 3066 1091 3134 apposui.
1533 3068 1535 3071 ’

849 3175 939 3229 XI.

158 3279 430 3336 Pertttaldtts
466 3287 587 3339 ciris
635 3287 874 3341 Lucensis
916 3291 1073 3341 (edem
1114 3294 1275 3344 sancti
1322 3294 1581 3346 Michaelis
1610 3304 1657 3348 ct

217 3354 549 3432 monasterium
574 3363 833 3432 cauatttuit
858 3361 1077 3432 agitata!
1095 3402 1109 3421 ,
1136 3364 1425 3430 pra'scripta
1451 3365 1657 3416 clcema-

208 3435 325 3486 syria
350 3427 401 3473 in
427 3438 667 3491 pauperes
696 3428 713 3493 (
739 3442 872 3481 anno
907 3427 1002 3481 72i
1031 3428 1071 3495 ).

219 3507 267 3559 la
309 3512 509 3564 nomine
558 3511 765 3566 Domini
816 3515 907 3569 Dei
958 3518 1120 3572 nostri
1160 3518 1281 3573 Jesu
1313 3519 1525 3574 Christi.
1557 3520 1658 3575 Re—

161 3607 327 3659 gnante
352 3599 537 3652 domno
565 3609 745 3656 nostro
776 3603 1060 3671 Liutprand
1091 3608 1201 3662 viro
1228 3610 1665 3666 execllentiSsimo

160 3698 292 3751 rege,
318 3699 445 3741 anno
474 3690 759 3746 iiiicissimo
788 3695 931 3762 regni
957 3697 1071 3762 ejus
1092 3712 1237 3773 nono
1268 3714 1359 3767 per
1387 3702 1665 3764 indictione

159 3785 321 3836 quarta
349 3776 581 3835 feliciter.
607 3783 853 3837 Omnium
879 3786 1227 3842 Ecclesiarum
1253 3793 1492 3846 conditor
1512 3792 1669 3848 Chria

159 3871 282 3926 stus,
309 3875 404 3918 etc.
453 3866 601 3922 Unda
645 3868 740 3941 ego
786 3874 1065 3930 Pertuaido
1110 3880 1449 3934 considerans
1494 3882 1664 3951 adque

161 3961 454 4013 pertractans
479 3956 707 4013 animum
737 3976 907 4015 meum
928 4003 942 4027 ,
972 3965 1094 4036 dum
1120 3983 1394 4035 erumpere
1420 3986 1522 4023 non
1552 3988 1664 4026 mea

158 4046 456 4109 necessitate,
475 4050 563 4100 scd
588 4046 678 4099 Dei
698 4056 1118 4119 eompulsatione
1140 4069 1409 4114 correctus
1436 4062 1523 4114 ubi
1551 4062 1665 4115 lon-

154 4134 327 4197 ginqua
354 4137 472 4189 urbe
502 4139 705 4192 viduam
725 4180 742 4206 ,
774 4146 1023 4210 pupillum
1052 4158 1102 4201 et
1128 4150 1365 4214 orianum
1395 4163 1665 4220 protegere

158 4237 239 4284 pro
266 4224 352 4277 illo
378 4225 691 4283 desiderium
724 4234 1069 4301 complectar,
1110 4239 1375 4293 litltittibtls
1406 4228 1538 4294 beati
1571 4244 1665 4307 re-
1710 4268 1713 4273 -

157 4310 212 4359 tri
253 4315 597 4376 apostolorum
650 4319 898 4387 principis
945 4322 1182 4380 Romane
1230 4330 1372 4381 urbis
1418 4330 1661 4385 devotum

151 4398 281 4461 jttata
326 4404 561 4467 placitum
613 4407 720 4461 Deo
762 4409 827 4462 ad
878 4414 1085 4479 propria
1133 4428 1427 4482 remeatus,
1458 4414 1663 4487 queque

1717 657 2055 723 similiterque
2075 657 2305 711 decimas
2328 660 2392 712 de
2413 674 2620 712 omnem
2656 658 2883 711 laborem
2910 671 3081 722 meum
3100 697 3115 719 ,
3140 667 3270 710 tam»

1719 745 1894 798 vinum
1914 785 1929 805 .
1957 761 2110 811 quam
2138 760 2353 813 granum
2385 748 2527 800 dedit
2556 750 2633 801 vel
2662 748 2785 801 mihi
2817 744 3064 800 Dominus
3088 747 3263 800 dede-'-

1722 836 1818 898 rit,
1862 834 1983 888 inivi
2033 851 2310 902 pcrsovere
2354 836 2573 891 debeam
2618 838 2684 889 ad
2734 837 2847 889 illas
2893 850 3018 890 vero
3065 838 3253 904 vinea,

1722 940 1876 992 quam
1908 925 2208 979 nominatim
2238 926 2440 980 decrevi
2465 967 2478 989 ,
2512 927 2786 993 adimpiirc
2814 912 3010 980 debeas
3041 927 3105 979 ad
3134 939 3259 992 grc-

1726 1020 1803 1086 gis
1830 1030 2112 1083 equomm,
2160 1011 2551 1093 armentorum,
2582 1018 2756 1070 ovium
2802 1032 2897 1070 seu
2946 1032 3263 1083 porcorum,

1728 1108 1897 1158 omnia
1930 1106 2011 1170 qui
2045 1106 2148 1158 nati
2187 1104 2389 1160 fuerent
2428 1121 2455 1158 a
2496 1106 2749 1159 Kalendas
2790 1105 3071 1160 ianuarias
3115 1106 3271 1159 iudi—

1729 1196 1903 1249 ctione
1930 1210 2001 1259 tv,
2030 1194 2081 1247 in
2111 1181 2429 1261 ipso'sa‘ncto
2456 1195 2572 1247 loco
2599 1194 2732 1247 idem
2760 1194 2989 1248 decimas
3014 1196 3140 1249 dare
3166 1197 3258 1251 de.

1732 1285 1888 1351 beas,
1921 1296 1973 1339 et
2003 1294 2139 1338 terra
2169 1285 2232 1335 ad
2266 1274 2458 1345 Arina.
2490 1285 2577 1351 qui
2606 1282 2738 1336 mihi
2767 1298 2796 1336 a
2828 1285 2967 1351 regia
3012 1293 3265 1351 potestate

1732 1388 1978 1429 concessa
2008 1381 2088 1427 est
2118 1374 2168 1426 in
2199 1373 2487 1441 integrum.
2514 1372 2593 1425 De
2614 1372 2750 1426 casis
2774 1388 2908 1425 vero
2924 1372 3184 1439 imprimis
3214 1374 3265 1427 in

1736 1463 2081 1516 monaciatico
2108 1463 2238 1516 Casa
2260 1504 2276 1528 ,
2307 1464 2393 1529 qui
2434 1463 2631 1530 regitur
2674 1474 2765 1528 per
2805 1460 3103 1525 Sintarine,
3129 1470 3265 1524 etc.,

1736 1565 1830 1619 pro
1873 1553 2047 1604 anime
2092 1566 2207 1604 mee
2252 1551 2536 1617 remedium
2578 1566 2671 1617 per
2709 1550 2851 1605 dotis
2892 1553 3051 1605 tetuio
3078 1549 3273 1606 oiierre

1737 1641 1879 1693 visus
1906 1654 2047 1701 sunt,
2079 1642 2144 1691 ab
2170 1641 2267 1691 hoc
2294 1640 2375 1693 die
2416 1638 2565 1693 trado
2605 1641 2657 1694 in
2698 1640 2957 1709 integrum
2986 1641 3279 1709 possedisti--

1738 1731 1857 1784 dum
1884 1745 1899 1795 ;
1929 1730 1997 1782 ita
2038 1739 2093 1783 ot
2120 1732 2365 1785 sacerdos
2389 1771 2402 1794 ,
2430 1734 2517 1799 qui
2549 1733 2671 1785 inivi
2700 1735 2977 1787 costitutus
3022 1743 3137 1799 est,
3186 1745 3283 1788 aut'

1744 1820 1932 1881 fuerit,
1963 1833 2057 1884 pro
2087 1820 2216 1872 meis
2244 1820 2559 1874 facinoribus
2589 1821 2858 1875 Dominum
2886 1806 3157 1886 det-reciri
3183 1824 3275 1877 de-

1705 1891 1889 1973 Ebeat,
1934 1910 2160 1963 obiciunt
2206 1891 2588 1980 peragendum,
2637 1912 2883 1974 viduam,
2931 1912 3171 1966 orfatmtn
3222 1927 3289 1967 es

1748 2014 2029 2067 pauperem
2059 2001 2431 2053 consolantium
2454 2044 2466 2066 ,
2494 2003 2703 2066 eginnnt
2747 2011 2800 2055 et
2842 2005 3170 2071 peregrinum
3199 2020 3280 2058 re-

1744 2090 2079 2157 cipiendum,
2128 2090 2274 2156 juxta
2328 2089 2416 2143 Dei
2467 2102 2797 2157 preceptutn,
2849 2092 3081 2146 omnium
3124 2108 3279 2159 opem

1748 2180 1883 2233 ferre
1915 2195 2016 2232 non
2048 2179 2270 2237 desinat.
2319 2179 2379 2231 Et
2409 2180 2451 2231 si
2480 2178 2598 2246 quis
2626 2179 2691 2232 de
2734 2177 2851 2231 [iliis
2881 2181 3016 2233 meis
3068 2180 3121 2233 in
3167 2181 3291 2248 ipso

1746 2279 1924 2323 sancto
1956 2270 2071 2322 loco
2099 2268 2209 2322 Deo
2236 2272 2434 2323 servire
2465 2257 2699 2323 volneret
2740 2256 3045 2334 regtdariter
3081 2284 3241 2338 agere
3264 2310 3283 2333 ,

1742 2358 1892 2411 nulla
1920 2357 1979 2410 ei'
1998 2358 2067 2411 sit
2094 2357 2439 2410 contradictio
2459 2396 2474 2421 ,
2501 2358 2624 2425 quid
2651 2358 2695 2410 si
2722 2358 2933 2411 minime
2955 2371 3021 2412 ea
3050 2357 3283 2426 legitimo

1750 2448 1910 2513 prolis
1941 2460 2085 2499 meas
2115 2446 2239 2499 inivi
2271 2449 2504 2500 volneret
2537 2446 2644 2500 Deo
2672 2450 2900 2512 servire,
2926 2456 2981 2501 et
3007 2447 3170 2501 abbas
3196 2450 3283 2515 qui

1752 2536 1871 2587 inivi
1924 2535 2196 2589 costitutus
2251 2536 2452 2595 rueret,
2504 2535 2570 2587 de
2623 2534 2717 2587 hac
2768 2535 2885 2588 luce
2936 2537 3288 2604 migraveret,

1751 2638 1908 2690 quem
1941 2623 2110 2691 ipsum
2138 2612 2595 2691 congregationem
2635 2622 2745 2675 sive
2787 2623 3027 2676 abbatem
3059 2632 3113 2676 et
3141 2625 3297 2690 prio-

1756 2716 1866 2765 rém
1899 2713 2095 2779 eligi-re
2124 2712 2236 2779 ipse
2266 2710 2317 2780 in
2350 2711 2483 2773 loco,
2514 2719 2567 2763 et
2598 2710 2725 2763 nihil
2757 2709 2881 2763 inivi
2912 2710 3046 2765 meis
3082 2710 3290 2765 heredi-

1756 2802 1853 2854 bus
1884 2809 2194 2867 pOICSL'IlellI
2226 2799 2420 2853 habeas
2448 2800 2773 2852 invasionem
2818 2798 3039 2853 faciendi
3064 2838 3080 2864 ,
3124 2812 3295 2867 neq-0

1758 2888 1944 2943 exinde
1990 2886 2181 2955 aliquid
2233 2887 2603 2954 subtragendi,
2654 2887 2753 2940 nisi
2801 2886 2901 2940 sia
2932 2886 3163 2951 qualibet
3202 2886 3297 2948 be-

1757 2978 1897 3030 mine
1951 2976 2061 3044 ipsa
2112 2975 2330 3030 ecclesia
2380 2976 2463 3027 vel
2517 2975 2837 3027 monasterio
2880 2985 3057 3029 contra
3094 2974 3340 3044 justitia.

1759 3065 1989 3132 pulsatus
2020 3064 2185 3120 lueret
2213 3079 2241 3117 a
2273 3077 2421 3118 meus
2452 3065 2692 3133 proprius
2720 3064 2926 3119 heredis
2968 3063 3159 3118 habeas
3197 3053 3296 3117 de?

1762 3153 2049 3207 iensionem
2075 3193 2089 3217 ,
2122 3167 2240 3207 nam
2272 3168 2377 3206 non
2409 3163 2682 3207 menuctus
2719 3161 2902 3206 contra
2942 3168 3098 3217 quam
3136 3153 3301 3205 dotali

1765 3254 1858 3295 seu
1889 3241 2173 3295 munusculi
2203 3242 2304 3295 mei
2354 3244 2591 3312 paginam
2632 3256 2914 3309 numquam
2954 3257 3036 3295 me
3078 3241 3304 3294 heredes

1762 3347 1908 3387 meus
1957 3335 2206 3387 adversus
2251 3334 2419 3401 ipsum
2473 3345 2711 3386 sanctum
2769 3334 2963 3386 virtute
3014 3332 3303 3401 aliquando

1765 3424 2072 3491 spondimus
2115 3428 2256 3477 esset
2299 3426 2551 3477 venturus
2574 3463 2588 3487 ,
2635 3424 2726 3476 sed
2753 3424 2928 3476 Omnia
2967 3422 3104 3477 sicut
3141 3437 3298 3490 supra

1763 3512 1952 3580 legitur
2003 3512 2373 3567 inviolabiliter
2422 3526 2759 3568 comervare.
2811 3513 2978 3579 Quam
3031 3512 3188 3567 dotali
3246 3526 3311 3567 ei:

1764 3602 2054 3655 munusculi
2087 3606 2185 3657 mei
2214 3603 2411 3656 cartnia
2439 3641 2451 3655 .
2480 3642 2493 3655 .
2522 3640 2535 3655 .
2560 3642 2578 3659 .
2600 3610 2619 3657 ‘.
2647 3643 2662 3658 .
2684 3591 2798 3657 etro
2829 3606 3009 3671 nepoti
3054 3619 3173 3657 meo
3214 3605 3313 3658 iii--

1764 3701 1937 3746 ctante
1965 3693 2203 3758 genitore
2231 3706 2326 3746 suo
2357 3691 2564 3751 Petroni
2591 3693 3176 3747 scriverecommonui.

1832 3780 2015 3832 Actum
2048 3781 2205 3833 Luca.

1832 3870 2049 3938 Signum
2111 3884 2295 3925 manus
2356 3856 2689 3944 Pertualdum
2749 3864 2917 3926 sutori
2973 3883 3029 3926 et
3088 3886 3349 3955 censor-.4

1766 3962 1947 4015 vatori.

1835 4050 2047 4119 Signum
2077 4066 2261 4103 manus
2293 4052 2511 4119 Filipcrt
2541 4054 2646 4106 lilio
2674 4053 2785 4122 ejus
2813 4056 3226 4111 consentientis.

1834 4140 2046 4206 Signum
2081 4156 2265 4193 manus
2296 4144 2624 4196 Ansualdum
2659 4149 2827 4197 testis.

1835 4229 2047 4295 Signum
2078 4244 2259 4283 manus
2291 4230 2538 4300 Radipert
2568 4232 2630 4285 ν.
2663 4233 2721 4285 D.
2754 4234 2921 4287 testis.

1841 4317 1946 4385 Ego
2003 4318 2399 4386 Rachiprandus
2453 4322 2678 4376 clericus
2730 4323 3010 4392 exemplar
3080 4324 3317 4380 [Melitera

1766 4408 2074 4472 exetuplavi.

155 4488 263 4537 illnc
307 4488 404 4549 Deo
448 4494 669 4548 devotus
713 4509 862 4563 sum,
910 4501 1025 4567 ipso
1063 4503 1368 4570 iurantem,
1403 4518 1457 4559 ut
1503 4511 1652 4563 virtut

1841 4490 1950 4559 Ego
1981 4494 2255 4565 Ermimari
2283 4498 2503 4552 clericus
2542 4500 2679 4555 hunc
2717 4501 2981 4559 exemplar
3020 4504 3088 4559 de
3127 4520 3314 4562 exem-~

110 4588 115 4589 ί
156 4578 464 4641 permiserit,
495 4598 646 4649 apem
676 4586 881 4651 perlici.
919 4588 1118 4644 Idcirco
1146 4606 1243 4660 ego
1289 4596 1559 4660 pertualdo
1588 4596 1667 4649 of-

157 4667 253 4718 lero
282 4670 410 4733 Deo,
442 4680 492 4723 ct
524 4672 614 4725 tibi
645 4676 1034 4733 ecclesiebeati
1063 4682 1361 4749 archangeli
1396 4683 1629 4739 Mmhaeli
1651 4726 1665 4751 ,

154 4770 275 4820 quen
313 4774 338 4811 a
370 4760 716 4818 fundamentis
737 4804 753 4829 ,
785 4767 1023 4835 fabricis,
1058 4772 1326 4825 vestibulis
1374 4774 1424 4825 itt
1467 4774 1666 4829 honore

154 4843 325 4899 Christi
371 4847 571 4904 Domini
614 4856 780 4908 nostri
832 4860 1080 4913 constitui
1130 4877 1289 4927 prope
1335 4863 1666 4919 domiceliula

154 4946 283 4996 mea,
316 4937 396 4989 tibi
427 4944 749 4997 cummanire
788 4930 987 5018 videor,
1017 4964 1169 5014 quam
1210 4964 1261 5003 et
1302 4952 1368 5004 ad
1405 4954 1519 5018 ejus
1560 4969 1669 5006 mo-

156 5026 449 5087 nasterium,
481 5028 614 5084 idest
640 5045 791 5087 curte
827 5016 948 5091 cuni
993 5037 1361 5104 Fundamento,
1411 5016 1502 5096 ubi
1555 5045 1667 5111 ipse

158 5113 358 5164 ecclesia
383 5116 461 5169 vel
488 5122 810 5175 monasterio
832 5125 930 5178 sita
953 5124 1108 5192 sunt,
1140 5144 1232 5196 per
1260 5130 1370 5182 ioca
1394 5132 1667 5201 designata

158 5201 262 5291 linis
286 5202 513 5272 Fossam,
540 5222 669 5277 etc.,
702 5222 838 5269 terra
867 5228 1173 5283 pertenente
1202 5223 1459 5279 modiloco
1486 5240 1667 5291 ttnmn,

156 5290 231 5343 ubi
256 5294 351 5348 sibi
374 5296 534 5351 abbas
570 5296 650 5354 vel
681 5305 923 5359 monachi
966 5308 1088 5362 iniri
1129 5311 1467 5373 consistentis
1496 5322 1664 5369 ortum

156 5382 224 5435 vei
250 5386 581 5453 pigmentario
611 5391 790 5446 bavire
827 5395 1017 5449 debeat
1043 5413 1142 5451 una
1190 5416 1307 5453 cum
1344 5410 1481 5455 terra
1509 5418 1669 5471 prope

155 5471 345 5533 civitate
361 5479 421 5531 ad
444 5477 593 5535 Valle
617 5482 909 5541 modiorum
932 5497 1172 5554 quatuor,
1191 5502 1302 5541 eam
1313 5507 1376 5558 po
1397 5492 1465 5544 ad
1483 5492 1670 5557 Quinto

156 5566 420 5623 modiorum
467 5574 726 5643 quinque,
776 5560 1044 5641 decimas,
1100 5578 1310 5645 vineas,
1367 5592 1416 5637 et
1468 5584 1665 5649 olivas,

156 5670 389 5725 quemque
422 5661 597 5715 bavire
626 5663 803 5717 videor
824 5664 890 5717 ad
918 5677 1100 5721 sancto
1131 5666 1425 5736 Patieratio,
1454 5682 1506 5725 et
1534 5672 1671 5727 deci-

159 5758 255 5799 tuas
280 5747 341 5802 de
370 5749 542 5806 vbieas
571 5758 625 5807 et
652 5754 845 5821 olivas,
866 5770 1019 5825 quam
1047 5758 1225 5814 havirc
1254 5758 1433 5821 videor
1462 5763 1523 5819 de
1552 5778 1671 5834 pro-

1771 4581 1897 4649 piari
1927 4582 2065 4636 lideli
2076 4594 2153 4638 ter
2182 4588 2498 4654 exemplari.
2636 4622 2652 4638 ο
2932 4604 2933 4607 ‘

2488 4699 2597 4753 ΧΗ.

1769 4784 2028 4839 Fundutio
2056 4794 2335 4845 monasterii
2366 4794 2815 4846 sanctimonialium
2840 4803 3025 4848 sanctae
3050 4794 3225 4849 Maria:
3256 4800 3329 4850 iter

1844 4857 2035 4931 ciuitate
2056 4857 2283 4931 Lucensi,
2304 4878 2451 4931 quam
2472 4860 2630 4915 Ursus
2642 4864 2854 4916 clericus
2876 4866 3015 4931 facit,
3040 4868 3323 4920 constituta.

1838 4928 1905 4982 ibi
1942 4928 2191 4980 abbatissa
2217 4927 2347 4981 Ursa
2373 4930 2481 4996 ﬁlia
2505 4948 2594 4983 sua
2625 4935 2781 5003 (anno
2806 4927 2954 4999 722).

1839 5048 1891 5100 In
1922 5049 2130 5101 nomine
2174 5046 2372 5102 Domini
2401 5047 2564 5100 nostri
2594 5047 2716 5100 lusu
2746 5046 2961 5101 Christi.
3040 5048 3307 5116 lit-gnanto

1764 5137 1959 5190 domno
2006 5147 2186 5189 nostro
2215 5136 2496 5203 Liutprand
2526 5136 2638 5214 viro
2686 5136 3129 5191 excellentissimo
3160 5153 3321 5205 rege,.

1766 5242 1903 5280 anno
1934 5226 2204 5280 iiiicissinti
2254 5229 2393 5294 regni
2422 5228 2532 5293 ejus
2579 5228 2633 5277 in
2677 5227 2765 5281 Dei
2797 5243 2983 5281 tuosnen
3031 5228 3324 5282 undecimo.

1769 5331 1861 5385 per
1892 5316 2171 5369 indictione
2197 5316 2421 5382 quineta.
2473 5314 2601 5367 Dum
2632 5319 2885 5385 presentis
2910 5320 3009 5369 vite
3035 5318 3307 5369 et4ransio

1749 5416 1852 5482 ttus
1884 5404 2031 5462 istius
2059 5405 2330 5473 temporis,
2375 5413 2477 5457 etc.
2538 5403 2668 5457 liinc
2696 5408 2869 5471 itaque
2896 5414 2991 5471 ego
3042 5404 3207 5459 Ursus
3236 5419 3311 5457 ex.

1772 5508 1879 5553 tota
1908 5506 2089 5555 mente
2112 5495 2404 5549 devotionis
2432 5506 2771 5561 pertractans,
2800 5510 2899 5570 que
2926 5504 3305 5560 pretnemorata

1736 5598 1906 5670 "sunt.
1939 5604 2031 5655 pro
2058 5576 2347 5642 mercedem
2371 5596 2423 5637 et
2454 5586 2735 5639 remedium
2763 5588 2931 5639 anime
2959 5600 3072 5640 mee
3092 5596 3143 5638 et
3164 5599 3304 5637 cont-

1746 5679 2098 5751 bparationem
2129 5680 2231 5731 vite
2258 5682 2458 5741 eterne,
2494 5677 2726 5729 edillcavi
2758 5677 2979 5730 ecclesia
3024 5678 3231 5742 proprio
3252 5678 3326 5729 in.

1775 5769 2037 5826 territorio
2060 5784 2175 5841 tneo
2202 5768 2253 5823 in
2282 5768 2479 5825 honore
2505 5778 2684 5823 sancte
2713 5765 2802 5822 Dei
2830 5765 3094 5836 genitricis
3124 5766 3319 5825 static...
