3840 6242
166 432 289 492 I569

160 559 264 605 cum
297 541 463 598 sancit
499 550 551 596 et
574 550 694 609 justi
724 540 997 609 participes
1025 553 1142 594 esse
1168 541 1514 594 inveniamur.
1540 540 1679 595 Hinc
1718 554 1769 612 Α

161 638 323 703 itaque
340 650 441 704 ego
472 635 699 689 Auriaud
734 632 795 687 Υ.
828 632 890 686 D.
922 647 1021 685 una
1062 646 1177 684 cum
1216 632 1452 685 Guilil'rid
1504 632 1561 683 ν.
1618 632 1684 687 D.

161 738 429 795 germanus
458 736 624 787 meus,
656 720 1007 784 tractavimus,
1038 728 1093 773 ut
1128 720 1195 773 de
1226 721 1689 787 parvitatis-rebus

162 819 344 869 nostris
362 810 520 868 novis
556 812 833 867 merciulem
870 810 1150 874 aderiscat,
1181 820 1231 863 et
1261 813 1577 865 accessimus
1621 812 1685 864 ad

163 905 216 959 ν.
240 906 305 961 D.
328 904 735 973 Tbslesperisno
762 899 867 954 Deo
890 902 1058 971 gratia
1086 902 1355 968 episcopo,
1396 901 1446 953 in
1474 900 1688 955 Christo

165 996 305 1050 Pater
332 1002 530 1057 nostro,
562 1001 617 1045 ut
642 1006 760 1044 cum
788 990 903 1059 ejus
930 989 1170 1051 consilio,
1202 1003 1293 1042 seu
1324 981 1532 1042 licentia
1566 1005 1692 1041 ora-

163 1083 342 1137 collum
387 1089 569 1136 sancte
614 1077 707 1134 Dei
754 1077 966 1131 Virtutis
1006 1073 1313 1133 construere
1362 1062 1686 1141 deveriinus,

164 1184 209 1229 ct
232 1172 467 1243 quamvis
488 1170 685 1225 brevite
713 1168 776 1221 ad
809 1166 1154 1222 fondamcntis
1182 1164 1388 1217 fabricis
1410 1163 1689 1216 ecclesiam

163 1260 587 1316 constituimusin
632 1259 828 1311 honore
873 1256 1007 1311 beati
1053 1256 1215 1309 sancti
1272 1254 1410 1307 Petri
1463 1252 1686 1317 apostoli

164 1350 207 1402 in
230 1344 341 1401 loco
367 1348 453 1416 qui
484 1337 737 1399 vo'citator
766 1342 1100 1408 Castellione,
1144 1353 1196 1397 ct
1240 1343 1515 1411 poi-bulum
1564 1354 1688 1391 mtt-

166 1438 419 1491 nusculum
470 1434 663 1487 ividcm
714 1430 1030 1486 offerimus:
1083 1433 1131 1485 id
1179 1427 1266 1486 est'
1302 1431 1491 1484 tet-rota
1547 1430 1687 1483 circa

165 1526 263 1591 ipsa
293 1524 512 1579 ecclesia
547 1521 836 1574 modiorum
876 1535 989 1585 sex,
1021 1521 1152 1574 etin
1184 1520 1286 1573 alio
1332 1520 1448 1573 loco
1498 1520 1565 1571 de
1607 1519 1694 1570 illo

165 1614 309 1667 latere
332 1612 571 1667 liimnodi
601 1612 715 1665 loco
745 1612 925 1674 vinea;
955 1622 1004 1663 et
1034 1611 1096 1662 ad
1131 1611 1227 1661 huc
1256 1622 1483 1663 nosmnn
1510 1610 1694 1660 decre-

164 1704 316 1756 vimus
339 1703 653 1755 volontatem
679 1713 774 1752 nus
809 1698 1059 1761 Auriand,
1092 1697 1325 1749 Gnilifrid
1382 1707 1439 1749 ut
1474 1696 1547 1748 fili
1583 1712 1682 1745 nn-

165 1794 248 1845 stri
276 1791 461 1844 ibidem
492 1792 542 1842 in
573 1787 686 1856 ipso
715 1789 1031 1841 monasterio
1074 1786 1271 1840 servire
1323 1786 1515 1837 deveas
1554 1799 1691 1850 una;
1724 1830 1728 1834 .

1214 429 1588 485 Dll’LOllATA
1630 428 1903 485 ECCLES.
1945 426 2275 482 SELECTA.
3205 428 3297 484 {37

2503 537 2635 594 XIV.

1790 651 1990 704 Littera:
2020 651 2354 721 Tufesperiani
2393 651 2627 721 Lucensis
2659 651 2911 721 episcopi,
2953 666 3040 719 per
3067 672 3194 721 quos
3227 658 3327 706 llo-

1859 721 2064 771 ιπηαιιΙο
2104 720 2387 787 ιιι-(τὸνθενο
2422 720 2643 772 concedit
2674 721 2725 771 in
2753 720 3045 789 beneﬁcium
3081 735 3327 783 monaste-

1859 790 2041 840 riolum
2066 804 2179 840 cum
2205 786 2512 841 xenodocftio
2542 791 2695 851 (anno
2725 786 2873 857 725).

1862 899 1915 954 In
1956 899 2164 953 nomine
2208 889 2409 952 Domilii
2455 898 2549 953 Del
2592 901 2755 953 nostri
2799 898 2923 953 Jesu
2951 898 3164 953 Christi.
3214 893 3335 951 lle?

1792 1000 1988 1060 gnante
2004 991 2198 1043 domno
2222 999 2400 1043 nostro
2425 988 2740 1057 Liutprando
2760 989 2872 1042 viro
2890 986 3328 1042 excellentissimo

1760 1090 1930 1144 “rege,
1960 1068 2097 1131 anno
2125 1077 2435 1131 felicissimo
2465 1076 2607 1145 regni
2650 1075 2767 1143 ejus
2800 1076 2954 1129 tertio
2977 1072 3201 1138 decimo,
3250 1075 3333 1128 in-

1789 1165 2015 1219 dictione
2046 1166 2231 1219 octaba
2278 1164 2515 1218 feliciter.
2568 1164 2788 1217 Constat
2831 1176 2916 1216 me
2945 1160 3333 1229 Talisperianus

1791 1252 2105 1306 venerabilis
2131 1253 2429 1322 episcopus,
2458 1252 2577 1320 quia
2604 1236 2862 1321 suggessit
2889 1250 3038 1304 nobis
3067 1252 3147 1325 vir
3174 1265 3332 1304 vene-

1792 1344 1967 1397 rabilis
2017 1343 2271 1396 Romuald
2325 1344 2637 1411 presbyter,
2689 1349 2744 1394 et
2794 1340 3019 1394 innotuit
3067 1339 3219 1393 nobis
3267 1353 3333 1392 co

1791 1432 1929 1499 quod
1960 1442 2078 1485 ante
2109 1432 2201 1484 hos
2230 1445 2398 1485 annos
2435 1430 2631 1484 exisset
2672 1428 2740 1482 de
2785 1424 2923 1481 terra
2966 1440 3058 1480 sua
3104 1426 3337 1495 parubns

1792 1521 2177 1589 Transpadanis
2210 1535 2308 1573 una
2339 1521 2362 1549 “
2388 1534 2506 1573 cum
2538 1518 2758 1572 muliere
2786 1533 2877 1571 sua
2900 1555 2917 1583 ,
2965 1514 3062 1569 sibi
3106 1516 3335 1584 peregri-

1792 1612 1949 1664 nandi
1982 1626 2073 1676 pro
2105 1612 2275 1663 anima
2308 1624 2397 1662 sua
2425 1649 2440 1672 ,
2491 1619 2543 1663 et
2573 1608 2901 1679 conlocasset
2948 1605 2999 1658 in
3050 1605 3162 1659 loco
3184 1643 3199 1667 ,
3248 1603 3337 1671 qui

1790 1702 1979 1756 dicitur
2007 1702 2333 1767 Capannnle,
2367 1701 2417 1753 in
2448 1698 2753 1752 nionastirio
2779 1698 3003 1751 ccclesie
3031 1696 3166 1749 santi
3201 1694 3339 1749 l‘etri

1792 1803 1845 1846 et
1874 1791 2040 1843 sancti
2076 1791 2281 1843 Martini
2316 1788 2605 1842 vclirsancti
2627 1786 2850 1853 Quirici.
2900 1785 2961 1838 Et
2987 1786 3111 1837 dum
3143 1784 3334 1837 ibidem

165 1897 274 1935 cum
304 1881 407 1935 ﬁlio
431 1893 548 1933 meo
576 1861 832 1932 Galduaid
868 1876 1110 1945 religioso
1131 1876 1327 1937 clirico,
1357 1888 1448 1927 seo
1478 1873 1562 1925 alii
1601 1873 1688 1925 lilii
1725 1886 1765 1945 Β
1798 1883 1848 1935 in
1883 1884 2055 1950 pan-is
2086 1882 2401 1960 substantiis
2422 1882 2707 1933 habitasset
2734 1919 2749 1943 ,
2794 1888 2915 1933 tunc
2942 1876 3081 1944 ccpit
3106 1877 3203 1929 sibi
3232 1876 3335 1930 ibi-

168 1971 338 2037 nostri,
367 1970 454 2039 qui
489 1970 595 2020 Deo
618 1967 816 2021 servire
835 1965 1075 2028 voluerit,
1109 1975 1163 2018 et
1204 1965 1392 2016 ividem
1425 1960 1692 2013 mouacale

167 2066 261 2112 vita
285 2059 452 2111 vivere
475 2055 689 2108 deveas.
722 2054 785 2107 Et
822 2053 918 2105 hoc
950 2052 1187 2105 volemus
1217 2065 1314 2102 nus
1346 2047 1686 2115 snprascripti

168 2144 440 2210 Aviani],
470 2144 728 2207 Gudif'riil,
752 2152 806 2194 ut
827 2144 879 2193 in
906 2150 1105 2200 nostra,
1132 2139 1293 2193 velde
1319 2139 1406 2189 filii
1432 2138 1594 2191 nostri
1626 2138 1697 2191 sit

170 2244 462 2307 potestatem
479 2234 668 2287 ividem
699 2239 1010 2286 sacertotem
1037 2229 1348 2292 ordinando,
1382 2236 1437 2281 et
1465 2237 1576 2295 pest
1601 2240 1694 2304 no-

126 2313 134 2319 .
168 2328 507 2390 strodeeesso,
536 2338 689 2393 quem
710 2323 777 2376 ivi
808 2323 909 2390 ipsi
932 2322 1137 2374 monaci
1162 2319 1228 2374 de
1250 2335 1309 2375 ea
1340 2322 1695 2375 consecratio-

172 2437 282 2475 nem
301 2421 484 2489 eligere
502 2418 669 2486 ipsum
688 2425 844 2468 aveat
863 2412 1157 2467 ordinatum
1179 2428 1194 2477 ;
1222 2424 1276 2474 et
1302 2411 1437 2479 quod
1454 2409 1696 2477 superius

172 2512 381 2564 mcnime
396 2506 798 2560 memoravimus
819 2502 1038 2555 duodeci
1056 2504 1219 2554 forma
1243 2502 1399 2563 olive,
1431 2499 1695 2567 quenovis

169 2597 667 2664 excomparatiouem
684 2593 747 2645 da
763 2588 1051 2645 Gualistolo
1069 2591 1301 2654 advinet,
1334 2589 1405 2641 ita
1434 2598 1483 2641 ut
1504 2588 1570 2641 ab
1599 2590 1697 2639 hoc

168 2688 250 2741 dic
275 2690 409 2739 firma
436 2686 497 2739 ad
539 2686 649 2753 ipsa
689 2690 868 2737 sancta
903 2681 1116 2735 Vertute
1167 2695 1217 2732 in
1264 2679 1471 2748 integro
1516 2692 1696 2745 posse-

171 2782 302 2842 deat,
347 2786 397 2831 et
425 2791 668 2846 umquam
692 2774 795 2829 ullo
818 2784 1051 2841 tempore
1077 2771 1142 2826 ad
1174 2770 1328 2824 novis
1360 2768 1695 2823 retraendum

170 2879 246 2923 est
270 2868 327 2921 ad
347 2868 441 2921 alia
474 2865 719 2929 ecclesia,
746 2861 835 2917 aut
863 2862 927 2916 ad
954 2863 1113 2915 alium
1155 2860 1510 2943 sacerdotem,
1556 2858 1717 2925 quod,

172 2958 231 3010 ad
258 2957 394 3010 novis
423 2954 664 3008 oﬂertnm
696 2962 800 3017 est,
830 2952 928 3004 nisi
969 2951 1059 3019 qui
1106 2950 1228 3003 inivi
1260 2949 1421 3002 abbas
1452 2948 1616 3011 fuere,
1646 2957 1699 3002 et

171 3064 314 3116 quem
361 3046 533 3099 volere
581 3052 778 3097 rectum
811 3042 957 3095 abire
1011 3042 1110 3109 ipsi
1159 3038 1363 3093 fruatur
1402 3039 1452 3090 in
1500 3038 1698 3089 honore

176 3137 381 3191 Domini.
415 3134 475 3187 Et
494 3132 639 3202 quod
675 3131 742 3184 ab
769 3144 847 3194 se,
875 3130 919 3183 si
951 3133 1071 3197 quis
1099 3129 1165 3182 de
1194 3128 1342 3181 novis
1386 3134 1697 3193 suptragere

1796 1976 1914 2029 dem
1965 1974 2259 2042 conquisite
2312 1973 2483 2026 facere
2537 1986 2637 2025 una
2687 1986 2805 2024 cum
2856 1968 3162 2036 presbiteria
3209 1982 3341 2033 sua,

1795 2052 1987 2118 casella
2033 2065 2083 2116 in
2128 2062 2302 2117 ol'ticio
2343 2061 2597 2128 ospitolis.
2652 2060 2721 2113 Et
2764 2058 3037 2127 conquiret
3085 2048 3153 2111 ibi
3203 2054 3343 2109 t'crra

1797 2154 1949 2206 vinea
1985 2169 2102 2207 cum
2137 2153 2305 2219 pretio
2333 2166 2447 2204 suo.
2502 2150 2568 2202 Et
2615 2148 2798 2218 petivit
2840 2162 2968 2212 nos,
3018 2155 3074 2200 ut
3118 2162 3212 2212 pro
3254 2146 3342 2198 Dei

1796 2256 1997 2303 amore,
2032 2250 2086 2294 el
2114 2240 2281 2293 fidelia
2314 2239 2526 2292 servitia
2556 2238 2740 2304 ipsius,
2773 2251 2927 2307 quam
2979 2236 3028 2288 iti
3077 2235 3190 2302 ipso
3221 2248 3343 2287 san-

1796 2340 1881 2385 cto
1912 2332 2022 2384 loco
2051 2343 2373 2389 concurrere
2397 2328 2535 2379 visus
2565 2335 2683 2390 est,
2734 2340 2854 2378 eum
2888 2323 3014 2376 inibi
3060 2323 3111 2376 in
3156 2321 3335 2375 officio

1799 2420 2156 2475 nionastiriale
2184 2415 2500 2473 confermari
2527 2416 2855 2469 deberemus.
2889 2412 3035 2479 Quod
3067 2421 3122 2466 et
3149 2409 3344 2464 iactum

1797 2521 1912 2565 est:
1946 2512 2022 2563 sic
2052 2510 2118 2562 ita
2151 2518 2203 2561 et
2231 2510 2282 2561 in
2312 2522 2372 2561 ea
2407 2507 2648 2567 ratione,
2702 2514 2757 2557 ut
2801 2506 2923 2556 dum
2955 2503 3200 2555 advivere
3230 2516 3346 2553 me-

1798 2601 1983 2663 rueris,
2018 2609 2069 2651 tu
2101 2596 2409 2660 Romualde,
2460 2597 2510 2647 in
2560 2596 2674 2662 ipso
2717 2604 2899 2645 sancto
2950 2593 3087 2653 loco,
3129 2601 3232 2643 tam
3266 2583 3347 2655 tu;

1797 2706 1949 2761 quam
1978 2691 2134 2744 etiam
2165 2699 2216 2743 et
2239 2688 2550 2757 presbiteria
2579 2698 2686 2747 tua,
2712 2684 2800 2751 qui
2828 2693 2903 2737 est
2940 2684 2989 2734 in
3019 2683 3132 2749 ipso
3158 2689 3345 2734 sancto

1799 2781 1977 2843 Petro,
2005 2792 2300 2845 remanent,
2328 2787 2381 2833 et
2412 2780 2499 2846 qui
2530 2776 2806 2845 presedere
2837 2772 3095 2835 debeatis,
3118 2780 3172 2823 et
3200 2771 3342 2824 nulla

1800 2868 2008 2939 patiatis
2039 2866 2301 2921 taxatione
2330 2867 2395 2919 ab
2425 2866 2529 2920 alio
2562 2864 2873 2931 presbitero,
2901 2862 2987 2929 qui
3020 2862 3224 2930 plevctn
3269 2868 3346 2914 te-

1800 2962 1971 3013 nuerit
2020 2959 2071 3012 in
2121 2957 2480 3026 suprascripto
2528 2955 2643 3007 loco
2688 2953 2991 3022 Capannnle
3032 2952 3083 3004 in
3116 2950 3347 3026 ecclesia

1797 3058 1976 3103 sancte
2005 3048 2184 3101 Marie.
2239 3042 2357 3101 Sed
2381 3020 2497 3096 volo
2526 3042 2698 3110 adque
2728 3020 2955 3095 decerno
2976 3082 2989 3104 ,
3037 3050 3086 3093 ut
3116 3020 3184 3092 ab
3213 3040 3347 3093 hanc

1799 3138 1913 3193 dies
1943 3138 2051 3207 ipsa
2079 3125 2298 3191 ecclesia
2328 3136 2380 3187 in
2412 3135 2588 3188 officio
2619 3132 2972 3187 inonastirlale
2999 3145 3207 3198 semper
3236 3145 3347 3181 ma.-

173 3229 386 3287 voloere,
426 3227 506 3278 vel
555 3224 767 3291 proprio
818 3215 1119 3285 defendere,
1179 3234 1375 3274 vacuus
1424 3228 1479 3272 et
1526 3216 1694 3271 inanis

1803 3236 1958 3282 neat:
1991 3239 2045 3281 et
2072 3235 2163 3294 per
2189 3226 2467 3279 festivitate
2491 3223 2708 3291 predicti
2741 3221 2907 3275 sancti
2941 3221 3075 3299 Petri
3104 3232 3155 3275 et
3182 3221 3359 3275 sancti

172 3316 345 3371 exinde
369 3323 540 3379 exeat,
571 3322 625 3367 et
655 3312 794 3366 dona
832 3321 1008 3401 npstra
1048 3312 1097 3362 in
1129 3311 1336 3381 integro
1368 3310 1475 3363 Deo
1498 3318 1552 3362 et
1578 3323 1698 3362 san-

170 3421 253 3459 cto
278 3406 420 3460 Petro
470 3412 771 3475 permaneat
811 3404 1164 3467 conformata;
1212 3409 1268 3455 et
1306 3415 1423 3455 cuin
1471 3414 1678 3454 summa

134 3500 137 3501 ⁷
172 3497 496 3552 delectatione
536 3493 788 3552 Sicherad
823 3493 1082 3560 presbiter
1127 3492 1300 3545 amico
1350 3499 1530 3544 nostro
1560 3490 1693 3541 hanc

173 3590 408 3642 cartalam
435 3586 687 3640 doialium
713 3583 951 3637 scrivere
980 3586 1300 3650 rogavimus,
1346 3590 1397 3635 et
1429 3580 1691 3653 perpetuis

174 3678 470 3746 trmporibus
471 3689 680 3745 ,perma
689 3681 832 3727 neat.

236 3768 411 3829 Actum
437 3764 595 3831 Luca,
626 3778 843 3831 regnum
891 3772 943 3817 et
989 3763 1278 3817 indictione
1332 3761 1692 3829 suprascripta

109 3852 126 3869 ’
175 3855 401 3912 feliciter.
1574 3920 1577 3927 Α

238 3946 274 4014 τ
306 3946 508 4015 Signum
553 3957 739 3999 manus
776 3940 1043 3997 Aurinand
1078 3939 1137 3994 Υ.
1174 3938 1237 3994 D.
1285 3937 1601 3995 benefactori
1645 3946 1699 3993 et

170 4030 533 4094 conserbatori.

239 4131 277 4197 ἰ’
309 4129 512 4197 Signum
567 4138 753 4180 manus
799 4122 1050 4179 Gudofrid
1096 4121 1158 4177 ν.
1193 4122 1234 4175 D
1271 4117 1591 4175 benefactori
1642 4127 1698 4173 et
1742 4166 1758 4177 ,

170 4216 532 4272 consorbatori.

241 4307 280 4377 1'
310 4307 511 4377 Signum
542 4294 746 4360 manus.
770 4302 1017 4359 Galsuald
1069 4304 1178 4357 lilio
1202 4302 1331 4371 ejus
1376 4311 1430 4357 et
1481 4302 1697 4365 Cliricn,

174 4396 476 4449 benefactori
506 4403 560 4449 et
590 4394 973 4450 conservatori.

244 4488 281 4555 σι’
313 4488 517 4555 Signum
545 4500 730 4540 manus
754 4484 937 4539 Gairto
968 4483 1027 4538 V.
1061 4483 1120 4537 Ι).
1151 4484 1321 4537 testis.
1584 4468 1652 4516 (ι’

246 4578 284 4645 -ι-
316 4578 517 4646 Signum
548 4590 757 4641 manus,
796 4584 901 4630 etc.

249 4690 270 4717 ⁸
292 4682 427 4749 Quod
464 4684 577 4737 sine
616 4682 1070 4737 animadversione
1111 4684 1443 4752 praetermitti
1476 4685 1651 4751 nequit

178 4726 480 4806 Biimbaldtts
509 4755 603 4806 iste
634 4754 905 4822 presbyter
934 4726 1443 4812 utta'ctimwuiuliere.
1465 4726 1696 4815 siiva’,miil

178 4830 261 4873 est
282 4836 387 4873 cum
417 4836 577 4874 uxore
603 4834 719 4886 sua,
750 4832 865 4889 post
892 4824 1367 4892 peregrinationem
1398 4834 1695 4886 susceptam

180 4904 277 4968 pro
297 4892 457 4968 anima
484 4905 587 4968 sua‘
608 4892 659 4943 iu
690 4899 865 4968 partes
893 4893 1317 4968 Transpadanos,
1347 4892 1700 4968 collocaverat

177 4974 235 5007 se
268 4958 308 5009 in
336 4961 444 5012 loco
471 4956 787 5024 Cap'auuul'a
818 4963 869 5011 in
910 4960 1284 5013 monasterium
1315 4960 1481 5013 saneti
1516 4961 1653 5013 Petri
1683 5001 1698 5023 ,

176 5028 339 5099 ibique
374 5030 613 5099 exiguam
664 5037 912 5099 erexerat
935 5027 1242 5099 hospitalem
1277 5030 1506 5081 domum.
1557 5031 1698 5083 Con-

163 5096 308 5173 cedit
328 5111 445 5173 ergo
471 5098 874 5175 'l'aiesperianus
896 5096 1207 5163 episcopus,
1248 5101 1337 5175 qui
1378 5114 1435 5152 se
1478 5102 1526 5149 in
1568 5101 1699 5153 sob-

179 5168 440 5229 scriptione
463 5168 708 5220 eximium
739 5168 1003 5228 nominat,
1045 5181 1146 5218 non
1178 5168 1421 5233 exiguum
1441 5206 1454 5224 .
1485 5177 1540 5220 ιιι
1574 5184 1700 5222 usus

180 5233 400 5296 terebat;
447 5236 721 5299 concedit,
776 5236 1019 5302 inquam,
1069 5246 1122 5287 ιιι
1167 5236 1336 5289 cidem
1371 5247 1553 5291 sancto
1587 5240 1701 5291 loco

182 5302 423 5382 president
444 5316 549 5382 tam
581 5306 691 5382 ipse
719 5304 1041 5382 Romnaldus
1071 5320 1224 5372 quam
1252 5306 1405 5365 etiam
1452 5317 1503 5357 et
1547 5322 1698 5382 pres-

181 5372 368 5451 byteria
403 5372 569 5451 iuius,
612 5376 855 5451 Ιιυιιῇιιξι1
890 5375 1071 5451 eadem
1102 5389 1215 5439 quae
1245 5390 1401 5451 supra
1438 5377 1701 5429 nominata

180 5451 264 5517 est
298 5442 651 5517 illiuscoujnx.
697 5444 796 5517 Qui
828 5443 937 5493 tieri
980 5443 1029 5494 id
1071 5444 1330 5511 potuerit,
1362 5454 1704 5517 percontetur

183 5507 376 5588 aliquis,
398 5507 648 5588 simulque
674 5507 913 5588 miretur,
939 5527 1055 5588 cum
1073 5507 1419 5588 continentim
1445 5526 1623 5565 votum
1652 5514 1702 5568 in

187 5575 355 5653 lautitia
380 5575 844 5653 saltenid‘ioclesia,
874 5581 954 5653 vel
982 5595 1010 5631 a
1046 5581 1225 5653 primis
1261 5582 1508 5653 Ecclesize
1538 5597 1704 5636 saecu-

186 5648 275 5707 lis,
316 5648 658 5704 sacerdotibus
698 5650 1148 5718 mmscriberetur.
1202 5649 1253 5703 id
1285 5652 1493 5718 quidem
1523 5668 1703 5706 verum

187 5725 297 5791 est;
343 5726 390 5768 at
430 5723 625 5783 quoties
671 5724 783 5771 viro
830 5720 1110 5791 coniugati)
1156 5720 1219 5771 ad
1269 5735 1451 5775 sacros
1492 5721 1706 5791 ordines

188 5788 307 5839 oliui
334 5800 435 5839 ciat
465 5792 661 5857 aditus,
704 5801 809 5844 tuin
840 5788 987 5858 ipse,
1026 5801 1130 5844 lum
1160 5803 1270 5859 c,us
1302 5806 1431 5847 ιιιοι·
1463 5790 1702 5847 cxiibcm

1726 4534 1775 4590 υ

1798 3314 2002 3370 Martini
2036 3314 2115 3366 vel
2154 3314 2320 3365 sancti
2349 3312 2544 3376 Quirici
2586 3311 2649 3363 ad
2688 3311 2908 3364 ecclesia
2942 3302 3107 3363 sancti
3130 3308 3360 3365 Martini.
3404 3318 3411 3327 ’

1795 3407 1848 3459 in
1879 3408 2148 3475 episcOpio
2178 3406 2451 3459 luminaria
2470 3446 2483 3469 ,
2518 3405 2603 3459 vel
2634 3405 2769 3472 quod
2807 3404 3059 3457 Dominus
3084 3402 3350 3457 condonur

1758 3553 1770 3563 ,
1796 3499 1959 3561 verit,
1994 3496 2021 3535 δ
2046 3498 2267 3550 salutem
2298 3497 2555 3549 adducere
2600 3480 2800 3548 debeas.
2824 3506 2927 3546 tam
2975 3499 3029 3545 tu
3080 3506 3235 3562 quam
3263 3490 3354 3546 vel

1794 3589 1921 3656 quis
1948 3597 2124 3653 postea
2155 3586 2425 3640 ordinatus
2455 3584 2608 3639 fuerit
2638 3603 2649 3636 :
2700 3594 2746 3637 ct
2783 3595 3063 3649 numquam
3116 3593 3210 3632 non
3257 3580 3347 3633 vcf

1798 3687 2038 3745 posteros
2069 3688 2247 3731 noster
2274 3685 2327 3731 et
2352 3677 2416 3729 de
2445 3676 2577 3728 hanc
2604 3675 2743 3727 dicto
2774 3673 2887 3726 loco
2917 3669 3184 3724 molestari
3211 3683 3337 3737 pre-

1794 3776 1991 3829 smnat,
2042 3768 2131 3820 sed
2163 3767 2286 3819 volo
2331 3776 2384 3818 ut
2429 3766 2630 3817 cunctis
2660 3763 2844 3815 diebus
2876 3760 3085 3829 quietus
3132 3760 3182 3811 iti
3230 3757 3345 3823 ipso

1796 3868 1979 3910 sancto
2008 3856 2126 3909 loco
2157 3854 2389 3908 residere
2421 3854 2614 3906 valeas.
2647 3852 2810 3917 Quam
2844 3848 3112 3903 beneﬁciis
3139 3846 3344 3909 cartula

1796 3933 1963 4005 Sicori
1989 3947 2193 4001 notario
2215 3931 2444 4000 scribere
2461 3942 2734 4013 jussimus,
2751 3950 2803 3993 et
2825 3955 2919 3993 nos
2940 3940 3118 3992 subter
3137 3937 3343 4006 signum

1796 4049 1973 4092 sancte
2014 4037 2187 4098 crucis
2225 4036 2428 4088 ficimus
2452 4073 2467 4098 ,
2516 4042 2570 4087 et
2613 4030 2982 4086 sacerdotibus
3019 4025 3345 4083 tradedimbs

1798 4125 2132 4179 roboranda"

1868 4216 2051 4266 Actum
2087 4210 2255 4271 Luca,
2293 4212 2378 4262 dte
2424 4225 2478 4261 et
2518 4222 2735 4275 regnum
2766 4221 2821 4259 et
2849 4204 3131 4259 ttidictione
3159 4213 3346 4270 supra-

1798 4304 1986 4367 SCripta
2014 4300 2256 4353 feliciter.
2306 4346 2316 4355 .

1869 4394 1906 4465 -ι-
1938 4394 2045 4459 Ego
2076 4394 2478 4460 Talesperianus
2508 4392 2729 4445 eximius
2758 4392 3035 4471 episcopus
3064 4386 3186 4441 huic
3212 4401 3335 4441 car-

1802 4488 1910 4539 tule
1938 4484 2173 4538 beneficii
2204 4481 2327 4537 facti
2369 4481 2421 4535 in
2465 4482 2720 4535 Romuald
2768 4478 3061 4549 presbitero
3097 4475 3347 4534 consensi

1799 4588 1849 4629 ct
1880 4576 2102 4643 iscripsi.
2260 4584 2263 4585 '

1797 4687 1992 4741 exinde
2020 4686 2178 4739 vitam
2213 4685 2613 4753 profitebantur.
2646 4685 2836 4751 illaque
2867 4671 2968 4736 non
2999 4680 3192 4753 coniux
3222 4693 3339 4753 ait):

1800 4759 1951 4824 phus,
1977 4758 2067 4813 sed
2092 4748 2242 4808 soror
2266 4755 2641 4821 appellabatur,
2666 4764 2723 4806 ut
2745 4748 2908 4824 etiam,
2931 4766 3047 4824 pag.
3071 4750 3140 4824 DS
3161 4748 3348 4824 cvi-£8.

1801 4816 1921 4877 iunxi
1944 4816 1961 4878 l
1985 4826 2235 4878 Anecdot.
2256 4816 2422 4877 Latin.
2441 4816 2679 4883 exempto
2701 4821 2864 4875 sancti
2886 4816 3083 4875 Paulini
3106 4816 3342 4875 ostendi.

1803 4896 2081 4961 Disciplina
2114 4905 2255 4947 certe
2283 4894 2635 4946 ecclesiastica
2664 4892 2841 4945 multis
2870 4888 3349 4961 conciliorumAdea

1799 4956 1957 5035 cretis
1997 4966 2136 5035 inter,
2160 4966 2314 5035 hosce
2354 4964 2752 5035 contubernium
2795 4974 3003 5035 quoque
3050 4956 3337 5035 interdixit.

1804 5034 1994 5087 Verum
2028 5045 2079 5083 ιιι
2109 5025 2159 5083 i'n
2194 5032 2565 5094 Dissertatiinie
2594 5032 2658 5083 de
2688 5025 2931 5095 Agapetis
2946 5035 3016 5097 et
3046 5025 3350 5097 Synisactis

1801 5104 1851 5155 in
1885 5102 2164 5155 Anecdotis
2192 5100 2391 5153 Graecis
2412 5140 2427 5162 ,
2474 5110 2581 5151 tum
2626 5114 2687 5149 ex
2723 5097 2913 5151 Codice
2944 5095 3335 5158 Theodosiano,

1802 5183 1908 5223 ttttn
1954 5186 2016 5223 ex
2062 5170 2184 5222 aliis
2212 5171 2540 5234 antiquorum
2590 5167 2775 5219 edictis
2803 5166 3051 5229 ostendi',
3101 5175 3347 5234 tempore

1803 5242 1977 5301 fuere,
2022 5239 2211 5305 quibus
2240 5230 2385 5291 licuit
2413 5235 2730 5303 presbyteris
2771 5251 2888 5290 cum
2936 5234 3185 5305 uxoribus
3226 5230 3349 5285 suis.

1801 5303 2080 5370 commune
2109 5310 2276 5360 adhuc
2311 5316 2500 5358 tectum
2533 5306 2747 5367 habere,
2777 5306 2896 5358 dum
2929 5307 2994 5356 ab
3022 5303 3337 5355 0ml|l\Clllll-

1804 5381 1999 5431 tnercio
2020 5379 2191 5430 carnis
2219 5376 2557 5428 abstinerent.
2593 5374 2907 5441 litgidiorem
2934 5387 2991 5425 se
3018 5371 3211 5437 praebet
3242 5370 3341 5441 hae

1803 5448 1852 5501 in
1887 5464 1942 5499 re
1975 5458 2263 5513 temporum
2300 5454 2595 5497 nostrorum
2630 5440 2930 5507 disciplina,
2968 5450 3021 5494 et
3046 5440 3344 5513 euidentius

1802 5518 2007 5580 quidem
2050 5509 2101 5568 et
2130 5517 2346 5580 miluitts.
2400 5514 2500 5565 Sed
2534 5528 2669 5565 nunc
2697 5514 3015 5580 qttzcrituus,
3064 5525 3170 5580 non
3215 5509 3343 5580 quid

1806 5576 2135 5646 faciendum,
2194 5576 2290 5635 sed
2343 5582 2464 5649 quid
2520 5576 2726 5635 factum
2763 5579 2913 5634 fuerit
2967 5594 2994 5630 a
3050 5576 3337 5645 majotibns

1805 5655 2015 5708 mistris.
2060 5654 2267 5706 Μυκη.

1875 5723 1897 5759 ι’
1941 5724 2165 5774 Salutem
2192 5720 2663 5788 adducerejebru,
2701 5718 2748 5770 id
2780 5729 2858 5771 est
2888 5718 3101 5777 donum,
3127 5730 3335 5779 munus,

1806 5794 2145 5851 oblationem.
2181 5791 2307 5845 Vidc
2337 5787 2472 5845 nunc
2500 5804 2658 5849 inuris
2690 5790 2839 5845 istius
2868 5787 3247 5857 antiquitatem.
