3840 6242
492 438 620 497 ιετι
796 500 803 507 ,

557 540 884 602 Sichintund,
915 547 1017 591 etc.

563 635 670 699 Ego
715 626 987 682 Deusdedit
1032 624 1286 699 presbiter
1325 622 1443 675 huic
1484 619 1695 674 cartula
1725 618 2023 673 donationis

490 698 623 773 facta
673 721 721 771 in
767 716 985 771 ecclesia
1030 698 1193 766 Sancti
1244 710 1389 765 Petri
1440 704 1682 763 manibus
1726 710 1859 765 meis
1894 710 2024 762 sub-

488 808 692 877 scripsi.
804 808 811 810 ‘
940 808 943 809 ⁷
1189 868 1282 923 xv

488 968 707 1021 Rudcliis
735 968 886 1019 abbas
919 963 1205 1023 nionaslerii
1244 961 1399 1011 sancti
1429 957 1686 1011 Michaelis
1716 958 1766 1009 in
1801 955 2015 1008 Lucensi

552 1038 795 1105 agrowsili
834 1048 1160 1087 successorem
1190 1030 1278 1081 sibi
1306 1031 1359 1081 in
1388 1030 1556 1105 eodeni
1578 1040 1795 1105 munere
1813 1025 2018 1105 enimi-

552 1093 645 1158 ta'it
677 1103 1068 1167 Waltprandum
1111 1101 1344 1152 clericum
1384 1098 1545 1165 ﬁliuni
1578 1095 1825 1163 Wulperti
1862 1093 2012 1145 ducis

549 1179 706 1242 (amre
736 1174 881 1240 7‘28).

552 1260 608 1316 In
645 1265 852 1315 nomine
888 1258 1089 1312 Domini
1129 1255 1291 1309 nostri
1329 1252 1456 1307 Jesn
1481 1252 1699 1306 Christi.
1748 1251 2027 1318 Regnante

479 1350 674 1404 domno
703 1359 881 1402 nostro
904 1346 1207 1429 Liutprand,
1236 1358 1373 1395 anno
1403 1341 1685 1395 felicissimi
1718 1340 1861 1407 regni
1893 1340 2018 1407 eius

488 1439 867 1501 scxtodeeimo,
891 1453 981 1504 per
1008 1437 1129 1490 indi.
1150 1435 1289 1487 tione
1313 1432 1585 1486 undecima
1612 1429 1851 1483 feliciter.
1885 1428 2049 1481 [ιω-ν

478 1532 596 1582 cbis
618 1528 934 1582 venerabilis
962 1526 1122 1578 abbas
1151 1522 1407 1591 presbiter
1436 1520 1526 1573 tibi
1556 1518 1860 1572 dulcissimo
1887 1526 1942 1571 et
1975 1518 2025 1571 in

476 1620 690 1673 Christo
716 1619 823 1672 tilio
846 1610 1397 1685 Waltprand‘clericus
1423 1612 1528 1665 filio
1553 1610 1731 1664 domui
1754 1610 2023 1678 Waltpert

474 1710 703 1775 glorioso
730 1708 849 1761 duci
879 1707 1123 1760 salutem.
1160 1700 1489 1758 Manifestum
1522 1703 1647 1756 mihi
1675 1712 1775 1766 est,
1804 1710 1859 1755 et
1888 1702 2024 1755 mul-

428 1808 431 1811 ’
475 1807 645 1853 torum
684 1796 922 1858 claruet,
971 1798 1110 1863 quod
1155 1809 1255 1863 ego
1303 1792 1531 1846 Badebis
1577 1806 1679 1845 una
1720 1806 1838 1843 cum
1886 1790 2023 1842 bone

476 1888 730 1941 memorie
753 1885 1008 1939 Ansefred
1031 1897 1314 1952 germanus
1339 1894 1488 1933 meus
1516 1881 1835 1934 monasterio
1852 1879 2022 1932 sancti

476 1977 741 2031 Michaelis
766 1990 795 2027 a
823 1974 1164 2029 fundamenta
1194 1972 1442 2026 edificare
1468 1970 1565 2023 visi
1608 1984 1790 2024 sumus
1837 1968 1924 2022 hic
1972 1969 2023 2020 in

444 2064 451 2071 “
477 2067 615 2133 loco,
635 2066 717 2121 cui
741 2065 1044 2118 vocabulum
1070 2060 1154 2117 est
1176 2064 1485 2130 Apuniano;
1515 2070 1569 2115 et
1591 2060 1814 2129 qualiter
1837 2072 2023 2126 supra-

470 2156 696 2223 scriptus
724 2153 944 2207 Ansfred
986 2166 1273 2220 germanus
1307 2164 1455 2204 meus
1483 2148 1822 2203 medietatem
1853 2146 2023 2201 omni-

471 2245 572 2296 bus
611 2239 766 2295 rebus
806 2240 1099 2298 substantie
1135 2253 1230 2292 sue
1281 2238 1474 2291 ividem
1525 2252 1616 2305 per
1655 2236 1795 2290 dotis
1835 2236 2022 2302 pagina

469 2330 726 2392 contulit,
777 2328 927 2383 simol
971 2335 1025 2381 et
1067 2341 1167 2394 ego
1211 2334 1535 2378 memoratus
1577 2322 1807 2377 Radcbis
1850 2337 2022 2374 meam

470 2432 617 2488 parte
657 2420 708 2471 in
749 2419 952 2485 integro
994 2416 1130 2470 idem
1180 2430 1274 2483 per
1305 2414 1569 2482 preilictas
1596 2412 1736 2466 dotis
1778 2410 2021 2465 fermavi.

471 2510 615 2563 Nunc
639 2521 764 2562 vero
790 2508 991 2560 recolor
1015 2508 1114 2573 ego
1145 2504 1280 2557 hanc
1308 2502 1541 2555 ltadchis
1566 2500 1822 2571 fragilitas
1854 2498 2021 2565 seculi

470 2602 661 2655 istius:
702 2598 819 2653 ideo
850 2598 984 2651 bona
1014 2604 1242 2650 mentem
1283 2605 1339 2648 et
1377 2604 1666 2661 spontanea
1695 2592 2021 2643 voluntatem

469 2689 589 2741 volo
631 2689 801 2757 adque
842 2679 1116 2749 decerno,
1168 2692 1226 2736 ut
1269 2691 1324 2735 tu
1376 2682 1674 2733 n'miuatus
1702 2676 2021 2744 Waltpraud

469 2780 586 2845 ipso
607 2752 791 2831 sancto
815 2776 905 2828 Dei
933 2770 1252 2826 monasterio
1275 2771 1411 2824 beati
1435 2767 1675 2822 Micltaeli
1701 2780 1820 2819 cum
1844 2752 2028 2817 omnia

474 2880 525 2921 et
556 2869 608 2940 ip
630 2865 877 2920 omnibus
903 2864 1090 2917 ividein
1117 2867 1479 2931 pertenentem
1506 2859 1570 2910 ad
1596 2854 2021 2925 gubernandum,

1631 418 2221 480 LANGOBABDORUM
2262 422 2491 479 REGUM

2054 529 2107 588 Δ
2200 535 2383 587 Actum
2422 534 2475 587 iu
2511 535 2867 603 suprascripto
2896 536 3011 590 loco
3039 538 3336 607 Aponiano,
3364 555 3562 612 regnum
3585 561 3641 604 et

3524 435 3652 490 {3‘2

2132 620 2415 678 indictione
2436 627 2787 693 suprascripta
2816 628 3056 684 feliciter.

2200 712 2241 782 -ι-
2264 714 2479 779 Signum
2511 730 2695 769 manus
2727 716 2953 773 Radchis
2980 722 3295 775 venersvilis
3328 726 3486 780 abbas
3510 744 3648 795 pres.

2130 800 2265 854 biter
2282 801 2373 866 qui
2403 802 2514 869 ipso
2540 803 2808 859 ﬁrmitatis
2837 809 3100 863 tuonimeu
3131 810 3247 864 ﬁeri
3277 814 3487 881 rogavit.

2158 909 2169 919 ο
2202 890 2311 957 Ego
2346 891 2752 957 Talesperianus
2779 895 3005 950 eximius
3032 898 3341 965 episcopus,
3388 902 3501 956 huic
3536 919 3649 958 car-

2132 984 2236 1036 tule
2263 984 2559 1038 donationis
2589 985 2723 1039 facta
2752 987 2816 1040 ad
2849 987 3075 1041 Radehis
3102 992 3364 1057 presbiter
3389 993 3438 1046 in
3467 994 3643 1048 Walti-

2130 1071 2291 1137 prand
2322 1072 2536 1137 clerico,
2563 1068 2698 1127 sicut
2725 1075 2967 1143 superius
3000 1075 3188 1145 legitur
3215 1080 3279 1132 ad
3309 1081 3653 1137 continuando

2126 1161 2393 1214 suscrihsi.

2201 1248 2309 1317 Ego
2330 1249 2703 1306 Sichimundus
2732 1253 3043 1308 veneravilis
3073 1255 3332 1322 presbiter
3360 1260 3648 1324 rogatusad

2128 1337 2317 1390 [tacitis
2340 1340 2673 1405 veneravilis,
2705 1340 2779 1394 iu’
2803 1342 2954 1396 hanc
2980 1343 3278 1397 donationis
3310 1350 3499 1399 cartula
3526 1348 3654 1401 facta

2129 1427 2178 1479 in
2208 1426 2512 1497 Waltpraud
2558 1430 2826 1495 clericus,
2881 1431 3016 1485 sicut
3060 1435 3304 1499 superius
3353 1434 3547 1501 legitur,
3593 1436 3657 1488 ad

2127 1517 2485 1573 confirmando
2511 1519 2823 1574 subscribsi.

2197 1604 2411 1673 Signum
2442 1621 2626 1661 manus
2655 1607 2907 1676 Teutpald
2936 1609 2998 1663 V.
3028 1609 3089 1664 D.
3117 1610 3363 1675 Scaviuo,
3389 1580 3547 1668 tristis.

2201 1693 2309 1763 Ego
2341 1694 2549 1749 Taifred
2581 1697 2840 1765 presbiter
2869 1708 3079 1767 rogatus
3120 1700 3187 1753 ad
3217 1700 3439 1758 Radcbis
3464 1704 3655 1765 presbi-

2129 1793 2242 1838 tero
2288 1784 2343 1837 iu
2392 1786 2525 1838 hanc
2548 1786 2747 1839 cartula
2778 1787 3072 1842 donationis
3099 1788 3237 1842 facto
3279 1790 3330 1842 in
3359 1788 3651 1859 Waltprand

2124 1876 2337 1940 abbate,
2368 1880 2609 1944 proprias
2638 1891 2822 1931 manus
2850 1893 2994 1932 meas
3020 1880 3330 1947 subscripsi.

2194 1965 2413 2033 Signum
2446 1980 2631 2019 manus
2658 1967 2893 2020 Raduald
2926 1967 3033 2021 filio
3050 1967 3344 2032 Guntifred,
3369 1969 3530 2033 testis,
3550 1983 3653 2025 etc.

2200 2056 2308 2123 Ego
2328 2054 2653 2109 Gaudentius
2674 2055 2914 2125 indignus
2937 2058 3217 2125 presbiter,
3237 2059 3465 2111 notarius
3484 2071 3658 2113 salicto

2127 2144 2365 2198 Eeclesie
2391 2144 2640 2199 Lucensis
2665 2145 2917 2211 civitatis,
2944 2157 3195 2214 quantum
3220 2148 3273 2200 in
3301 2150 3555 2201 autentico
3583 2149 3657 2201 in-

2124 2232 2308 2287 venire
2339 2234 2481 2299 potui
2500 2273 2515 2295 ,
2545 2235 2660 2287 sine
2686 2232 2869 2288 fraude
2897 2236 2981 2289 vel
3010 2236 3133 2288 dolo
3161 2236 3482 2304 exemplavi,
3511 2250 3656 2291 cun-

2126 2322 2284 2389 plevi,
2314 2329 2367 2374 et
2393 2319 2533 2383 dedi,
2565 2334 2662 2374 nec
2686 2323 2913 2375 menitne
2936 2321 3147 2376 scribsi.

2832 2430 2967 2484 XVI.

2121 2520 2382 2575 Fundatio
2406 2521 2707 2589 zenodochii
2734 2522 2787 2573 in
2825 2522 3065 2584 pomerio
3104 2521 3344 2574 Lucensis
3373 2522 3504 2573 urbis
3532 2522 3662 2587 forte

2188 2608 2221 2643 a
2248 2592 2583 2644 Sichimuudo
2607 2590 3034 2657 arcltipresbytero
3060 2590 3298 2642 Lucensis
3330 2590 3573 2647 Ecclesiae.
3604 2607 3663 2642 ac

2188 2661 2343 2734 tribus
2361 2668 2384 2693 ⁸
2401 2660 2643 2728 gasindiis
2667 2658 2969 2726 Liutprandi
2990 2660 3142 2726 regis,
3166 2658 3329 2711 Ticini
3348 2658 3657 2726 (ΑιυιοἹίθ).

2190 2768 2463 2837 Regnante
2497 2767 2691 2822 domno
2716 2778 2901 2823 nostro
2931 2766 3238 2835 Liutprand.
3268 2767 3381 2822 viro
3409 2766 3661 2822 excellat-

2122 2857 2327 2925 tissimo
2362 2862 2517 2925 rege,
2546 2871 2682 2910 anno
2710 2855 2915 2924 pietatis
2942 2855 3057 2925 ejus
3087 2865 3275 2910 octavo
3310 2858 3529 2920 decimo,
3567 2856 3669 2910 sub

471 2968 525 3011 et
554 2958 781 3026 regendo
814 2957 864 3007 in
894 2963 981 3007 tua
1010 2952 1092 3007 sid
1124 2958 1458 3020 potestatem,
1488 2954 1747 3013 quatenus
1772 2945 1836 2997 ad
1866 2952 1941 3006 te,
1967 2950 2022 2994 et

2138 2946 2209 3001 lie
2252 2962 2315 2999 sv
2358 2946 2582 3001 Kalend.
2631 2946 2871 3011 Januar.,
2919 2946 3202 2999 indictione
3244 2948 3396 3017 tertia
3444 2946 3657 2999 decima.

475 3014 779 3115 patentibus
821 3045 924 3098 tuis
959 3043 1102 3098 omni
1124 3014 1381 3108 tempore
1418 3039 1529 3106 ipse
1559 3033 1875 3089 venerabilis
1924 3030 2019 3085 Dei
2117 3037 2340 3089 Oraculo
2391 3045 2692 3089 sanctorum
2744 3034 2937 3089 Christi
3000 3014 3359 3087 confessorurn
3410 3032 3662 3097 Set-undi,

475 3135 793 3189 monasterio
819 3133 884 3185 ab
910 3132 1049 3185 omni
1081 3126 1437 3183 controversia
1466 3122 1688 3178 seculari
1714 3120 2017 3173 defensatus
2049 3158 2095 3220 Ω
2125 3123 2401 3176 Gaudentii
2431 3132 2587 3188 atque
2614 3121 2951 3185 Columbani,
2982 3121 3120 3187 quod
3154 3120 3261 3172 Deo
3286 3121 3497 3187 juvaute
3523 3128 3661 3173 extra

474 3234 617 3279 esset
645 3223 968 3285 inveniatur;
999 3229 1052 3274 et
1082 3229 1133 3273 tu
1159 3217 1483 3280 dulcissime,
1504 3224 1557 3269 et
1582 3213 1634 3266 in
1651 3212 1865 3266 Christo
1891 3208 2019 3279 ﬁlio,

472 3313 786 3382 Waltprand
824 3313 902 3366 sie
942 3312 993 3365 in
1035 3312 1148 3379 ipso
1179 3308 1503 3363 monasterio
1531 3318 1825 3373 guvernare
1854 3309 1907 3355 et
1937 3314 2021 3355 re—

472 3421 598 3474 gere
619 3404 816 3470 diveas,
841 3412 896 3456 ut
922 3404 1063 3456 omni
1090 3412 1323 3469 tempore
1350 3399 1402 3451 in
1428 3396 1673 3451 omnibus
1698 3394 2019 3455 melioratas,

467 3505 521 3547 et
568 3510 669 3546 non
718 3494 768 3545 in
814 3490 1106 3545 luminariis
1134 3489 1217 3543 vel
1256 3486 1429 3539 oftieio
1472 3485 1762 3551 depereat;
1806 3490 1860 3533 et
1904 3487 2021 3546 post

468 3587 615 3637 obito
642 3598 759 3636 meo
785 3572 997 3646 omnia,
1046 3590 1099 3634 et
1143 3580 1194 3632 in
1242 3576 1517 3640 omnibus,
1561 3573 1697 3647 sicut
1725 3570 1869 3636 dixi,
1910 3571 2023 3639 ipse

484 3682 665 3727 Sattclo
692 3666 1031 3733 tuouasterio,
1062 3675 1115 3721 et
1150 3680 1333 3719 omnes
1365 3677 1455 3732 per
1483 3661 1676 3716 ividetn
1710 3666 2020 3727 perteuente

372 3765 376 3768 ⁴
473 3765 525 3815 in
576 3775 660 3814 tua
706 3758 1065 3817 defensionem
1109 3767 1163 3811 et
1207 3756 1440 3809 dominio
1480 3751 1653 3804 valeat
1687 3762 2019 3815 permanere.

410 5894 461 5935 "st

471 3854 537 3906 Et
562 3853 684 3906 dum
733 3864 835 3919 ego
876 3849 1117 3916 superius
1162 3846 1457 3898 nominatus
1504 3840 1716 3893 [latebis
1767 3837 2016 3889 advivere

471 3955 733 4005 meruero,
774 3941 951 4005 omnia
999 3954 1085 3991 res
1126 3938 1234 4003 ipsa
1265 3950 1381 3988 cum
1429 3932 1662 4000 predicto
1692 3928 2020 3983 monasterio

471 4013 809 4101 gnveruantfo
862 4039 920 4085 et
969 4028 1237 4097 regendo,
1288 4025 1337 4077 in
1388 4039 1503 4077 inea
1549 4023 1628 4075 sid
1679 4020 2017 4089 pbtesta'teln.

476 4125 601 4177 l’nsl.
642 4108 941 4177 obito‘vero
989 4135 1107 4173 meo
1157 4127 1208 4171 tu
1256 4116 1444 4170 ividcm
1475 4116 1722 4168 dominus
1747 4124 1800 4166 et
1825 4113 2019 4181 guber-

474 4226 625 4269 natur
650 4228 769 4269 esse
800 4212 1103 4272 in’veuiaris,
1155 4217 1209 4262 et
1251 4206 1503 4259 fatuiliola
1542 4204 1707 4257 sancti
1751 4201 1977 4255 Miehaili
2004 4238 2021 4265 ,

472 4307 558 4373 qni
590 4284 707 4373 post
743 4318 825 4355 me
861 4301 1207 4361 remanserit,
1258 4305 1312 4349 tu
1359 4306 1451 4349 eos
1499 4308 1682 4363 regere
1729 4307 2025 4361 guvernare

474 4371 649 4449 diveas
683 4394 766 4446 hic
806 4388 1131 4457 irr'lpso‘ﬁci
1165 4386 1508 4447 milsmrio,
1541 4395 1595 4438 ut
1622 4399 1725 4436 non
1758 4383 1809 4435 in
1842 4371 2021 4460 errore

2128 3227 2305 3266 muros
2347 3211 2572 3266 civitatis
2623 3210 2892 3273 Lucensis,
2943 3210 3058 3262 loco
3102 3208 3188 3262 ubi
3236 3209 3423 3263 dicitur
3466 3209 3661 3274 Apulia,

2126 3305 2371 3359 editicare
2400 3304 2709 3370 disponent,
2750 3302 2837 3354 ubi
2884 3308 2938 3354 et
2974 3285 3214 3352 diacopia
3254 3301 3305 3351 in
3344 3300 3665 3365 susceptione

2125 3397 2522 3463 peregrinorum
2559 3393 2672 3447 tieri
2711 3399 2996 3457 exoptant,
3044 3390 3327 3457 Sigemund
3367 3389 3665 3443 venerabilis

2123 3486 2530 3553 arcliipresbiter
2552 3484 2785 3561 ejusdem
2810 3480 3054 3535 Ecclesia:
3077 3480 3348 3545 Lucensis,
3372 3494 3462 3535 seu
3484 3479 3662 3532 Theot-

2124 3588 2260 3645 pert,
2304 3585 2357 3628 et
2401 3574 2651 3641 llatpertf
2683 3582 2839 3639 atque
2878 3580 2932 3625 et
2967 3569 3232 3636 Gotlepert
3264 3568 3369 3621 VV.
3411 3567 3533 3637 MM.
3565 3567 3661 3622 Ga-

2124 3670 2259 3721 sindi
2293 3667 2463 3733 regis,
2496 3652 2599 3718 lilii
2622 3662 2883 3731 quondam
2916 3658 3190 3713 Gunduald
3211 3698 3226 3722 ,
3260 3668 3526 3723 presentes
3552 3672 3662 3725 pre-

2124 3758 2362 3812 sentibus
2400 3753 2646 3807 dixerunt
2686 3769 2698 3804 :
2741 3750 2795 3803 In
2839 3749 3125 3818 Evangelia
3164 3743 3428 3803 lledentor
3464 3745 3665 3800 humani

2123 3849 2351 3915 generis,
2398 3854 2502 3897 etc.
2544 3844 2874 3910 Quapropter
2916 3854 3012 3892 nos
3055 3839 3167 3892 Deo
3208 3838 3497 3903 inspirante
3531 3838 3665 3903 jnsta

2128 3937 2390 4002 propriam
2421 3934 2745 3986 voluntatem
2784 3938 2837 3984 et
2871 3938 2995 3981 vota
3025 3928 3192 3993 ipsum
3226 3936 3465 3979 sanctusn
3494 3940 3666 3978 oracu-

2124 4027 2230 4079 lntn
2262 4024 2505 4077 editicare
2525 4020 2851 4087 disponimus
2877 4018 2927 4069 in
2953 4015 3313 4083 suprascripto
3344 4016 3458 4068 loco
3486 4026 3538 4069 et
3565 4014 3664 4068 dia.

2121 4116 2273 4169 conia
2304 4115 2355 4165 in
2385 4112 2714 4174 susceptione
2745 4105 3137 4176 peregrinorum
3160 4143 3178 4167 ,
3211 4119 3307 4157 nos
3337 4104 3661 4172 suprascripti

2121 4203 2351 4273 germani
2380 4198 2689 4265 Tehutpert,
2723 4197 2954 4263 llatpert,
2991 4202 3046 4247 et
3073 4192 3357 4259 Godepert,
3386 4206 3480 4258 pro
3509 4205 3664 4245 resne-

2121 4294 2210 4345 dio
2253 4284 2591 4357 par'eutoium
2633 4295 2949 4347 nostrorum,
2998 4291 3154 4353 atque
3197 4291 3374 4333 nostra
3413 4278 3661 4346 mercede,

2122 4396 2187 4433 ex
2222 4393 2363 4441 terra
2397 4387 2599 4443 nostra,
2627 4388 2779 4442 quam
2808 4374 2861 4423 in
2889 4373 3003 4440 ipso
3039 4371 3153 4423 loco
3184 4369 3371 4436 Apulia
3405 4369 3661 4432 trahemus,

476 4488 555 4537 vel
604 4486 777 4549 aliqua
828 4480 1193 4545 tleceptiouem
1251 4485 1368 4541 post
1420 4490 1502 4528 me
1559 4458 1871 4526 remaneant
1904 4486 1918 4524 :
1974 4481 2027 4524 et
2057 4485 2108 4545 ι)
2133 4471 2181 4522 in
2219 4470 2389 4523 tabula
2422 4483 2519 4520 una
2550 4461 2829 4532 recipiente
2860 4460 3115 4515 modiolas
3142 4459 3449 4523 duodecim,
3489 4458 3540 4511 in
3573 4471 3662 4525 qua

474 4576 719 4639 deinceps
756 4573 891 4625 sicut
929 4571 978 4622 iu
1018 4570 1371 4635 suprascripta
1404 4566 1542 4619 dotis
1580 4580 1609 4617 a
1640 4579 1723 4618 me
1755 4563 1982 4617 Radchis
2004 4604 2020 4627 ,

2125 4568 2287 4621 terra.
2321 4567 2424 4610 etc.
2461 4556 2567 4622 Ego
2595 4564 2770 4606 autem
2816 4548 3099 4617 Sigemund
3142 4547 3548 4615 arcltipresbiter
3571 4558 3661 4599 uua

474 4677 526 4717 et
570 4664 708 4718 b0ne
750 4659 1003 4714 memorie
1055 4656 1276 4711 Austred
1340 4668 1589 4722 germano
1652 4652 2022 4707 confirmatum
2122 4662 2239 4702 cum
2276 4647 2587 4698 auctoritate
2617 4650 2671 4694 et
2704 4650 2963 4703 consensu
3000 4637 3233 4704 germani
3262 4646 3314 4688 et
3342 4635 3539 4688 domini
3575 4630 3663 4685 uici
3696 4680 3701 4687 .

476 4754 681 4820 Ii-gitur,
712 4753 761 4803 in
795 4760 879 4803 tua
906 4747 1218 4815 Waltpraud
1254 4755 1567 4813 potestatem
1602 4751 1926 4810 permaneat.
1961 4741 2024 4795 Et
2122 4735 2480 4802 'l'alesperiaui
2511 4730 2764 4800 episcopi,
2795 4738 2849 4782 et
2877 4737 3052 4795 nostra
3085 4724 3292 4793 propria
3325 4722 3549 4790 pecunia
3577 4734 3661 4786 pro

477 4851 619 4905 nullo
649 4860 885 4917 tempore
916 4862 961 4898 -a
1013 4846 1161 4897 novis
1201 4852 1460 4907 posterus-
1490 4850 1701 4891 nostros
1751 4839 1848 4888 hec
1893 4837 2026 4887 sicut
2125 4837 2305 4881 nostro
2330 4825 2583 4885 remedio,
2609 4820 2774 4875 offero
2794 4827 2848 4873 et
2869 4822 3010 4872 dono
3036 4818 3085 4869 in
3111 4814 3312 4881 prelato
3331 4823 3517 4865 sancto
3540 4811 3661 4874 loco,

476 4942 718 5007 superius
759 4901 937 4989 .valeat
986 4937 1287 4988 molestare.
1342 4932 1406 4983 Et
1452 4942 1633 4981 servos
1677 4926 1756 4979 vel
1802 4939 1883 4977 ani
1904 4924 2023 4989 illa,
2123 4933 2175 4975 et
2218 4928 2351 4970 terra
2397 4914 2573 4968 nostra
2615 4912 2695 4965 ad.
2722 4910 2904 4983 Buneo
2949 4908 3015 4963 de
3054 4906 3259 4969 Casale,
3308 4903 3445 4973 quod
3488 4901 3663 4964 dicitur

478 5031 611 5098 quod
645 5044 738 5098 pro
767 5030 940 5080 anima
974 5040 1087 5079 mea
1126 5024 1359 5077 livertari
1391 5021 1624 5083 voluero,
1664 5019 1784 5071 volo
1815 5026 1871 5069 ut
1900 5016 2028 5070 live.

480 5138 587 5174 ratu
618 5129 769 5191 aveat
799 5125 1141 5186 potestatem,
1188 5126 1241 5167 et
1270 5110 1541 5177 ﬁrmando
1570 5107 1880 5162 livertadetn
1907 5146 1922 5170 ,
1972 5117 2027 5161 et

482 5228 633 5279 quam
678 5225 767 5277 per
792 5209 989 5262 cartula
1019 5220 1171 5273 quam
1201 5204 1467 5258 firmitatis
1514 5202 1613 5254 mei
1658 5200 1859 5253 cartula
1898 5197 2027 5251 Eoin

484 5301 682 5355 notario
710 5310 763 5354 et
794 5300 845 5352 in
874 5294 1218 5370 Christoﬁlio
1259 5304 1377 5347 meo
1405 5290 1686 5347 serivendo
1714 5290 1927 5355 rogavi,
1976 5288 2028 5342 in

487 5405 577 5453 qua
598 5404 695 5457 ego
714 5388 894 5442 subter
916 5388 1123 5454 signum
1148 5392 1325 5436 sancte
1346 5384 1515 5436 crocis
1539 5383 1775 5443 tiruians,
1800 5390 1852 5433 et
1884 5378 2030 5433 testi~

489 5494 577 5532 ous
601 5477 763 5533 obtuli
793 5474 1085 5531 rovoraudo
1110 5471 1541 5541 subscriptionis.
1634 5526 1644 5539 ,

550 5614 574 5642 ⁸
619 5605 845 5658 Gasindii
892 5582 1045 5658 iidem
1092 5604 1250 5655 fuisse
1291 5601 1534 5654 videntur
1574 5608 1730 5667 atque
1772 5597 2033 5667 Gardingt

493 5679 615 5742 apud
645 5675 841 5728 Gothos
874 5675 1131 5735 Hispania:
1172 5673 1523 5734 dominantes,
1563 5664 1808 5742 tpmruni_
1832 5668 2029 5742 mentio

504 5737 562 5799 λζι
589 5765 637 5801 tu
667 5744 889 5815 Legibus
912 5744 1346 5813 \Visigutborum,
1372 5754 1421 5795 et
1450 5741 1500 5794 iu
1525 5737 1747 5796 concilio
1770 5737 2028 5793 Toletani)

2126 5008 2343 5063 Sindoui
2373 5006 2608 5069 inept-ua
2642 5017 2741 5055 una
2779 5002 3063 5067 recipiente
3088 4994 3361 5057 modiolus,
3392 5007 3496 5047 etc.
3530 4993 3596 5046 Ita
3616 4997 3665 5043 α

2126 5116 2243 5155 cum
2287 5096 2478 5149 exinde
2522 5094 2715 5147 Christi
2764 5087 3082 5159 perciperiut
3133 5101 3417 5153 pauperes,
3466 5079 3666 5134 Dominis

2128 5198 2321 5259 grattas
2363 5186 2618 5247 referant,
2662 5192 2717 5235 et
2758 5176 2908 5231 nobis
2950 5178 3224 5251 proveniat
3263 5175 3328 5225 ad
3372 5170 3665 5226 remedium.

2112 5282 2301 5347 'lpsum
2345 5290 2470 5330 vero
2492 5265 2881 5328 senodocbium
2919 5266 3044 5319 dum
3080 5278 3178 5331 ego
3214 5260 3315 5330 qui
3339 5275 3498 5329 supra
3534 5259 3667 5326 Sigo-

2130 5370 2287 5425 mnnd
2330 5365 2590 5433 presbiter
2620 5359 2890 5423 advisero,
2926 5356 2983 5409 in
3019 5366 3134 5408 mea
3170 5352 3241 5405 sit
3274 5359 3555 5417 potestate,
3577 5357 3666 5401 sic.

2132 5462 2199 5516 Et
2245 5452 2656 5513 contirmarioais
2709 5457 2891 5503 nostra
2942 5444 3180 5513 paginam
3241 5440 3425 5507 Magno
3485 5436 3669 5493 uario

2134 5606 2248 5644 xm.
2284 5589 2359 5641 Eo
2388 5583 2600 5638 nomine
2640 5562 2918 5647 optimates
2960 5588 3055 5627 seu
3098 5569 3307 5636 palatini
3327 5569 3473 5647 ‘viri,
3509 5566 3663 5647 Certi:

2134 5638 2268 5730 53.1.}:
2288 5638 2317 5721 ξ
2340 5638 2803 5722 ίδὶειιίίιεειιιειιιίιιιπ
2845 5659 3011 5713 eoque
3042 5657 3198 5698 sensu
3229 5648 3282 5695 et
3319 5638 3554 5695 Casiudii
3580 5645 3665 5689 vos

2139 5736 2430 5797 usurpatur.
