3840 6242
182 333 316 390 4373

1139 320 1145 324 ’
1238 314 1631 395 ωριοιιειῒδ
1677 329 1948 388 senss.
1987 329 2314 386 SElJ-ZCTA.

3218 330 3352 386 ητι

187 464 354 507 sancto
378 449 668 506 ‘I‘ieinensis
698 451 939 507 Ecclesia
964 465 1027 506 ex
1063 452 1212 520 jussu
1252 452 1515 506 Benedicti
1545 464 1702 503 vene—
1733 447 1784 505 Α
1811 445 2027 498 minaria
2072 454 2368 520 sanctorum
2411 445 2498 498 Dei
2531 444 2704 509 faciat,
2749 453 2800 498 et
2829 444 3125 506 missarum,
3154 451 3255 498 etc.
3298 455 3354 502 cl

189 542 350 595 rabilis
375 540 787 604 subdiaconi,.et
819 542 1005 610 Esopt.
1032 537 1202 596 ‘l'icin‘.
1242 540 1579 595 scribendum
1622 555 1714 616 ro-

188 630 428 698 gavimus,
456 639 511 683 et
537 633 717 683 subter
741 629 1526 698 contirmantibus’testibusque
1552 629 1715 687 obtu-

191 721 332 774 limus
354 721 724 778 roborandam.

253 813 431 866 Actum
457 809 648 866 Ticini.
1163 833 1174 840 -
1712 855 1717 860 .

253 896 359 963 Ego
391 897 691 951 Sichimund
729 897 813 953 W.
853 899 1114 966 presbiter
1152 899 1270 952 huic
1306 899 1505 953 cartula
1544 897 1714 951 dona-

192 984 335 1038 tionis
362 999 390 1038 a
419 985 569 1040 nobis
591 985 724 1039 facta
749 984 1056 1054 subscripsi,
1081 999 1136 1041 et
1168 987 1386 1041 tesubus
1411 985 1711 1052 optulinms.

254 1077 358 1141 ligo
385 1074 668 1140 Thentpert
693 1074 750 1129 V.
782 1076 850 1130 bl.
880 1077 1000 1129 huic
1027 1076 1227 1128 cartula
1254 1076 1550 1128 donationis
1577 1088 1606 1126 a
1631 1088 1713 1126 me

189 1172 238 1216 et
261 1163 514 1230 germanis
538 1162 671 1216 meis
699 1163 828 1219 facta
854 1152 1012 1234 relegi
1043 1173 1097 1218 et
1122 1165 1394 1231 suscripsi,
1421 1171 1474 1217 et
1499 1162 1719 1226 testibus

189 1253 460 1312 obtulimus
490 1251 801 1306 roboranda.

256 1337 362 1406 Ego
387 1339 681 1409 Gudepert,
711 1341 798 1408 qui
825 1354 1014 1394 nomen
1044 1354 1196 1394 suum
1223 1339 1469 1408 scripsit,
1501 1348 1555 1393 et
1587 1337 1719 1392 hanc

191 1431 429 1484 cartulam
460 1432 570 1484 ﬁeri
601 1431 823 1501 rogavit.

257 1519 465 1586 Signum
492 1534 676 1573 manus
705 1517 941 1574 Reduald
976 1516 1189 1586 gasindi
1216 1517 1358 1586 regi,
1402 1517 1508 1570 lilio
1547 1531 1718 1583 quon-

192 1610 304 1661 dam
335 1607 562 1674 Rodpald
581 1647 595 1671 ,
629 1607 794 1662 testis.
1059 1669 1068 1680 _
1233 1601 1240 1604 ⁷’
1489 1617 1491 1621 ’

261 1697 365 1766 Ego
386 1697 470 1764 qui
507 1711 663 1764 supra
703 1697 913 1766 Magnus
953 1696 1184 1750 notarius
1220 1701 1401 1748 sancte
1427 1692 1722 1747 Ticinensis

198 1786 439 1850 [iecit-sie,
464 1785 687 1851 scriptor
716 1787 868 1854 hujus
895 1787 1098 1842 cartule
1126 1785 1440 1851 donationis,
1471 1792 1588 1852 post
1617 1795 1724 1837 tra-

193 1876 297 1927 dita
327 1875 572 1942 complevi
603 1887 654 1929 et
682 1877 826 1929 dedi.

265 1963 370 2030 Ego
392 1963 625 2030 Ospraud
653 1963 1032 2037 subdiaconus,
1062 1961 1298 2017 notarius
1327 1972 1506 2016 sancte
1534 1961 1731 2015 Lucen-

198 2055 266 2104 sis
295 2053 536 2120 Ecclesie,
556 2062 809 2119 quantum
839 2055 889 2106 in
916 2053 1240 2110 antenticum
1269 2053 1463 2118 inveni,
1493 2066 1590 2106 nec
1619 2052 1736 2120 plus

197 2142 386 2208 addidi,
417 2156 510 2194 nec
537 2141 766 2195 menime
789 2142 999 2208 scripsi.

805 2248 1112 2307 XVII-XIX.

201 2337 395 2392 ablatio
417 2337 603 2405 aliquot
644 2338 914 2404 fundorum
955 2343 1092 2405 facta
1129 2355 1160 2389 a
1199 2338 1531 2392 Siclu'mstndo
1571 2336 1740 2390 archi-

300 2409 537 2542 Ἐφίετο
561 2403 799 2460 Ecclesia
823 2403 1033 2459 Luccnsi
1061 2409 1223 2460 sancti
1257 2407 1392 2461 Petri
1433 2406 1734 2476 (enitebar.

267 2563 322 2618 in
353 2563 438 2617 Dei
464 2564 672 2618 nomine
699 2573 949 2634 regnante
973 2563 1194 2620 domuos
1221 2575 1398 2620 nostro
1423 2563 1738 2632 Liutprand,

199 2660 254 2706 et
281 2652 534 2721 Helprand
576 2652 685 2708 Deo
719 2654 936 2736 iuvante
981 2657 1188 2724 regibus
1217 2670 1356 2710 anno
1384 2656 1527 2723 regni
1557 2669 1740 2709 eorum

204 2740 310 2796 Deo
344 2743 705 2810 prepitiantem
737 2759 901 2798 sum
935 2754 990 2799 et
1016 2746 1209 2810 Quinto
1239 2744 1433 2799 mensis
1473 2743 1742 2800 Februarii

199 2845 297 2898 per
324 2831 594 2885 indictione
622 2845 804 2886 octava
839 2833 1081 2887 feliciter.
1121 2826 1494 2886 Sichimundes
1522 2845 1740 2884 venera-

204 2920 323 2975 bilis
371 2920 751 2992 arcipresbyter
803 2923 894 2975 tibi
947 2920 1177 2976 Ecclesia
1233 2922 1322 2976 Dei
1372 2922 1542 2989 adque
1591 2919 1744 2973 beato

202 3019 384 3070 sancto
424 3011 575 3065 Petro
618 2998 838 3078 patroni)
867 3026 985 3065 meo
1027 3027 1078 3078 p.
1111 3027 1158 3074 ι).
1185 3013 1284 3065 sal.
1315 3012 1386 3064 di.
1435 3007 1562 3063 Dum
1601 3011 1741 3064 enim

205 3099 284 3152 vel
312 3102 358 3152 si
388 3069 648 3168 indignum
677 3100 989 3152 Sicbimand
1016 3069 1078 3154 es
1111 3069 1329 3153 infantia
1359 3099 1580 3154 devotus
1607 3099 1745 3153 desi-
1771 3069 1818 3132 ο

202 3189 393 3243 derant;
432 3185 652 3270 Domino
694 3188 819 3243 Jesu
857 3189 1066 3266 Christo
1096 3191 1175 3243 vel
1222 3187 1438 3256 ejusque
1482 3189 1747 3243 liminibus

205 3280 424 3346 prumtis
463 3295 647 3347 queam
697 3281 852 3333 modo
899 3279 1166 3336 descrbire
1218 3295 1437 3333 unacum
1479 3284 1592 3348 ejus
1635 3281 1746 3334 cle-

206 3372 399 3423 mentis
429 3371 639 3425 tractavi
671 3379 728 3423 ut
754 3372 821 3424 de
862 3371 1033 3438 parvis
1074 3373 1230 3425 rebus
1261 3369 1601 3424 substantiola
1633 3384 1749 3424 mea

205 3459 289 3511 vel
321 3459 632 3524 adquisitqu
662 3472 747 3512 me
776 3461 1013 3528 quannis
1043 3460 1092 3513 in
1127 3461 1333 3513 modico
1365 3475 1481 3512 meo
1509 3469 1630 3514 ante
1659 3461 1750 3512 tri-

205 3549 366 3602 bunal
391 3549 555 3602 eterni
584 3547 786 3600 iudicis
809 3549 1012 3601 salvsre
1042 3549 1254 3615 possim.
1289 3549 1418 3602 0die
1447 3548 1496 3600 in
1527 3547 1614 3600 Dei
1656 3562 1750 3600 no-

208 3640 356 3688 mine
397 3649 491 3703 ego
534 3637 620 3700 qui
669 3649 828 3704 supra
881 3636 1187 3690 Sit-himund
1239 3637 1610 3705 arcipresbiter
1659 3651 1751 3703 per

209 3725 349 3777 banc
374 3724 506 3778 detis
548 3726 702 3793 titulo
730 3725 893 3779 oﬂ‘eru
925 3725 1032 3779 Deo
1058 3726 1228 3795 adque
1267 3728 1553 3781 beatissimi
1584 3730 1749 3781 sancti

191 3813 386 3876 Petti,
415 3815 498 3867 ubi
526 3829 623 3882 ego
664 3817 905 3883 quamvis
936 3815 1176 3882 indignus
1211 3833 1272 3868 es
1318 3817 1532 3869 infantia
1571 3818 1752 3871 deser.

210 3907 329 3957 bire
367 3907 500 3958 visus
537 3906 639 3968 fui,
677 3909 810 3960 idest
843 3914 986 3973 parte
1017 3921 1183 3960 meam
1214 3906 1282 3960 de
1308 3921 1426 3961 casa
1469 3907 1552 3960 hic
1594 3921 1753 3974 prope

206 3991 374 4045 Siioe
420 3992 502 4045 ubi
545 3995 868 4047 cuminauire
915 3995 1119 4058 videor,
1169 4012 1286 4049 cum
1336 3997 1624 4050 solamento
1673 3997 1753 4050 vel

205 4080 528 4134 ciiuttomnia
558 4080 853 4148 adiacentia
889 4096 1016 4146 sua,
1063 4097 1181 4135 cum
1215 4086 1403 4137 movile
1447 4086 1525 4138 vel
1567 4086 1756 4139 immo-

208 4174 345 4235 vile,
373 4186 494 4225 seco
521 4173 931 4238 semoventibus,
961 4177 1132 4228 omnia
1166 4175 1355 4226 nsitilia
1381 4176 1504 4239 alia,
1536 4176 1754 4242 sciterpa

209 4278 388 4314 meam
429 4272 527 4314 tam
568 4263 776 4329 patinis,
817 4277 1053 4328 eramen,
1098 4265 1176 4318 vel
1220 4265 1497 4327 auricalco.
1539 4267 1755 4332 codicis,

212 4353 293 4402 vel
324 4353 497 4402 omnia
517 4351 771 4419 quidquid
800 4355 848 4403 in
872 4366 991 4404 meo
1012 4353 1246 4406 dominio
1267 4368 1382 4408 csse
1405 4349 1624 4420 videtur,
1653 4369 1754 4408 tam

210 4442 392 4500 horto.
439 4440 610 4502 ienile.
655 4455 806 4493 casas
855 4441 1183 4494 litasszricias
1222 4457 1338 4496 cum
1381 4446 1551 4497 omnia
1595 4447 1658 4498 ad
1701 4459 1758 4498 se

210 4546 297 4598 pet
315 4539 586 4593 liuentem,
615 4545 736 4581 cum
766 4530 988 4582 familias
1013 4545 1155 4598 suas,
1186 4546 1304 4585 cum
1337 4534 1616 4587 territuriis
1647 4535 1761 4588 cul-

212 4621 285 4674 tis
313 4628 372 4673 et
400 4621 622 4686 incultis,
656 4622 797 4688 quod
835 4637 862 4672 a
894 4635 978 4674 me
1004 4621 1194 4688 u’oiqiie
1232 4624 1494 4689 pertinere
1537 4625 1759 4690 vidi-tur,

211 4710 446 4762 simulet
465 4717 596 4762 terra
621 4724 808 4762 vaccua
838 4709 921 4762 hic
952 4725 1112 4778 prope
1139 4713 1367 4775 civitate,
1399 4728 1565 4765 meam
1591 4713 1760 4779 vinea,

209 4815 341 4853 cum
368 4799 516 4853 silvis
545 4801 817 4872 vergariis,
849 4803 1130 4854 castanetis
1158 4803 1310 4855 collis
1335 4814 1387 4855 et
1418 4804 1627 4856 incultis
1653 4820 1766 4857 ino-

212 4893 343 4943 vitia
377 4891 454 4943 vel
495 4887 778 4956 iuuiovilia,
809 4894 998 4955 scrbis,
1041 4895 1122 4945 vel
1151 4895 1386 4958 ant-illas,
1428 4898 1601 4950 omnia
1629 4909 1683 4951 et
1714 4904 1764 4951 in

209 4980 465 5035 ouiuibus
490 4995 588 5048 que
616 4977 824 5035 es.....I
863 4983 1063 5049 parenti
1091 4982 1331 5044 advinet,
1362 4998 1454 5038 sco
1482 5001 1633 5053 quem
1679 5003 1767 5056 per

212 5072 589 5140 qualivet......
609 5071 860 5138 cunquire
888 5075 1053 5140 potui.
1070 5073 1326 5128 Similiter
1349 5085 1402 5127 et
1427 5090 1510 5129 res
1534 5078 1652 5130 illas
1679 5079 1765 5147 qui

212 5167 335 5220 luet
371 5165 629 5232 quondam
673 5165 941 5220 Find......
989 5169 1208 5221 advinet
1250 5182 1340 5234 per
1383 5168 1606 5237 conjuge
1654 5186 1765 5224 mea

212 5259 383 5312 Aeria
412 5267 516 5312 tam
545 5270 716 5322 cases,
761 5269 915 5322 terra,
959 5259 1129 5320 vinea,
1171 5263 1363 5314 oliveta
1404 5263 1556 5314 cultis
1596 5273 1647 5314 et
1693 5266 1767 5314 in-

212 5349 405 5418 eultis,
441 5346 615 5400 omnia
657 5358 710 5400 ct
747 5348 800 5399 in
827 5349 1068 5400 omnibus
1097 5347 1202 5416 jam
1235 5351 1364 5413 dixi,
1393 5361 1491 5402 etc.
1545 5351 1610 5402 Et
1655 5363 1770 5416 post

218 5437 447 5495 transito
475 5452 596 5492 vero
627 5452 744 5490 meo
771 5437 812 5489 si
843 5437 978 5505 quod
1007 5439 1250 5504 superius
1294 5439 1344 5491 in
1373 5434 1554 5492 eodem
1589 5449 1768 5493 teuure

219 5533 502 5605 possedcat
551 5533 660 5600 ipsa
703 5542 1015 5587 simcta......
1059 5545 1110 5587 ct
1151 5535 1402 5588 sacerdos
1446 5534 1532 5601 qui
1580 5533 1768 5587 ividem

217 5630 547 5688 desciuerat
580 5641 674 5694 pro
704 5643 786 5682 mc
817 5625 1088 5683 Dominum
1120 5643 1339 5684 exorare
1369 5627 1573 5693 diveat,
1604 5637 1658 5681 et
1693 5627 1770 5680 lu-

1788 4401 1834 4457 D

1818 533 2140 588 Gaudentius
2167 518 2412 602 quamvis
2430 533 2669 601 indignus
2707 534 2975 600 presbyter
3005 534 3232 586 scrivere
3262 548 3354 586 ro-

1816 626 1956 688 gavi,
2001 633 2054 677 et
2096 623 2275 677 subter
2301 624 2448 688 signa
2493 635 2672 676 sancte
2699 624 2837 677 croci
2869 624 2988 688 feci,
3017 631 3122 676 etc.
3172 624 3362 676 Actum

1819 711 1977 776 Luca,
2010 725 2246 778 regnum,
2274 721 2327 765 et
2355 709 2638 764 indictione
2665 711 3016 779 suprascripta
3044 710 3285 765 feliciter.

1893 801 2001 870 Ego
2039 798 2344 854 Sicliimund
2389 799 2707 852 venerabilis
2752 799 3121 865 arcipresbiter
3166 799 3216 852 in
3263 799 3366 852 hac

1821 889 1951 941 facta
1983 889 2203 962 Domino
2227 899 2279 941 et
2317 897 2499 941 sancto
2530 887 2684 942 Petro
2721 888 2857 942 sicut
2895 889 3136 954 superius
3176 889 3365 957 legitur

1821 977 2026 1046 propria
2055 991 2239 1028 manus
2267 991 2378 1030 mea
2405 976 2690 1044 subscripsi
2719 988 2770 1030 et
2799 976 3020 1029 firmavi.

2537 1086 2653 1139 XX.

1822 1175 2080 1228 Aatconda
2117 1185 2163 1227 et
2197 1172 2405 1227 Natalia
2446 1189 2641 1227 sorores
2679 1175 3028 1227 monasterium
3070 1173 3364 1227 monialinm

1890 1244 1942 1295 in
1972 1244 2164 1294 civitate
2203 1241 2465 1295 Veronensi
2481 1245 2724 1363 Ltmdont,
2767 1254 2912 1305 atque
2934 1244 3064 1296 illud
3102 1244 3190 1293 sub
3231 1243 3365 1306 regi.-

1893 1313 2025 1363 rnine
2049 1312 2237 1363 abbatis
2266 1324 2452 1363 sancite
2539 1313 2660 1363 aria:
2681 1315 2747 1363 ad
2777 1311 3034 1363 Oraamtm
3059 1311 3365 1363 constituant

1893 1313 2025 1364 mine
2049 1312 2237 1380 abbatis
2266 1324 2452 1366 sanctis
2481 1311 2660 1365 Maria:
2681 1315 2747 1364 ad
2777 1311 3034 1380 Organam
3059 1311 3370 1364 constituant

1894 1382 2049 1450 (anno
2078 1379 2226 1448 7M).
2288 1400 2293 1404 '

1895 1493 1949 1546 In
1991 1492 2202 1546 nomine
2246 1491 2446 1546 Domini
2490 1491 2651 1545 nostri
2696 1491 2820 1545 Jesu
2847 1488 3061 1544 Christi.
3105 1489 3372 1556 Regnante

1826 1582 2268 1638 excellentissimo
2297 1583 2408 1634 viro
2434 1582 2602 1649 adque
2642 1580 2874 1648 piissimo
2902 1582 3097 1633 domno
3127 1577 3375 1630 ﬂatechis

1829 1687 1980 1742 rege.
2010 1685 2147 1724 anno
2172 1670 2316 1738 regni
2348 1671 2460 1736 ejus
2490 1671 2658 1737 primo
2686 1684 2777 1732 per
2804 1669 3087 1720 indictione
3113 1681 3180 1719 xu
3214 1665 3374 1719 felici-

1760 1754 1804 1813 Β
1833 1775 1931 1816 ter.
1968 1759 2207 1815 Oratorio
2243 1774 2451 1825 semper
2481 1759 2694 1826 virginis
2725 1767 2777 1810 et
2817 1755 2905 1809 Dei
2937 1754 3232 1810 Genetricis
3269 1753 3376 1806 Bla-

1832 1853 1930 1917 rie,
1961 1866 2062 1920 que
2093 1852 2226 1903 intra
2255 1849 2468 1903 domum
2497 1849 2629 1902 cella
2660 1855 2850 1904 nostra.
2871 1847 3171 1900 Veronense
3195 1845 3296 1898 sito
3325 1844 3380 1897 in

1833 1944 2042 1998 civitate
2085 1949 2390 1997 construere
2431 1939 2526 1993 visi
2567 1953 2750 1993 sumus
2794 1939 2949 1992 simul
2990 1952 3110 1991 cum
3157 1934 3383 1989 Nasario

1833 2043 2060 2093 connato
2097 2041 2150 2084 et
2190 2031 2354 2098 .logali
2399 2041 2582 2083 nostro
2619 2028 2887 2083 Autconda
2928 2037 2982 2081 et
3019 2026 3218 2080 Natalia
3259 2039 3380 2092 gen-

1836 2137 2016 2176 manas
2043 2135 2138 2187 pro
2161 2118 2302 2172 utilis
2322 2117 2517 2172 Christi
2545 2118 2784 2184 ancillas,
2814 2130 3027 2186 presens
3054 2114 3383 2182 presentibus

1839 2209 1947 2263 dixi
1981 2227 1993 2262 :
2027 2209 2280 2262 Dominus
2305 2223 2368 2262 ac
2409 2207 2728 2276 Redemptor
2766 2216 2944 2259 noster
2971 2205 3122 2259 Jesus
3144 2205 3385 2259 Christus

1837 2313 1890 2356 et
1916 2301 2317 2354 admonentibus
2361 2314 2455 2352 nos
2483 2299 2547 2351 ad
2586 2298 2841 2375 gremium
2878 2307 3071 2350 sanct:c
3103 2294 3263 2350 Mario
3290 2310 3383 2349 cc-

1838 2391 2000 2445 clesie
2029 2390 2202 2444 redire
2239 2397 2441 2442 ortatus
2475 2397 2586 2453 est,
2619 2395 2671 2439 et
2695 2386 2834 2439 dulci
2865 2386 3081 2439 uberum
3102 2428 3116 2450 ,
3144 2400 3243 2453 qua
3273 2384 3384 2450 pri-

1840 2493 1957 2534 tuus
2013 2479 2296 2533 admiserat
2349 2490 2579 2544 patens,
2637 2476 2862 2530 ubertim
2917 2473 3130 2527 liuentia
3184 2475 3387 2526 saeiare

1840 2568 2214 2625 commonisset
2241 2565 2422 2620 dicens
2453 2582 2464 2616 :
2501 2563 2710 2628 Venite,
2735 2563 3004 2616 saciamiui
3038 2579 3050 2612 :
3083 2561 3248 2628 et_qui
3279 2575 3387 2614 non

1847 2659 2013 2712 abetis
2043 2655 2294 2726 precium,
2318 2654 2518 2718 venite;
2550 2653 2710 2707 bibite
2737 2653 2791 2706 in
2819 2652 3003 2712 letitia,
3033 2652 3128 2704 sub
3153 2649 3238 2703 tali
3263 2663 3390 2704 vero

1846 2760 2027 2803 tenore
2062 2757 2152 2800 aut
2178 2746 2486 2801 condicione
2514 2760 2527 2796 :
2556 2744 2897 2798 convertimini
2932 2743 3001 2797 ad
3032 2758 3138 2810 me,
3179 2753 3226 2796 et
3264 2757 3387 2795 con-

1843 2849 2006 2890 vt‘rtar
2034 2837 2101 2887 ad
2130 2827 2294 2898 vobis}
2326 2843 2379 2892 et
2407 2835 2449 2886 si
2477 2833 2808 2895 conveneris,
2841 2831 3136 2900 quesieritis
3167 2845 3272 2892 me,
3301 2843 3391 2881 ero

1844 2929 1978 2982 vobis
2004 2928 2054 2979 in
2083 2935 2292 2994 patrem,
2323 2934 2366 2977 et
2394 2940 2476 2977 vos
2501 2923 2638 2976 eritis
2667 2921 2787 2975 mihi
2815 2922 2866 2975 in
2887 2922 3020 2988 filios
3044 2930 3097 2974 et
3126 2919 3280 2984 Illius,
3312 2920 3391 2972 di-

1846 3023 1917 3074 cit
1948 3018 2217 3072 Dominus.
2251 3014 2314 3069 Et
2345 3013 2720 3082 persemetipsa
2746 3014 2937 3067 clamat
2966 3011 3196 3074 Veritas.
3229 3018 3283 3061 et
3310 3022 3392 3062 re-

1847 3109 2032 3162 dencio
2057 3117 2231 3162 nostra
2260 3106 2412 3160 Jesus
2441 3105 2606 3158 bonus
2637 3121 2650 3156 :
2681 3103 2843 3155 Ρειίιε
2866 3113 2914 3156 ct
2943 3101 3212 3171 accipietis.
3246 3101 3394 3178 Que-

1846 3198 1938 3248 ritc
1977 3203 2021 3247 et
2059 3186 2329 3245 invenietis.
2374 3192 2576 3244 l'ulsate
2615 3199 2662 3242 et
2697 3191 2947 3255 aperietur
2974 3190 3128 3243 nobis.
3171 3190 3234 3242 Et
3270 3188 3393 3256 quia

1847 3287 1914 3338 ob
1955 3295 2132 3338 nostra
2174 3281 2496 3351 neglegentia
2540 3296 2704 3350 usque
2743 3281 3016 3334 undecima
3058 3280 3185 3333 hora
3214 3282 3427 3335 clausa.

1848 3387 1930 3432 est
1965 3377 2119 3442 ianua
2151 3375 2233 3428 vel
2271 3389 2391 3427 sero
2428 3373 2781 3439 venientibus,
2824 3375 3048 3440 petimus
3085 3371 3302 3424 remissa
3327 3370 3395 3423 de

1846 3447 2018 3518 noxis.
2071 3465 2213 3517 llanc
2263 3464 2418 3532 igitur
2463 3462 2727 3515 racionetn
2766 3470 3085 3528 conpunctas
3125 3474 3249 3523 nos,
3294 3472 3398 3525 que

1849 3569 2031 3620 supra,
2062 3556 2332 3606 Autronda
2361 3562 2415 3605 et
2438 3551 2636 3604 Natalia
2668 3565 2960 3618 germanas,
2989 3564 3106 3603 cum
3135 3564 3396 3604 consensu

1850 3630 2003 3699 etiam
2029 3643 2245 3696 Nazario
2267 3642 2506 3694 Connatu
2532 3651 2584 3693 et
2610 3640 2766 3707 jogali
2798 3650 2977 3691 nostro
3003 3653 3103 3691 non
3126 3638 3191 3692 de
3215 3649 3396 3691 nostra

1852 3734 2059 3797 merita,
2083 3732 2176 3785 sed
2199 3731 2264 3784 de
2288 3730 2412 3784 .lesn
2437 3729 2530 3782 Chi
2546 3729 2628 3782 isti
2660 3727 3015 3781 misericordia
3046 3727 3282 3791 lidentes,
3306 3725 3397 3790 qui

1850 3835 1902 3877 ct
1933 3823 2170 3889 proiltico
2199 3828 2448 3873 exoratus
2480 3818 2687 3886 eloquio
2715 3818 2925 3878 dicens,
2956 3816 3072 3868 nolo
3101 3826 3258 3868 morte
3285 3830 3399 3881 pec-

1852 3911 2055 3971 catoris,
2088 3908 2174 3959 sed
2217 3915 2528 3960 convertatur
2562 3915 2607 3958 et
2638 3907 2763 3958 vivat
2794 3920 2813 3958 :
2853 3905 3174 3958 Previditnus
3212 3903 3263 3956 in
3301 3918 3398 3955 au-

1853 4000 2146 4052 ctoritatem
2178 3997 2387 4049 domine
2429 4008 2605 4049 nostre
2645 3996 2971 4048 sanctissime
3002 3994 3211 4061 virginis
3241 3993 3400 4046 Mario
3453 4036 3458 4042 .

1856 4091 1988 4142 intra
2020 4072 2174 4142 domo
2208 4088 2336 4140 cella
2378 4095 2551 4140 nostra
2587 4085 2958 4138 monasterium
2988 4094 3316 4148 construere,
3347 4083 3398 4135 in

1857 4195 1918 4234 eo
1957 4190 2009 4232 et
2053 4178 2362 4244 regulariter
2404 4176 2688 4229 secundum
2730 4173 2934 4227 Domini
2983 4173 3135 4226 fuerit
3165 4174 3401 4227 voluntas

1857 4270 2138 4323 eonvivere
2181 4265 2523 4332 disponimus.
2574 4266 2699 4317 Item
2747 4278 2953 4316 omnem
3003 4275 3228 4314 nostram
3275 4264 3400 4316 sub-

1859 4359 2101 4411 stantiam
2148 4348 2400 4423 quicquid
2443 4353 2634 4407 habere
2685 4352 2941 4416 videmur,
2993 4351 3182 4406 ibidem
3231 4350 3405 4404 olTeri-

1860 4465 1976 4502 mus
2007 4466 2019 4499 :
2051 4449 2182 4500 idest
2213 4449 2261 4499 in
2293 4447 2475 4513 primis
2503 4459 2624 4499 casa
2656 4445 2741 4497 ubi
2771 4447 2880 4512 ipse
2905 4447 3164 4498 oratorius
3190 4455 3268 4496 est
3295 4442 3404 4495 fun-

1860 4541 2030 4600 datus,
2068 4551 2122 4591 et
2162 4539 2294 4591 alias
2337 4549 2508 4599 casas,
2547 4545 2712 4601 curte,
2757 4543 2873 4586 orto
2917 4534 3246 4596 intrinsecus,
3277 4531 3404 4588 foris

1825 4665 1830 4673 ο
1864 4631 2038 4691 terris,
2074 4629 2260 4692 vineis,
2292 4625 2575 4699 colonicas,
2608 4623 2802 4690 pradis,
2836 4623 3059 4690 pascuis,
3103 4620 3408 4692 nubulibus,

1860 4722 2145 4783 montibus,
2191 4721 2379 4781 servis,
2425 4715 2647 4779 ancillis,
2697 4715 2894 4782 peculia
2939 4712 3134 4776 omnia,
3179 4724 3407 4778 seseque

1863 4788 2209 4875 moventibus,
2238 4812 2377 4864 cultu
2406 4821 2459 4862 et
2487 4809 2738 4862 incultum
2757 4846 2770 4867 ,
2802 4820 2918 4868 ere,
2950 4805 3106 4866 ferro,
3139 4802 3384 4880 utensilia

1862 4904 2108 4974 quicquid
2141 4912 2278 4954 nunc
2308 4899 2574 4969 possidere
2603 4897 2854 4958 videmur,
2881 4903 2970 4946 aut
2997 4896 3046 4946 in
3077 4907 3228 4948 antea
3257 4892 3405 4960 aqui-

1866 5012 1982 5051 rere
2008 5005 2062 5047 et
2088 4993 2325 5046 laborare
2353 4985 2690 5056 potuerimus.
2723 4985 2796 5036 Eo
2823 4983 3019 5038 scilicet
3043 4984 3245 5044 ordine.
3275 4992 3328 5035 ut
3355 4981 3409 5039 si

1865 5088 2015 5142 nobis
2049 5084 2295 5137 Dominus
2320 5082 2451 5134 alias
2479 5090 2686 5133 sorores
2715 5075 2946 5139 dederit,
2978 5083 3032 5128 et
3071 5074 3407 5141 congregatio

1866 5177 2240 5233 monachorum
2278 5173 2389 5224 istis
2421 5170 2550 5222 facta
2594 5167 2749 5220 fuerit
2777 5176 2891 5233 post
2926 5166 3121 5217 obitum
3165 5172 3401 5218 nostrum

1866 5269 2053 5322 exinde
2082 5269 2217 5332 ipsas
2246 5265 2340 5317 sibi
2373 5261 2577 5326 elegant
2598 5267 2816 5311 matrem
2838 5254 3122 5321 spiritalem
3146 5294 3161 5317 ,
3188 5267 3287 5321 que
3310 5267 3410 5308 eas

1867 5361 2150 5414 secundum
2179 5358 2396 5410 Domino
2424 5364 2476 5408 et
2515 5350 3003 5423 sanctamgregalam
3036 5350 3203 5401 foveat
3230 5347 3405 5415 adque

1868 5451 2143 5518 gubernat,
2177 5447 2226 5500 e't
2255 5453 2492 5508 cunctam
2525 5449 2750 5493 nostram
2779 5438 3118 5492 substantiam
3149 5437 3400 5504 regulari~

1873 5552 1947 5593 ter
1976 5536 2280 5605 disponendi
2326 5537 2374 5585 in
2420 5533 2581 5605 ipsius
2620 5530 2879 5581 abbatisse
2916 5527 2992 5581 vel
3033 5541 3268 5579 sororum
3313 5540 3401 5589 per

1871 5629 2040 5686 munia
2062 5603 2382 5697 ⁷νει-ιιιιιιιιείιι
2414 5603 2740 5691 potestatem.
2774 5619 2838 5691 Et
2876 5619 2919 5672 si
2958 5617 3287 5686 congregatio
3319 5614 3402 5668 hic
