1920 3121
215 208 283 237 1378

781 207 1076 237 ιΑΝαυιιΜιοοιιυδί
1097 207 1217 235 REGUM

1789 7 1920 105 —i

1728 207 1803 234 ητις

213 264 351 301 tactanon
370 264 461 295 fuerit,
483 269 537 297 post
554 262 652 291 obitum
674 246 820 291 nostrorum
835 263 920 296 omnis
934 270 979 296 pe-
993 264 1016 290 Α
1066 261 1129 287 Acco
1146 261 1172 288 in
1186 262 1291 291 civitate
1308 247 1419 302 Verona,
1434 262 1476 289 ille
1493 270 1527 289 sv
1542 263 1639 289 mensis
1655 262 1741 297 Ικιίί,
1757 272 1803 290 rc-

213 308 290 334 cunia
304 311 389 334 nostra
402 307 435 334 sit
449 308 477 333 itr
492 313 646 341 potestatem
666 309 777 334 ecclesie
793 312 883 334 sancte
901 307 980 333 Marie

214 352 263 378 sita
278 351 339 378 foris
356 357 456 385 partem
469 352 581 386 Organi,
601 357 629 379 et
646 353 712 378 abba
733 353 777 386 qui
795 360 844 385 pro
862 351 980 386 tempore

215 397 306 427 interit.
326 397 381 430 ipse
394 397 515 430 disponat
532 397 565 424 de
578 398 655 424 olicio
675 398 715 424 Vel
738 398 880 424 luminaria.
895 397 979 424 sancti

213 440 329 470 oratorii.
349 444 376 467 et
390 440 422 467 de
443 441 549 473 pecunia
570 445 669 472 nostra,
682 442 743 474 quid
755 438 774 468 ‘a
789 442 921 473 fratribus,
937 441 978 468 Vcl

212 483 273 515 quid
287 483 318 509 ad
330 484 498 517 pauperibus.
513 475 558 511 seu
575 484 687 515 famulis,
703 484 747 517 qui
760 491 819 510 cum
835 485 916 515 ipsam
932 491 978 517 pe-

211 528 315 555 cuniam
331 528 518 561 laboraverint,
531 529 625 556 debeat
640 530 778 562 pertinere.
797 529 978 556 Dele-.isionem

212 580 276 599 vero
294 573 333 599 vel
352 565 561 599 admonicionem
581 574 663 600 sancti
686 574 837 600 monasterii
858 574 978 601 volumus

210 616 289 643 abere
303 616 335 643 ad
355 617 538 643 monasterium
558 622 646 643 satiate
660 617 681 643 Μ
692 618 739 643 urie
761 617 824 644 foris
839 623 912 649 porta
924 618 978 651 jam

210 660 329 691 superius
349 665 535 691 nti-moratum,
556 667 600 687 seu
618 653 718 686 Andrea
734 655 891 687 venerabilis
904 668 979 694 pres-

210 702 294 729 bltero
320 707 346 729 et
364 703 465 735 abbati;
487 711 517 730 ea
537 704 708 735 t‘ondicti‘oun,
726 708 754 730 ut
772 705 793 730 si
810 704 906 737 aliquid
925 705 979 730 dis-

200 739 296 773 ﬂcmdia
311 746 379 774 inter
397 754 501 774 sorores
516 748 592 774 fuerit
605 753 693 774 emrla
704 768 710 779 ,
733 756 810 782 quam
827 756 876 775 IIOII
898 750 980 782 possi-

209 800 267 819 tnus
280 800 326 825 per
339 800 386 819 nos
397 793 519 826 evellere,
534 798 594 820 tunc
607 794 671 820 abba
688 802 733 827 per
744 794 924 828 semetipsum,
936 799 980 821 aut

209 836 263 863 Deo
278 837 410 863 timentem
427 836 563 870 personam
579 837 663 870 ipsum
681 838 740 864 mali
762 837 855 864 debeat
871 846 980 865 morien-

208 881 268 911 dum
283 886 309 907 ιιι
325 881 507 914 corrigendum
521 886 666 913 amputare,
684 889 742 907 naut
759 882 827 907 nulla
844 882 918 908 nobis
933 887 978 908 aut

207 926 342 951 sororibus
351 931 440 952 contra
458 926 571 960 regulam
586 926 707 952 violentia
723 927 854 959 imponere
868 927 976 958 audeat,
995 926 1018 944 ⁸⁸

208 977 293 1002 neque
314 977 360 1003 per
372 977 401 996 se
416 977 499 1003 neque
515 977 560 1003 per
575 977 737 996 successores
751 970 824 1002 ejus,
840 971 886 997 sed
901 972 979 997 abba-

208 1015 279 1043 ιίςςε,
295 1020 344 1047 que
365 1021 411 1046 pro
425 1018 542 1046 tempore
556 1011 645 1044 fuerit,
664 1015 832 1046 semetipsum
848 1020 873 1041 et
889 1023 980 1041 mona-

206 1058 269 1090 (ltas
283 1063 342 1084 snas
355 1058 483 1091 disponat.
502 1058 532 1084 Et
546 1052 615 1092 quod
631 1058 699 1086 absit
720 1064 777 1091 post
797 1059 912 1086 di‘ccsso
927 1061 980 1086 An-

206 1103 278 1138 dreae
291 1103 387 1134 abbati,
404 1104 447 1137 qui
463 1103 488 1130 in
504 1108 618 1136 tempore
633 1104 709 1130 fuerit
724 1104 800 1135 abba.
816 1104 902 1138 aliqua
918 1112 980 1131 con-

207 1153 248 1174 tra
262 1148 349 1182 regula
370 1149 410 1174 vel
430 1149 527 1174 sanctis
547 1148 690 1175 canonibus
710 1149 917 1175 dominaciouem
937 1154 981 1175 aut

208 1193 315 1219 iniciam
337 1194 470 1226 imponere
491 1193 624 1226 quesierit,
645 1200 694 1226 qua
717 1193 786 1226 ipsas
811 1200 862 1219 non
887 1192 979 1226 possit,

207 1245 270 1266 tunc
280 1240 363 1273 elcgat
378 1239 427 1265 sibi
440 1239 569 1265 abbatissa
583 1245 641 1264 cum
656 1239 788 1265 sororibus
800 1238 978 1264 defensionem

207 1285 248 1310 vel
267 1284 474 1310 admonicionem
494 1284 576 1310 sancti
596 1283 709 1310 Zenonis
729 1283 865 1310 tlUll‘ilOl'iS
886 1282 978 1314 nostri.

207 1336 254 1355 seu
270 1328 394 1361 presulis,
409 1328 453 1362 qui
469 1328 494 1354 itt
509 1332 625 1361 tempore
639 1328 717 1354 fuerit
732 1336 738 1353 :
756 1329 805 1354 sub
819 1335 851 1354 eo
863 1336 979 1360 namque

207 1375 306 1406 ordine,
323 1374 389 1400 sicut
402 1374 522 1407 superius
534 1377 575 1399 est
588 1373 712 1406 scriptum
722 1393 729 1404 ,
744 1378 770 1399 ut
782 1373 850 1399 nulla
867 1374 905 1399 eis
920 1375 978 1399 vio-

208 1417 287 1444 lentia
298 1422 342 1443 aut
354 1416 501 1446 dominacio
512 1423 602 1443 contra
615 1417 727 1451 regulam
742 1418 898 1451 imponatur.
914 1417 977 1444 Nam

206 1470 255 1488 nos
280 1462 387 1495 predicti
411 1461 507 1488 Andrei
527 1462 622 1492 abbati.
644 1463 704 1488 dum
727 1462 782 1495 ipse
806 1464 932 1490 advixerit
953 1468 980 1490 et

206 1506 384 1533 tlel’eusionetn
408 1511 434 1533 et
458 1506 666 1534 admonitionem
693 1507 747 1534 sive
769 1507 837 1534 inter
862 1516 977 1540 Sorores,

206 1558 252 1577 seu
271 1551 304 1578 de
323 1552 388 1577 alias
407 1558 511 1582 causas,
529 1551 550 1576 si
570 1552 646 1577 nobis
660 1552 825 1592 emerserint,
841 1553 976 1585 elegimus,
993 1566 1015 1597 α

207 1599 234 1620 ιιι
249 1595 304 1628 ipse
324 1594 398 1620 nobis
417 1600 489 1627 pater
508 1599 585 1628 atque
605 1588 849 1625 du-feumr‘esisiat.
872 1596 908 1622 De
928 1596 978 1622 tilia

207 1647 270 1665 vero
293 1645 320 1666 et
340 1639 421 1672 Nepte
442 1645 528 1667 nostra
552 1632 870 1674 Nazirimda'statuimus,
896 1646 922 1669 ut
945 1643 979 1669 sit

208 1683 345 1713 tuonaclia.
357 1689 383 1710 ct
393 1691 451 1710 cum
467 1685 491 1710 al
503 1692 531 1711 as
543 1686 678 1711 sororibus
692 1686 730 1711 sic
745 1686 857 1713 adnnate
872 1688 978 1717 l'uerint.

208 1727 363 1761 regulariter
372 1729 456 1754 vivaul
468 1728 554 1762 ;quod
564 1729 585 1754 si
600 1729 624 1754 in
637 1729 686 1754 boc
700 1728 795 1755 factum
807 1737 857 1755 non
873 1731 978 1761 iuerint,

208 1778 235 1797 cl
254 1773 306 1805 ipsa
323 1777 381 1806 post
396 1776 513 1798 nostrum
530 1773 685 1799 remanserit
703 1773 817 1804 obitum,
837 1774 919 1805 abba,
935 1775 979 1808 qui

209 1824 256 1849 pro
270 1823 387 1849 tempore
400 1816 486 1848 inierit,
500 1822 544 1843 aut
556 1824 720 1843 successores
734 1818 773 1844 sui
791 1819 924 1851 provideat
939 1827 980 1846 se-

208 1862 321 1894 cundum
340 1862 409 1894 Deo,
429 1863 542 1896 qualiter
560 1863 614 1897 ipsa
626 1858 660 1890 'in
683 1864 726 1890 Dei
746 1865 856 1891 seriicio
877 1873 978 1898 perma-

208 1911 278 1931 neat.
295 1906 326 1933 Et
340 1914 370 1933 ex
387 1907 495 1939 pecunia
517 1913 604 1934 nostra
620 1908 644 1934 in
659 1913 785 1942 quantum
803 1909 854 1936 illis
868 1911 980 1937 snl'ticiat

208 1952 290 1977 \-ic:us
305 1951 389 1985 adque
405 1953 512 1978 vestitus
527 1958 672 1985 procurrat,
687 1953 807 1986 quatinus
820 1953 876 1980 sine
890 1962 980 1981 neces-

209 1996 286 2021 sitate
301 1995 394 2021 vivant.
415 1995 452 2021 De
471 2003 561 2022 servos
575 1997 612 2022 vel
632 1990 741 2024 ancillas
760 2004 862 2025 nostras
882 2000 915 2026 ita
934 2000 979 2026 de-

208 2039 350 2066 cernimus.
365 2040 462 2066 Omnes
476 2040 548 2067 liberi
563 2047 588 2067 et
602 2041 676 2068 liberi
691 2043 741 2069 sint
757 2052 762 2068 :
779 2048 805 2069 et
819 2044 913 2071 abeant
935 2053 981 2079 per

209 2089 287 2117 caput
302 2084 407 2110 nnmdio
427 2084 554 2111 tramissis
572 2085 704 2120 singulas;
726 2087 751 2112 in
766 2095 796 2113 ea
811 2096 873 2114 vero
894 2089 979 2115 raciu-

208 2138 278 2161 netn,
300 2135 326 2156 ut
347 2131 408 2156 dum
431 2139 479 2156 nos
501 2131 687 2162 advixerimus,
712 2133 787 2159 nobis
806 2133 977 2161 deserviant:

209 2176 401 2208 post‘nostrum
418 2169 479 2202 ver'o
491 2176 640 2207 dicessu-n.
660 2177 681 2203 si
702 2179 810 2209 sororis,
831 2186 881 2212 quc
901 2179 978 2206 nobis

1027 313 1119 339 gnum,
1133 311 1160 333 et
1172 307 1268 333 indicio
1279 308 1452 340 suprascripta
1468 307 1589 334 feliciter.
1742 327 1745 331 .

1062 349 1141 382 Signa
1159 357 1261 382 eorum,
1281 351 1324 383 qui
1343 350 1369 376 in
1387 351 1502 378 otentico
1519 358 1611 378 manus
1631 357 1774 384 posuerunt
1794 360 1802 378 :

1028 392 1054 419 in
1069 394 1158 426 primis
1171 393 1306 420 Auteouda
1319 399 1346 421 et
1361 394 1470 429 Natalia,
1484 403 1536 430 que
1548 395 1607 430 ipsa
1614 397 1711 423 cartola
1727 396 1803 423 lece-
1840 387 1843 391 ’

1027 443 1099 465 runt.
1518 442 1521 444 ’

1062 481 1175 515 Sigipert
1189 483 1335 517 episcopus.

1062 525 1190 559 Giselpert
1204 526 1268 554 dux.

1062 570 1170 596 Cttrerat
1184 572 1329 605 presbyter.

1064 614 1176 640 Audemt
1189 614 1257 641 Illius
1270 614 1359 641 Couda
1373 615 1510 643 Wibiloni.

1063 657 1173 691 Sigelais
1188 658 1255 684 [ilius
1270 658 1380 692 Sigerat.

1065 703 1118 727 Azo
1134 702 1201 728 lilius
1215 702 1302 729 Conda
1320 703 1444 730 liaziloni.

1066 743 1164 771 lladoin
1179 746 1246 771 lilius
1260 746 1349 772 Couda
1363 747 1455 774 'l‘atoui
1470 748 1585 782 scripsit.

1348 790 1352 795 “
1380 801 1446 828 χχι.

1031 843 1188 881 Decretum}
1210 844 1319 881 litiehisii
1334 844 1553 878 [.migalmrdorum
1572 848 1651 881 regis.
1674 856 1719 880 per
1731 850 1804 880 qum!

1065 878 1127 911 [iues
1154 878 1261 904 deri-ruit
1284 880 1376 912 aliqua!
1401 882 1551 912 prwdiorum
1564 878 1607 906 adv
1623 878 1803 909 titotiasteriutu

1065 912 1185 938 [iul/iente
1197 914 1358 945 spectantium
1374 915 1451 948 (anno
1467 916 1538 949 7H).

1064 967 1165 994 Flavius
1190 968 1284 995 llacbis
1309 969 1364 995 viro
1380 970 1600 996 excellentissimo
1622 971 1691 1003 Rege
1709 970 1803 997 mona-

1029 1012 1108 1037 Slerio
1132 1011 1365 1040 beatissimi........
1396 1013 1464 1040 Petri
1478 1018 1504 1040 et
1523 1015 1617 1040 Christi
1641 1015 1807 1042 confessoris

1030 1056 1192 1085 Columbam,
1207 1058 1256 1083 sito
1269 1058 1294 1083 in
1308 1057 1398 1089 Dubio,
1416 1063 1443 1084 et
1458 1059 1598 1085 venerabili
1615 1060 1670 1094 viro
1687 1060 1804 1100 Anasta-

1031 1103 1340 1135 sio......congsegationi
1357 1104 1438 1136 ipsius
1459 1104 1621 1131 monasterii.
1638 1105 1806 1131 Manifestum

1029 1150 1088 1176 est,
1119 1145 1187 1177 quod
1211 1152 1271 1172 ante
1298 1146 1345 1173 bos
1372 1155 1455 1174 annos
1481 1154 1679 1182 tempore.......
1709 1148 1807 1175 Domni

1029 1188 1180 1220 Liutprandi
1197 1191 1263 1223 regis
1286 1191 1360 1216 vobis
1391 1191 1552 1218 subtractum
1579 1198 1619 1219 est
1645 1193 1670 1218 in
1698 1192 1807 1225 aliquod

1031 1233 1082 1259 ﬁne
1096 1238 1187 1260 nOstro
1203 1234 1311 1261 turi.....
1329 1243 1374 1269 per
1393 1235 1532 1270 llilpranda
1558 1237 1582 1264 in
1597 1238 1807 1271 suprascriptum

1029 1278 1180 1304 C(Bttubium
1207 1279 1352 1305 relaxatum
1371 1285 1421 1311 est,
1446 1278 1510 1307 eT'in
1525 1282 1611 1314 aliquo
1627 1281 1651 1307 iu
1664 1283 1808 1311 ipso.......

1029 1329 1043 1347 a
1060 1322 1218 1349 lilcdianensi
1233 1323 1259 1349 in
1274 1324 1331 1350 loco
1341 1343 1348 1354 .
1364 1325 1407 1357 qui
1419 1325 1514 1351 dicitur
1526 1325 1641 1351 Nncicla.
1655 1326 1716 1352 Ideo
1730 1333 1809 1352 accc-

1030 1366 1121 1392 dentes
1148 1366 1210 1393 inibi
1227 1367 1299 1394 missi
1317 1369 1492 1394 nostri........
1509 1376 1569 1394 cum
1582 1369 1707 1400 Gisilpert
1731 1369 1808 1396 Wal-

1029 1411 1123 1437 deman
1137 1412 1295 1446 inquirentes
1308 1420 1352 1446 per
1360 1414 1480 1440 Silvauos
1493 1419 1607 1445 nostros,
1619 1414 1684 1440 idest
1692 1414 1807 1440 Otonc-m

1029 1463 1055 1485 et
1066 1458 1208 1486 liaelt......
1223 1461 1370 1491 veritatem,
1381 1465 1407 1486 et
1417 1466 1574 1487 renovantes
1587 1461 1661 1494 signa
1672 1465 1698 1486 et
1711 1467 1811 1487 cruces

1029 1509 1088 1528 cum
1102 1503 1190 1530 clavos
1204 1503 1307 1530 ferreos
1328 1504 1473 1538 adﬁgentes
1484 1504 1575 1536 simul,
1592 1510 1617 1529 νι
1631 1504 1719 1530 ιί......
1734 1503 1810 1536 ipsos

1030 1548 1224 1576 blediaucuscs:
1242 1549 1267 1575 id
1291 1554 1331 1575 est
1357 1550 1438 1582 prima
1452 1556 1530 1578 cruce
1547 1550 1571 1575 in
1592 1549 1647 1582 ripa
1665 1549 1699 1575 de
1724 1549 1810 1575 lluvio

1032 1592 1101 1619 Nure
1114 1594 1138 1620 iu
1154 1594 1219 1625 Fao,
1235 1594 1329 1620 deinde
1344 1595 1369 1621 in
1501 1595 1544 1628 qui
1561 1599 1611 1620 ~~tat
1625 1595 1651 1620 in
1669 1600 1742 1627 prato
1758 1602 1806 1620 us-

1030 1646 1080 1672 que
1097 1638 1122 1665 in
1138 1639 1290 1669 tenninnm.
1312 1639 1354 1672 qui
1370 1639 1432 1665 inibi
1445 1640 1533 1671 tivum
1559 1644 1598 1664 est
1611 1646 1625 1663 a
1651 1638 1768 1671 Noeicla,
1781 1643 1811 1666 es

1029 1684 1090 1710 dein
1102 1686 1124 1710 le
1152 1692 1234 1717 usque
1249 1684 1272 1710 in
1297 1684 1576 1715 aliu.......semitam,
1603 1684 1670 1716 quod
1693 1684 1811 1711 ﬁxerunt

1031 1729 1128 1754 [lu-bis
1137 1734 1164 1755 et
1179 1729 1229 1755 0to
1243 1729 1342 1755 Silvani
1358 1729 1383 1755 iu
1409 1723 1541 1762 presentia
1556 1729 1636 1762 ipsius
1660 1729 1806 1761 Gumpert:

1030 1773 1126 1799 deinde
1147 1781 1264 1807 ρει-μη..
1280 1773 1305 1799 in
1332 1774 1373 1799 via
1397 1772 1511 1807 publica,
1528 1777 1554 1799 et
1564 1780 1610 1806 per
1629 1774 1711 1805 ipsam
1736 1774 1808 1800 viam

1029 1817 1186 1844 ascendente
1197 1816 1223 1842 in
1235 1817 1306 1843 fuso:
1316 1816 1411 1843 deinde
1418 1824 1449 1843 ex
1457 1821 1632 1843 transversum
1643 1816 1811 1843 descenden-

1031 1866 1056 1888 te
1072 1861 1183 1888 in.......
1208 1854 1339 1888 Camiraro
1365 1867 1391 1888 et
1412 1861 1508 1887 Molino
1529 1861 1657 1893 ipsorum:
1671 1865 1698 1887 et
1710 1860 1810 1887 deinde

1033 1905 1130 1932 iterum
1152 1901 1311 1932 ascendente
1332 1905 1389 1939 ipsa
1416 1905 1466 1931 ﬁne
1487 1911 1567 1937 usque
1590 1905 1615 1930 in
1640 1911 1731 1935 cruce,
1755 1912 1812 1937 que

1032 1949 1146 1976 lixeinnt
1314 1957 1376 1976 rano
1399 1948 1568 1981 suprascripti
1597 1948 1695 1974 Silvani
1723 1948 1810 1975 nostri

1030 1996 1089 2024 Uto,
1100 1995 1204 2026 llacliis,
1214 2000 1238 2021 et
1248 1995 1325 2020 Pasra
1334 2010 1336 2012 -
1344 1995 1384 2021 ius
1392 1994 1417 2020 in
1427 1993 1465 2019 via
1476 1993 1576 2026 publica
1586 1993 1653 2019 inter
1662 1993 1713 2020 line
1723 1992 1810 2019 Turio

1030 2045 1056 2065 et
1084 2040 1150 2072 Alpe
1179 2045 1267 2065 "Oall'a
1291 2038 1418 2065 Carebalo
1443 2046 1489 2071 per
1514 2039 1656 2071 jussiouem
1685 2039 1718 2064 de
1742 2039 1810 2071 ipsis

1033 2084 1120 2110 missis
1137 2084 1244 2115 nostris;
1263 2088 1289 2110 et
1304 2085 1397 2110 iterum
1422 2083 1455 2110 de
1473 2084 1525 2110 alio
1541 2084 1625 2110 latere
1636 2091 1682 2117 per
1698 2084 1808 2110 ﬂuvium

1031 2128 1114 2161 ipsum
1131 2127 1200 2154 Nure
1214 2128 1373 2154 ascendente
1389 2134 1434 2161 per
1448 2135 1541 2160 aquam
1557 2133 1582 2154 et
1597 2128 1653 2153 loca
1667 2127 1807 2161 designata

1033 2174 1172 2200 interduas
1185 2173 1341 2207 mojolascas
1351 2178 1462 2199 exeunte
1474 2173 1505 2198 ad
1520 2172 1660 2198 Lacoraria
1671 2177 1699 2199 et
1709 2178 1810 2205 Capan-

207 2220 392 2251 successerint,
404 2225 449 2246 ant
464 2220 530 2246 forte
541 2221 617 2253 abba,
629 2222 650 2248 si
665 2222 719 2255 ipse
733 2222 875 2254 defuerint.
891 2224 977 2257 aliqua
995 2224 1020 2254 ι)
1035 2227 1065 2245 na
1080 2219 1183 2253 Caiatia
1200 2226 1282 2253 usque
1298 2220 1324 2246 in
1341 2219 1390 2245 Pan
1402 2218 1503 2252 signaw
1516 2222 1543 2245 et
1558 2218 1608 2244 line
1623 2218 1684 2248 isu.
1700 2222 1727 2243 et
1738 2225 1807 2251 qna-

208 2264 247 2290 cis
261 2263 384 2290 violentia
399 2263 494 2291 inferre
509 2264 650 2296 voluerint,
667 2272 717 2299 que
737 2266 783 2297 ipsi
807 2273 910 2300 portare
927 2276 977 2294 non

209 2309 324 2342 possint,
344 2310 406 2335 dent
424 2309 531 2336 mnmlio
546 2316 591 2343 per
609 2310 692 2341 capud
711 2311 831 2338 tremisse
851 2320 930 2338 unum
951 2313 977 2340 in

208 2356 291 2388 ipsum
306 2359 426 2381 sanctum
443 2355 528 2380 locum
540 2374 546 2385 ,
561 2360 587 2381 et
603 2355 699 2382 vadaut
713 2356 791 2383 soluti
805 2357 838 2383 ab
852 2358 923 2384 omni
937 2358 979 2392 jus

209 2399 351 2431 pitronati,
369 2398 410 2424 ubi
425 2398 564 2425 voluerint.
586 2399 639 2426 "ec
656 2401 743 2426 omnia
762 2402 885 2434 superius
906 2409 981 2429 com—

209 2444 336 2476 incitet-sa
348 2441 400 2476 iam
411 2462 419 2475 ,
435 2446 463 2468 ul
477 2443 658 2476 promisimus,
674 2436 828 2472 inconvulsa
842 2447 981 2474 statuimus

210 2495 372 2520 permanere.
394 2488 475 2521 Quarti
493 2496 555 2515 vero
567 2488 744 2516 ordinacionis
759 2496 848 2519 tio-tre
862 2492 979 2527 paginam

211 2532 313 2558 lionoso
339 2531 538 2563 archidiaconus
563 2539 653 2561 sancte
681 2534 837 2567 Veronensis
867 2537 982 2564 Ecclesia

209 2575 325 2602 scribere
338 2576 496 2609 rogavimus,
510 2583 536 2604 ct
551 2586 597 2611 per
612 2578 797 2613 nosmetipsos,
811 2588 857 2608 seu
874 2583 982 2609 testibus

210 2620 399 2648 roboravimus.

245 2678 319 2711 ‘Qui
359 2681 491 2704 vetustum
512 2681 701 2713 autograpbum
727 2681 878 2713 descripsit,
907 2686 982 2709 notas

210 2713 408 2752 chronologicas
423 2720 455 2752 ex
472 2713 740 2752 Aoscitantia‘vitiavit.
756 2718 873 2752 scribens
887 2725 892 2741 :
909 2717 982 2743 Anno

212 2748 347 2779 felicissimi
375 2749 441 2783 regis
467 2749 534 2781 (pro
558 2749 643 2781 regni)
670 2752 748 2775 nostri
776 2751 847 2776 tertio
870 2751 981 2783 decimo,

211 2783 344 2808 iudicliom
360 2790 401 2809 xv.
418 2782 472 2809 Non
497 2782 568 2809 tertio
589 2784 685 2810 decimo
697 2804 703 2814 ,
723 2785 768 2810 sed
795 2789 893 2811 tantum
910 2782 982 2813 tertio

213 2816 364 2849 irimigcnia
390 2818 540 2844 membrana
570 2819 722 2849 praetulerit.
751 2820 783 2845 Et
810 2827 899 2846 revera
914 2828 983 2848 anno

212 2851 262 2877 7S7
278 2853 431 2879 decurrebat
458 2859 540 2878 (unius
553 2851 568 2877 5
584 2852 713 2887 llucliisii,
743 2860 769 2881 ut
794 2862 826 2881 ex
853 2855 911 2881 aliis
925 2856 982 2890 ejus

1035 2266 1093 2292 liter
1106 2266 1226 2299 superius
1251 2265 1353 2299 legitur,
1381 2263 1481 2290 Silvani
1506 2264 1597 2295 nostri,
1614 2263 1638 2289 id
1653 2267 1695 2289 est
1719 2262 1812 2289 Otoet

1034 2311 1138 2342 llachis,
1157 2318 1202 2343 per
1227 2309 1365 2342 Evangelia
1379 2309 1549 2335 ﬁrmaverunt
1564 2307 1590 2334 in
1616 2307 1811 2341 “inscripto-

1034 2363 1090 2382 rum
1098 2356 1239 2389 presentia.
1256 2354 1327 2381 Unde
1341 2353 1474 2386 inquisitio
1488 2359 1533 2386 per
1547 2352 1810 2385 suprascriptosinis

1033 2408 1088 2434 eos,
1104 2402 1129 2428 id
1142 2405 1182 2428 est
1196 2401 1332 2433 Gumpett,
1345 2399 1478 2433 Gisilpert.
1491 2404 1570 2433 atque
1587 2397 1709 2426 Gaideris
1732 2404 1811 2426 tmla~

1034 2448 1100 2478 rium
1114 2448 1179 2474 facta
1197 2451 1246 2473 est.
1269 2446 1407 2480 Propterea
1426 2446 1553 2481 sperastis
1573 2445 1607 2474 ab
1625 2448 1719 2474 excell.
1737 2455 1812 2482 regna

1034 2492 1127 2526 nostri,
1136 2493 1257 2526 quatinus
1267 2491 1301 2518 ba
1307 2499 1321 2519 c
1328 2494 1417 2520 omnia
1425 2491 1631 2525 superiusdicta,
1637 2492 1750 2525 qualiter
1758 2493 1812 2517 hue

1033 2538 1174 2565 deliberata
1188 2544 1238 2569 est,
1254 2538 1387 2571 adsignata
1409 2537 1485 2564 vobis
1500 2544 1546 2570 per
1557 2539 1678 2563 nostrbrn
1692 2542 1812 2568 pracep-

1035 2588 1089 2610 tnm
1112 2584 1226 2617 indicata
1242 2585 1346 2610 Iirmare
1372 2583 1540 2609 deberemus.
1557 2582 1609 2609 Nos
1633 2589 1696 2607 vero
1715 2582 1749 2607 ob
1764 2581 1813 2608 Dei

1035 2629 1127 2655 intuitu
1142 2632 1191 2656 hoc
1208 2629 1358 2656 serenitatis
1373 2634 1467 2655 nostra:
1477 2627 1715 2661 pra'ceptuntvobis
1726 2627 1811 2653 omitti

1034 2685 1131 2711 chartis
1155 2685 1250 2715 didici.
1275 2690 1300 2710 et
1334 2691 1404 2711 recte
1430 2684 1519 2710 statuit
1546 2683 1639 2717 Pagins
1666 2683 1692 2708 in
1716 2681 1812 2717 Critie.

1035 2720 1129 2746 Baron.
1144 2727 1213 2745 anno
1226 2719 1286 2745 7M.
1304 2719 1405 2746 Pietorii
1431 2721 1547 2744 chartam
1564 2715 1615 2743 vidi
1631 2716 1758 2743 scripuli!
1768 2715 1814 2742 die

1035 2757 1050 2779 8
1065 2754 1232 2787 Septenbrio,
1255 2760 1379 2787 regnante
1400 2756 1495 2779 domno
1514 2753 1608 2779 llacbis
1625 2752 1663 2777 vir
1677 2751 1814 2787 excellet»

1035 2785 1150 2814 tissimus
1165 2796 1263 2819 regum,
1276 2785 1345 2814 sum.
1359 2793 1452 2821 quarto
1463 2795 1509 2821 per
1520 2788 1663 2821 indictione
1674 2793 1703 2821 II,
1712 2785 1762 2821 line
1772 2787 1814 2821 est

1035 2830 1108 2849 anno
1118 2817 1213 2849 Christi
1228 2817 1279 2850 75's
1291 2817 1424 2853 iucho'ata,
1437 2817 1470 2848 αι’
1480 2817 1587 2850 credere
1596 2820 1683 2855 juvat,
1692 2819 1812 2850 indicti:-

1037 2865 1069 2885 nc
1084 2865 1149 2885 nova
1159 2864 1191 2885 eo
1205 2857 1260 2891 ipso
1275 2866 1373 2885 mense.
1392 2858 1494 2885 Moser.
