3840 6242
417 356 552 415 1379

1555 310 2153 407 Lauconannonnn
2192 345 2425 401 necuu

3459 341 3599 395 1580

413 469 694 537 regendum
725 503 738 517 .
771 501 786 520 .
822 507 833 517 .
868 502 885 518 .
915 467 1247 518 elemosinam
1299 465 1653 526 tribuendam,
1706 463 1772 516 de
1807 461 1944 528 quod
1974 461 2024 518 Δ
2049 457 2200 508 dibus
2256 451 2632 524 proheredibus
2674 453 2804 505 meis
2833 451 3142 519 quandoque
3169 449 3338 515 aliqua
3369 448 3606 515 posse~si

415 558 792 610 iniviDomitius
805 557 1099 608 condonare
1114 556 1351 621 dignatus
1376 553 1528 606 fuerit
1551 571 1564 616 ;
1593 561 1646 604 et
1673 568 1764 617 pro
1781 551 1948 602 anima

415 660 528 698 mea
559 655 765 713 gravata
819 645 1131 710 ponderibus
1178 645 1400 709 peccatis
1433 644 1559 694 meis
1585 642 1665 695 die
1697 649 1952 705 noctuque

416 721 817 799 omnipotentém
854 733 1034 792 Deum,
1083 739 1134 782 et
1169 733 1326 780 etiam
1360 729 1446 780 Dei
1477 729 1741 780 Genitrice
1773 726 1950 788 Maria,

420 825 499 874 vel
555 822 831 875 beatissimi
869 819 1055 877 sancti;
1089 818 1224 870 l‘ctri
1255 827 1306 869 et
1356 817 1493 868 Pauli
1547 830 1639 868 seu
1691 813 1951 867 Anastasii

418 913 514 962 iuci
541 951 555 963 .
592 951 603 962 .
635 949 650 962 .
685 946 698 961 .
732 946 745 960 .
779 911 929 960 nimis
960 918 1195 975 peccator
1219 908 1284 961 de
1314 908 1548 958 vinculis
1572 918 1817 970 penarum
1848 901 1954 952 eri-

419 1015 540 1067 pere
568 1001 825 1065 dignetur,
876 1008 926 1049 et
954 997 1088 1048 inter
1118 996 1307 1046 sanctis
1338 1004 1391 1046 et
1422 997 1601 1046 electis
1642 992 1749 1042 suis
1784 991 1953 1056 aliqua

421 1098 564 1156 parte
587 1087 669 1140 vel
700 1089 921 1139 societas
963 1086 1194 1137 trilmere
1219 1084 1416 1148 jubeat,
1447 1082 1564 1148 quia
1596 1081 1840 1145 scriptum
1875 1086 1957 1130 est

418 1194 509 1245 per
535 1178 790 1244 eloquium
823 1184 874 1226 et
925 1172 1358 1224 rniniStrationem
1391 1170 1595 1221 Domini
1627 1168 1789 1220 nostri
1831 1166 1958 1218 Jesu

416 1271 640 1322 Christi:
694 1267 852 1318 Petite
880 1275 927 1315 et
957 1263 1151 1314 dabitur
1191 1263 1321 1313 vobis
1360 1262 1605 1324 :quwrite
1645 1269 1689 1310 et
1745 1258 1961 1309 inve—uie-

419 1364 479 1410 (is
503 1397 516 1410 .
545 1396 558 1410 .
586 1395 602 1410 .
627 1396 641 1410 .
674 1397 686 1409 .
713 1395 726 1407 .
760 1393 773 1405 .
806 1393 820 1405 .
851 1393 862 1405 .
899 1390 912 1404 .
943 1369 1034 1418 per
1063 1353 1176 1404 ideo
1205 1367 1299 1418 ego
1327 1351 1481 1401 miser
1510 1359 1561 1400 et
1583 1350 1796 1400 nimium
1829 1361 1958 1412 pec—

417 1462 562 1504 cator
590 1447 818 1499 creditur
850 1445 899 1496 in
931 1443 1045 1510 ejus
1078 1456 1258 1507 magna
1294 1438 1673 1497 misericordia,
1706 1438 1820 1500 quia
1849 1437 1961 1500 pius

420 1541 664 1591 Dominus
687 1545 737 1587 et
759 1535 1075 1596 Redemptor
1106 1515 1334 1580 omnium
1361 1528 1478 1579 cmli
1509 1539 1560 1578 ei
1595 1536 1728 1577 lcrre
1753 1527 1816 1576 de
1849 1539 1962 1589 par-

422 1628 594 1680 vitatis
625 1639 735 1676 mea
784 1621 1006 1673 terrenis
1034 1613 1380 1669 'tribueudum
1413 1615 1474 1667 ad
1505 1616 1613 1679 ipsa
1654 1623 1829 1664 sancta
1858 1615 1960 1662 vir-

417 1726 525 1768 tute
549 1709 770 1764 nominis
799 1706 1076 1760 beatissimi
1105 1706 1266 1758 sancti
1294 1705 1427 1756 Petri
1453 1715 1505 1756 et
1533 1703 1672 1755 Pauli
1703 1717 1793 1753 seu
1830 1706 1962 1752 Ana-

2102 580 2116 595 .
2143 580 2158 594 .
2187 579 2201 595 .
2237 583 2251 596 .
2285 581 2298 596 .
2321 581 2334 595 .
2364 543 2466 595 tuis
2490 544 2806 611 temporibus
2831 542 3118 594 stavilitum
3160 548 3484 606 permaneat.
3539 537 3606 590 Et

2050 633 2135 698 qui
2166 640 2346 683 contra
2391 632 2522 685 hanc
2551 633 2801 683 cartulam
2853 634 2932 682 vel
2976 630 3088 695 ipso
3125 630 3466 689 monasterio,
3512 635 3608 678 aut

2053 724 2289 769 sanctum
2335 719 2666 789 Senodocbio
2713 720 2789 770 ire
2827 717 3140 785 quandoque
3196 715 3604 780 presumpserit.

2053 814 2142 856 aut
2169 820 2227 858 ea
2273 806 2573 880 inrumpere
2610 807 2854 869 voluerit,
2907 809 2956 858 in
3007 807 3186 874 primis
3231 805 3280 855 in
3315 805 3390 854 ira
3429 801 3610 855 Deiet

2053 894 2223 946 omnis
2255 897 2458 947 virtutis
2480 897 2732 956 celerum,
2764 904 2815 948 et
2841 895 3273 962 archangelorum
3306 901 3357 943 et
3387 892 3608 958 angelo-

2055 998 2167 1035 rum
2197 1021 2212 1034 .
2245 1024 2257 1035 .
2291 1025 2306 1039 .
2345 1023 2359 1037 .
2396 1023 2410 1035 .
2443 1020 2459 1036 .
2492 1020 2507 1036 .
2542 1023 2556 1036 .
2598 985 2860 1049 Scarioth,
2913 985 3000 1052 qui
3060 984 3270 1035 tradidit
3326 980 3610 1033 Domitium

2057 1083 2289 1130 nostrum
2328 1073 2501 1126 Jesum
2526 1074 2812 1137 Christum,
2867 1085 2920 1127 et
2947 1076 2996 1126 in
3019 1073 3238 1125 Tartaro
3277 1072 3346 1125 sit
3370 1071 3611 1126 conscri-

2061 1171 2223 1227 ptum.
2278 1161 2410 1214 Ecce
2442 1145 2495 1213 tit
2527 1178 2640 1215 mea
2671 1162 2877 1216 fuerunt
2920 1163 3180 1215 desideria
3210 1160 3508 1227 adiniplevi,
3557 1166 3612 1208 et

2059 1252 2310 1305 Avoudus
2339 1255 2571 1306 notarius
2594 1254 2824 1306 scrivere
2851 1255 3048 1318 rogavi.
3082 1306 3095 1310 ,,

2130 1343 2314 1392 Actum
2343 1341 2580 1405 Pistor-ia,
2611 1356 2826 1408 regnum
2851 1351 2904 1395 et
2936 1339 3224 1394 indictione
3252 1335 3613 1402 suprascripta

2061 1427 2298 1481 feliciter.

2132 1519 2343 1584 Signum
2396 1531 2581 1570 manus
2615 1557 2627 1569 .
2666 1556 2680 1569 .
2713 1554 2727 1568 .
2761 1554 2774 1568 .
2811 1556 2823 1568 .
2853 1516 3030 1570 fredus
3061 1517 3297 1579 medicus
3347 1521 3561 1579 rogatus
3586 1522 3616 1562 ι

2065 1606 2311 1671 llatperto
2341 1620 2494 1657 manu
2527 1607 2730 1671 propria
2776 1615 2907 1658 teste
2928 1606 3236 1670 subscripsi.

2138 1695 2245 1761 Ego
2274 1694 2500 1746 Lazarus
2529 1704 2739 1761 rogatus
2769 1710 2796 1746 a
2830 1694 3262 1766 llatperto‘tcstis
3300 1686 3616 1753 subscripsi.

418 1801 560 1856 stasil
611 1798 805 1850 celesle
843 1810 940 1862 gau
991 1831 1006 1845 .
1036 1832 1049 1845 .
1081 1831 1094 1843 .
1130 1830 1145 1843 .
1180 1829 1192 1843 .
1239 1791 1468 1858 Conjuge
1513 1805 1626 1843 mea
1686 1789 1960 1840 Perterada
1997 1771 2040 1828 Β
2138 1785 2254 1852 Ego
2311 1785 2627 1853 Rachiperto
2669 1796 2878 1854 rogatus
2916 1801 2944 1837 a
2995 1786 3242 1852 llatperto
3289 1782 3441 1835 testis
3488 1781 3617 1834 sub-

419 1888 612 1942 carnali
641 1886 764 1938 vitio
803 1877 954 1936 fuerit
988 1881 1304 1949 consecuta,
1340 1889 1391 1931 et
1422 1881 1469 1930 in
1515 1879 1625 1944 ipso
1648 1876 1964 1930 senodochio

419 1983 498 2032 vel
554 1975 869 2030 monasterio
918 1971 1142 2024 noluerit
1189 1969 1472 2031 deservire,
1525 1968 1669 2019 nulla‘
1715 1968 1780 2018 de
1809 1968 1963 2018 rebus

423 2041 725 2121 nieisiavere
755 2062 960 2120 debeat,
1014 2059 1108 2110 nisi
1135 2071 1291 2108 vacua
1318 2065 1365 2108 et
1409 2058 1562 2108 inane
1607 2056 1793 2108 exinde
1841 2055 1965 2105 furis

422 2157 569 2210 exire
597 2154 836 2212 deveant,
868 2147 1177 2199 ambulando
1226 2146 1310 2198 ubi
1358 2143 1606 2207 voluerit,
1657 2153 1709 2195 et
1750 2142 1961 2195 forsitan

425 2247 528 2298 lilia
562 2281 574 2294 .
603 2280 617 2294 .
642 2277 662 2295 .
694 2277 708 2291 .
734 2279 746 2291 .
774 2275 790 2291 .
822 2239 900 2289 rio
928 2239 1209 2298 deservire,
1250 2236 1293 2287 si
1326 2236 1390 2287 de
1422 2234 1782 2301 eumportione
1827 2248 1958 2295 mea,

419 2336 598 2395 vadat,
643 2330 728 2382 ubi
773 2327 1014 2387 voluerit,
1070 2326 1288 2390 amplius
1319 2327 1384 2378 de
1423 2325 1576 2376 rebus
1608 2323 1757 2384 meis,
1791 2324 1870 2374 vel
1911 2325 1960 2374 in

426 2423 538 2487 ipso
569 2415 883 2471 monasterio
916 2415 1053 2466 nulla
1084 2423 1262 2482 posset
1288 2428 1461 2477 avere,
1508 2413 1588 2465 vel
1620 2411 1962 2478 imperatione

424 2507 616 2559 facere.
671 2504 797 2556 Nam
823 2503 863 2554 si
891 2501 1022 2554 inivi
1045 2504 1405 2567 permanserit,
1435 2500 1603 2553 omnia
1633 2514 1750 2552 cum
1780 2513 1965 2567 supra-

424 2594 562 2648 dicto
586 2604 786 2647 rectore
800 2591 876 2643 vel
891 2591 1159 2656 genitrice,
1184 2595 1338 2656 atque
1357 2589 1596 2657 conjuge,
1617 2588 1700 2642 vel
1730 2604 1776 2642 s.
1803 2626 1817 2642 .
1839 2627 1851 2639 .
1871 2626 1884 2640 .
1905 2625 1920 2640 .
1947 2626 1961 2639 .

430 2682 678 2738 Dominus
717 2679 872 2729 vitam
911 2677 1228 2739 concesserit
1272 2678 1323 2728 in
1355 2676 1492 2729 hunc
1517 2677 1735 2729 exilium
1783 2675 1963 2728 mundi

423 2772 745 2835 evitandum,
766 2769 936 2821 omnia
960 2781 1070 2818 mea
1093 2767 1162 2819 sit
1185 2775 1438 2832 potestate
1465 2764 1771 2832 regendum,
1802 2780 1965 2817 reme-

424 2860 740 2926 iorapdnm,
791 2859 1062 2913 usulructu
1089 2852 1419 2922 capiendum,
1449 2868 1567 2906 nam
1595 2867 1699 2905 non
1724 2851 1792 2904 ad
1817 2867 1966 2905 secu-

427 2948 620 3000 laribus
673 2961 765 3012 pro
807 2945 949 2998 nullo
997 2943 1208 3012 ingenio
1259 2942 1670 2998 subtrahendum
1734 2941 1832 2995 nisi
1873 2957 1967 3007 pro

425 3038 596 3087 anima
626 3050 778 3088 mea.
812 3073 824 3086 .
855 3031 1815 3091 ....demittendum.......si...

428 3124 553 3176 mihi
572 3123 787 3176 heredes
803 3135 920 3175 esse
942 3121 1160 3175 devestit
1174 3121 1459 3174 secundum
1476 3123 1560 3175 lex
1579 3127 1750 3191 gentis
1763 3135 1961 3189 nostre,

428 3223 481 3266 et
509 3213 617 3280 ipse
636 3210 951 3264 seuodochio
975 3211 1027 3262 in
1055 3224 1146 3262 sua
1175 3221 1328 3262 aveat
1378 3221 1651 3278 potestate,
1701 3216 1781 3269 vel
1823 3216 1963 3282 quod

431 3317 523 3371 per
549 3304 659 3368 ipso
681 3299 806 3352 mihi
838 3299 993 3352 fuerit
1020 3298 1336 3366 onlinatum.
1391 3301 1454 3354 Et
1479 3301 1524 3354 si
1545 3297 1964 3360 ad’secularibus

398 3391 648 3443 vvoluerit
676 3403 996 3455 permanere,
1031 3390 1320 3454 portionem
1350 3405 1497 3444 suam
1525 3392 1796 3460 suscipiat,
1829 3408 1881 3450 et
1911 3397 1966 3450 in

431 3482 544 3546 ipso
565 3480 878 3531 monasterio
903 3478 1045 3530 nulla
1070 3478 1406 3546 imperatlone
1431 3517 1446 3532 .
1472 3520 1485 3533 .
1513 3519 1529 3534 .
1559 3521 1571 3533 .
1600 3519 1614 3534 .
1638 3482 1966 3541 ordinatione

425 3569 562 3636 just:
604 3570 708 3623 Deo
737 3566 892 3621 fuerit
939 3556 1254 3621 ordinatum.
1332 3570 1394 3622 Et
1423 3573 1538 3639 quia
1569 3587 1653 3627 me
1682 3575 1963 3642 Optandum

431 3658 528 3722 ire,
560 3659 599 3709 si
629 3660 743 3709 sine
773 3657 908 3709 filius
928 3661 1159 3711 masculo
1188 3661 1463 3727 transiero,
1511 3671 1564 3715 et
1604 3672 1754 3716 antea
1783 3667 1848 3718 de
1874 3668 1968 3719 hac

387 3767 390 3770 ’
433 3749 547 3801 luce
577 3750 826 3814 migratus
858 3748 1028 3812 fuero,
1057 3764 1210 3816 quam
1243 3750 1410 3817 ipsum
1460 3763 1696 3807 sanctum
1726 3764 1778 3808 et
1807 3772 1966 3810 vene-

433 3839 592 3889 rabile
621 3838 787 3889 locum
813 3847 1172 3890 consectatum
1196 3840 1282 3903 sit,
1312 3842 1430 3894 volo
1458 3851 1613 3910 atque
1633 3844 1880 3908 decerno,
1914 3853 1971 3898 ut

433 3928 545 3991 ipso
567 3927 792 3977 oratorio
813 3927 892 3978 vel
916 3927 1233 3980 senodochio
1257 3927 1363 3996 jam
1392 3931 1586 3983 dictum
1612 3970 1623 3983 .
1657 3969 1672 3983 .
1701 3968 1718 3984 .
1746 3969 1761 3985 .
1790 3971 1806 3986 .
1839 3972 1851 3984 .
1881 3950 1969 4002 ge,

434 4021 538 4064 seu‘
566 4029 746 4065 sorore
789 4023 841 4064 et
889 4016 989 4065 tilia
1032 4030 1145 4068 mea
1185 4017 1250 4068 de
1291 4017 1463 4069 omnia
1505 4020 1784 4074 medietate
1813 4025 1969 4076 rebus

436 4100 585 4164 meis,
614 4112 724 4166 que
742 4099 860 4151 inivi
892 4101 1192 4154 condonare
1224 4104 1363 4154 visus
1387 4118 1523 4167 sum,
1548 4105 1730 4158 diebus
1747 4108 1851 4161 vite
1876 4123 1969 4163 sue

434 4202 583 4243 aveat
613 4188 953 4256 potestatem;
987 4200 1039 4242 et
1067 4202 1180 4257 post
1199 4193 1340 4245 ovito
1362 4208 1563 4259 eorum,
1588 4197 1724 4262 quod
1757 4214 1847 4264 per
1872 4196 1970 4267 ipsi

438 4281 559 4330 inivi
591 4277 745 4330 fuerit
767 4279 1059 4331 ordinatum
1087 4290 1140 4333 et
1165 4283 1300 4334 servi
1329 4283 1407 4336 vel
1432 4285 1645 4339 ancillas
1658 4302 1800 4341 meas
1825 4297 1972 4355 parte

2062 1889 2266 1940 scripsn

2131 1960 2345 2030 Signum
2374 1962 2834 2025 manusMaurelli,
2868 1963 2954 2029 qui
2981 1961 3089 2014 filio
3112 1946 3372 2029 quondam
3399 1961 3618 2028 Statari,

2065 2063 2450 2116 rog.._....
2708 2030 2724 2045 ’

2137 2146 2352 2212 Signum
2387 2156 2571 2195 manus
2609 2139 2866 2205 Anselmi,
2914 2140 2998 2206 qui
3031 2141 3138 2193 lilio
3167 2140 3428 2207 quondam
3461 2136 3621 2189 Darn-

2035 2233 2190 2294 -fula,
2225 2233 2392 2284 testis.

2135 2322 2350 2386 Signum
2383 2332 2568 2370 manus
2595 2314 2802 2380 Tatoni,
2837 2315 2933 2382 qui,
2962 2315 3066 2367 lilio
3100 2314 3364 2382 quondam
3403 2313 3620 2379 Fusoui,

2068 2411 2238 2460 testis.

2135 2495 2242 2562 Ego
2264 2491 2535 2556 Avondus,
2563 2491 2649 2560 qui
2675 2505 2828 2558 supra
2854 2489 3080 2562 scriptor
3103 2489 3258 2557 hujus
3279 2491 3481 2544 cartule
3503 2499 3626 2559 post

2065 2601 2096 2640 a
2134 2585 2350 2640 testibus
2377 2595 2616 2638 rovorata
2665 2593 2718 2636 et
2749 2583 2936 2634 tradita
2969 2582 3134 2650 ipsius
3174 2583 3335 2634 abbas
3375 2596 3624 2650 preseute

2017 2696 2030 2701 ·’
2068 2677 2276 2731 Audrca
2304 2674 2411 2726 lilio
2443 2709 2458 2725 .
2493 2713 2508 2727 .
2542 2711 2556 2725 .
2584 2711 2597 2724 .
2633 2712 2646 2725 .
2676 2710 2691 2725 .

2327 2765 2511 2818 Domni
2558 2762 2752 2826 Karoli,
2799 2775 2936 2815 anno
2977 2760 3116 2828 regni
3148 2760 3262 2828 ejus
3297 2769 3486 2829 quarto
3525 2772 3623 2826 per

2069 2857 2346 2911 indictione
2374 2855 2535 2922 prima
2565 2853 2820 2918 complevi
2853 2863 2907 2904 et
2944 2853 3082 2902 dedi.

2140 2945 2250 3013 Ego
2280 2943 2568 3011 Gausperto
2594 2946 2814 3004 notario,
2838 2943 2970 2994 sicut
3015 2943 3066 2994 in
3115 2940 3378 2994 autentica
3433 2937 3638 2999 iuveni.

2072 3035 2342 3099 scriptum,
2376 3031 2600 3084 lldeliter
2641 3030 2954 3097 esemplavi.

2147 3120 2254 3186 Ego
2294 3116 2607 3171 Gualbertus
2659 3122 2888 3170 notarius
2937 3127 2992 3170 et
3039 3117 3378 3184 judex_sacri
3437 3118 3620 3186 palatii

2068 3210 2291 3276 scriptor
2316 3248 2334 3274 ,
2356 3208 2672 3261 auteuticum
2710 3209 2831 3261 illud
2864 3208 2964 3261 vidi
2993 3220 3044 3262 et
3071 3211 3192 3277 legi,
3223 3212 3300 3264 sic
3331 3212 3458 3266 inibi
3487 3227 3618 3266 con-

2072 3300 2354 3365 tinebatur,
2381 3299 2644 3367 quomodo
2675 3300 2710 3353 ii
2774 3300 2872 3352 hoc
2908 3305 3174 3369 esetnplar
3215 3307 3467 3371 scripturn
3507 3315 3616 3368 est,

2071 3403 2244 3460 preter
2269 3391 2385 3459 plus
2412 3391 2673 3452 minusve,
2703 3402 2756 3442 et
2783 3406 2937 3442 rnauu
2970 3406 3086 3444 mea
3129 3396 3337 3460 propria
3367 3396 3577 3460 scripsi.

2760 3497 2940 3552 XXIII.

2075 3588 2335 3643 Institutio
2383 3589 2677 3661 nionnsterii
2724 3606 2981 3661 sacrarum
3029 3591 3279 3661 virginum
3327 3593 3419 3647 sub
3466 3594 3616 3647 titulo

2141 3670 2426 3731 sanctorum
2453 3658 2616 3731 iPetri
2649 3671 2694 3731 et
2756 3660 2904 3731 Pauli
2952 3658 3390 3725 atque—Anastasii
3421 3668 3558 3731 facta
3582 3680 3615 3714 ο

2144 3729 2411 3796 Ilatefredo
2432 3730 2536 3794 ﬁlio
2550 3727 2812 3780 (ἐκιιίεὴἠή
2835 3732 2885 3780 in
2905 3744 3025 3796 agro
3045 3731 3329 3783 Pistoriensi
3343 3727 3452 3799 (an.
3466 3733 3614 3801 ἴω).

2145 3834 2198 3887 In
2221 3834 2429 3888 nomine
2459 3832 2678 3903 Domini.
2714 3834 2804 3888 Die
2830 3845 3030 3900 octavo,
3063 3852 3240 3892 mense
3264 3839 3614 3908 Septembrio,

2075 3935 2329 3992 regnante
2377 3924 2568 3978 domno
2591 3923 2781 3977 Rachis
2813 3925 2890 3976 vir
2916 3928 3380 3981 excellentissimus
3406 3946 3617 3997 regem,

2075 4031 2214 4068 anno
2245 4026 2454 4082 quarto,
2487 4031 2578 4083 per
2608 4018 2890 4070 indictione
2919 4020 3171 4082 secunda,
3192 4017 3430 4072 feliciter.
3469 4024 3615 4074 Batt-

2079 4105 2209 4159 fredi
2249 4094 2383 4158 filius
2421 4109 2682 4173 quondam
2714 4109 2977 4162 Guiliciiisi
3007 4123 3223 4176 sperave
3249 4111 3301 4174 in
3328 4125 3412 4165 me
3437 4113 3617 4168 divina

2082 4197 2331 4263 petentia,
2382 4197 2505 4249 dum
2555 4200 2856 4265 complexus
2887 4188 3116 4268 rejaccre
3157 4201 3206 4254 iu
3253 4204 3614 4259 inllrmitat....

2078 4286 2188 4339 sine
2219 4288 2348 4352 line,
2399 4289 2484 4338 tibi
2511 4286 2650 4340 fures
2701 4288 3085 4341 non'elfodiuut
3123 4304 3221 4342 nec
3262 4288 3534 4355 furantur;
3561 4302 3618 4344 ut

439 4385 552 4423 mea
601 4370 744 4421 liveri
800 4370 1103 4423 demittendi
1131 4411 1144 4425 .
1184 4411 1197 4425 .
1219 4407 1235 4424 .
1265 4409 1279 4424 .
1306 4409 1322 4425 .
1351 4410 1364 4426 .
1395 4408 1410 4425 .
1439 4412 1453 4426 .
1483 4413 1496 4427 .
1529 4412 1544 4426 .
1573 4387 1740 4429 ratum
1799 4354 1876 4430 δὴ
1920 4381 1968 4431 in
2002 4411 2056 4471 Β
2080 4373 2164 4425 illa
2187 4389 2314 4427 voce
2338 4376 2515 4428 audire
2546 4390 2767 4438 merear,
2795 4378 2914 4443 quia
2960 4376 3207 4431 Dominus
3245 4388 3422 4431 noster
3461 4379 3616 4434 Jesus

438 4459 533 4523 ipsi
557 4459 766 4510 livertas
794 4471 1111 4525 permaneat,
1135 4463 1267 4515 sicut
1290 4465 1531 4530 princeps
1553 4465 1775 4519 domnus
1801 4481 1974 4524 noster

432 4546 572 4598 bona
591 4551 840 4597 memorie
861 4548 1139 4614 Liupraudi
1158 4567 1245 4602 rex
1276 4567 1365 4617 per
1385 4555 1607 4607 edictum
1631 4560 1973 4623 confirmavit,

385 4665 402 4673 --
435 4643 488 4684 et
518 4634 701 4685 iterum
726 4636 1034 4688 coolirmare
1065 4639 1282 4702 previdi,
1332 4628 1383 4691 u’t
1406 4645 1504 4694 sub
1526 4648 1713 4698 nullius
1744 4652 1976 4703 matrieis

439 4726 656 4775 ecclesia
702 4725 1052 4789 subiacentem
1100 4729 1267 4793 ipsum
1314 4743 1549 4785 sanctum
1579 4739 1862 4791 ‘oratorium
1895 4742 1976 4796 vel

438 4814 756 4865 scoodochio
786 4819 1035 4880 parvitate
1066 4835 1149 4870 mu
1193 4857 1206 4870 .
1241 4857 1256 4872 .
1286 4860 1298 4873 .
1330 4860 1346 4875 .
1384 4859 1394 4871 .
1426 4862 1439 4874 .
1471 4860 1484 4874 .
1521 4825 1785 4880 Dominico
1811 4832 1974 4884 abbas

441 4916 528 4968 per
549 4918 641 4955 sne
671 4904 791 4956 inivi
818 4906 1033 4972 positus,
1065 4917 1118 4959 et
1148 4910 1252 4975 ipsa
1281 4913 1552 4978 genitrice,
1581 4925 1736 4982 atque
1756 4921 1975 4987 coojugc

443 5008 531 5043 seu
561 5008 803 5061 germana
849 5006 999 5064 atque
1030 4999 1130 5049 filia
1163 5017 1295 5062 mea,
1325 5006 1372 5056 in
1405 5022 1548 5060 suam
1580 5021 1724 5062 aveat
1746 5019 1975 5078 potesta-

443 5092 545 5134 tem
577 5084 756 5134 diebus
801 5087 900 5136 vite
928 5102 1038 5150 sue,
1084 5099 1172 5139 aut
1217 5089 1355 5144 fratri
1412 5099 1489 5148 vel
1522 5100 1707 5161 sorori,
1754 5102 1838 5166 qui
1885 5115 1974 5164 per

440 5169 534 5234 ipsi
563 5169 681 5221 inivi
709 5173 858 5238 positi
885 5173 1094 5239 fuerint,
1126 5179 1204 5230 vel
1234 5185 1556 5242 postmodum
1582 5202 1712 5238 unus
1735 5190 1978 5253 quislibet

439 5261 723 5313 secundum
755 5261 914 5315 Deum
960 5267 1135 5318 electis
1162 5271 1283 5333 spiri
1320 5306 1332 5319 .
1364 5308 1376 5321 .
1406 5308 1417 5320 .
1444 5308 1458 5322 .
1493 5309 1505 5322 .
1541 5312 1553 5324 .
1586 5291 1757 5340 peres.
1805 5290 1855 5328 et
1885 5295 1976 5344 pm

440 5353 636 5402 scelera
663 5366 776 5404 mea
803 5352 1073 5405 Dotninum
1095 5357 1510 5424 deprecandum;
1544 5379 1658 5415 nam
1694 5382 1784 5432 pro
1831 5367 1970 5419 nullo

444 5440 588 5489 titulo
639 5443 830 5493 malum
859 5443 1120 5496 hominem
1171 5448 1522 5516 alienandum,
1577 5464 1664 5503 aut
1719 5470 1807 5519 per
1860 5471 1978 5507 cor—

443 5530 733 5592 ruptionem
762 5531 882 5582 inivi
905 5532 1006 5583 alio
1029 5538 1504 5603 superponendum,
1560 5541 1658 5590 nisi
1691 5557 1841 5607 quem
1893 5545 1974 5594 ille

447 5621 682 5686 voluerit,
709 5621 791 5687 qui
823 5623 942 5675 inivi
979 5622 1131 5676 fuerit
1153 5625 1420 5681 ordinatus
1450 5638 1499 5681 et
1527 5632 1697 5683 nullus
1729 5633 1789 5684 de
1821 5632 1975 5686 here-

2080 4462 2315 4516 Cbristus
2357 4479 2418 4516 ac
2469 4466 2769 4533 redemptor
2818 4468 3072 4531 omnium,
3101 4471 3149 4521 in
3179 4481 3236 4522 se
3278 4470 3612 4526 credentibus

2082 4555 2385 4619 promittere
2434 4549 2675 4620 dignalus
2722 4568 2833 4609 est:
2869 4557 3064 4621 Venite,
3114 4559 3351 4610 benedicti
3406 4553 3615 4613 Patris.‘

2079 4641 2312 4706 percipitc
2338 4657 2569 4713 regnum,
2601 4646 2732 4710 quod
2769 4645 2904 4695 vobis
2941 4659 3174 4711 paratum
3223 4656 3293 4697 est
3327 4649 3388 4698 ob
3427 4650 3618 4715 origine

2082 4729 2274 4777 mundi.
2312 4728 2376 4780 Et
2405 4733 2590 4782 iterum
2619 4735 2928 4796 ammonuit,
2953 4733 3290 4801 dicens...,...
3338 4735 3480 4807 ﬁlius
3513 4755 3617 4787 ηισο

2079 4818 2260 4866 sculus.
2289 4816 2613 4872 Previdimus
2634 4821 2682 4873 in
2708 4824 2918 4890 proprio
2937 4839 3057 4878 meo
3075 4825 3319 4878 editicaro
3337 4827 3615 4879 ecclesiam

2079 4908 2396 4960 monasterio
2417 4909 2836 4964 beatissimorum
2856 4918 3020 4966 sancti
3054 4916 3189 4968 Petri
3211 4925 3264 4967 et
3294 4915 3430 4968 Pauli
3462 4928 3619 4986 atque

2079 5000 2361 5063 Anastasii,
2393 5010 2444 5052 et
2475 5001 2598 5054 inivi
2623 5019 2727 5066 me,
2773 5005 2852 5056 vel
2881 5008 3048 5057 anima
3082 5019 3194 5058 mea
3225 5009 3618 5069 commendare;

2079 5100 2232 5151 atque
2255 5087 2429 5140 offerri
2456 5090 2788 5144 medietatem
2807 5095 2874 5147 de
2896 5109 3103 5146 onmem
3129 5099 3432 5162 parvitatem
3452 5113 3607 5164 pecu-

2082 5178 2239 5239 niam,
2274 5180 2352 5230 vel
2376 5181 2696 5245 adquisitutn
2729 5198 2922 5244 meum,
2949 5185 3084 5250 quod
3119 5201 3254 5237 nunc
3278 5191 3506 5251 presenti
3536 5189 3619 5240 dio

2000 5329 2006 5333 ι
2045 5273 2253 5330 "avere,
2286 5278 2428 5320 et....
2464 5281 2633 5334 luero,
2662 5280 2762 5322 tam
2809 5287 2927 5324 case
2972 5275 3265 5328 avitationis
3297 5291 3431 5338 mee,
3461 5292 3616 5347 quam

2080 5367 2126 5407 et
2161 5374 2280 5410 case
2309 5362 2630 5426 massaricie,
2657 5377 2748 5415 sco
2796 5365 3005 5428 casalia,
3037 5369 3208 5430 vinea,
3242 5376 3399 5430 terra,
3434 5371 3614 5435 pratis,

2081 5453 2307 5517 pascuis,
2334 5452 2499 5515 silvis,
2531 5454 2763 5517 salectis,
2795 5457 3106 5519 sationibus,
3135 5460 3328 5508 cultum
3357 5468 3516 5526 atque
3535 5462 3616 5510 in-

2085 5552 2302 5608 cultum,
2339 5551 2581 5601 movilem
2629 5552 2706 5604 vel
2752 5552 3047 5603 inmoviletn
3070 5593 3082 5612 ,
3114 5566 3334 5618 seseque
3367 5552 3619 5606 moventi-

2085 5638 2200 5706 bus,
2255 5643 2428 5694 omnia
2479 5650 2530 5694 ει
2579 5642 2629 5693 in
2683 5640 2926 5693 omnibus
2955 5643 3018 5692 ad
3052 5640 3220 5710 ipsum
3271 5652 3511 5697 sanctum
3565 5648 3614 5694 ut
