3796 6386
103 372 206 425 1581

1109 363 1488 420 ΒΙΡιΟὶΙΑΤΛ
1532 359 1806 416 ECCLES.
1849 362 2176 418 SELECTA.

3116 352 3250 410 13-81

101 460 422 548 venerabilem
440 479 608 531 locum
634 475 809 531 ol'l'erri
834 483 887 530 et
908 475 1110 530 condoo
1123 491 1210 529 are
1233 473 1604 542 previdi.......
1638 475 1685 530 Δ
1710 475 1844 526 servi
1873 476 1950 526 vel
1967 476 2182 527 ancillas
2198 486 2520 525 meas........
2546 485 2658 524 mea
2682 472 2825 523 livcri
2849 472 3247 528 dcmittend.....

98 585 176 622 seu
196 578 246 622 et
271 566 578 632 Astruelda,
608 568 697 635 qui
751 576 897 619 veste
944 566 1225 644 monastica
1282 553 1462 617 induta
1492 577 1613 616 esse

100 657 296 710 videtur.
333 648 400 708 lu
421 670 538 708 eum
561 664 901 716 verotenore,
927 664 982 706 ut
1003 653 1046 706 si
1067 655 1175 719 jam
1193 652 1331 704 dicta
1364 652 1466 704 lilia
1501 665 1614 702 mea

101 741 307 806 voluere,
339 757 461 795 cum
500 743 745 810 genitrice
795 757 906 795 mea
938 740 1155 802 Muntia,
1203 750 1362 807 atque
1393 740 1614 803 θυιδαμ

99 846 195 883 mea
217 830 517 894 Perterada,
553 844 642 882 seo
662 844 905 898 germana
937 843 1051 882 mea
1085 829 1351 893 Ratpcrta,
1378 828 1426 878 in
1445 826 1613 890 ipsum

100 920 403 973 monasterio
429 919 688 970 deservire
717 918 927 981 voluere
957 907 1124 970 in...”
1153 915 1472 968 senodocltio
1506 928 1620 979 ege-

98 1023 182 1060 nos
210 1007 284 1060 vel
318 1020 576 1074 pauperes
599 1004 978 1069 recipiendum,
1006 1013 1058 1056 et
1082 1005 1363 1056 elemosina
1394 1001 1621 1053 tribuen-

100 1101 207 1149 dum
253 1109 305 1149 et
365 1087 749 1164 guvernindum
780 1109 872 1161 per
896 1093 1167 1146 ebdomata
1196 1108 1296 1144 una
1347 1091 1620 1158 pauperes,

98 1188 166 1238 vel
211 1188 509 1253 peregrinas
537 1187 758 1248 animas,
787 1193 840 1237 et
870 1199 968 1236 una
992 1197 1108 1235 cum
1137 1184 1402 1235 dominico
1433 1181 1621 1234 abbate

100 1256 306 1341 rectore,
340 1291 493 1341 quem
523 1276 647 1326 inibi
675 1273 917 1326 ordinare
941 1270 1169 1339 previdi:
1196 1271 1390 1331 omnia,
1410 1279 1467 1322 ut
1491 1268 1624 1332 dixi,

97 1363 141 1416 in
170 1379 256 1416 sua
290 1363 478 1415 habeat
507 1371 760 1426 potestate
800 1359 1249 1429 regendum.......
1280 1359 1622 1410 elemosinam

99 1451 422 1502 tribuendum
450 1449 516 1502 de
545 1449 682 1514 quod
715 1448 838 1499 inibi
894 1429 1140 1498 Dominus
1185 1446 1484 1503 condonare
1498 1438 1625 1508 ’ἀίκ-

99 1548 243 1590 natus
287 1538 468 1603 luerit,
497 1546 549 1590 et
575 1551 669 1604 pro
695 1537 867 1588 anima
917 1549 1029 1588 mea
1059 1544 1270 1603 gravata
1305 1533 1623 1600 ponderibus

96 1626 320 1691 peccatis
346 1625 502 1690 meis,
551 1625 636 1679 die
691 1633 949 1688 noctuque
997 1622 1407 1688 omnipotentem
1443 1622 1622 1683 Deum,

96 1727 145 1768 et
169 1717 326 1770 etiam
379 1715 470 1767 Dei
497 1713 763 1768 Genitrice
789 1713 967 1773 Maria,
1015 1713 1094 1763 vel
1128 1711 1408 1763 beatissimi
1461 1709 1625 1761 sancti

1679 601 1684 604 -
1714 572 1881 614 ratum
1897 564 1970 615 sic
1998 565 2045 614 in
2065 563 2155 627 ipsi
2180 561 2387 614 livcrtas
2411 559 3253 627 mrmaneat,sicutprinceps,do-
3333 611 3339 616 ,

1717 647 1886 699 minus
1909 658 2086 700 noster
2100 649 2234 700 bone
2249 647 2495 700 memorie
2511 645 2787 712 Luiprandi
2816 660 2902 697 res
2922 660 3013 713 per
3023 647 3247 700 edictum

1715 738 2065 799 conlirmavit,
2090 746 2142 788 et
2165 738 2349 790 iterum
2379 736 2682 790 confirmare
2707 737 2925 802 previdi,
2942 744 2996 790 ut
3013 737 3113 791 sub
3135 739 3254 791 nul-

1715 824 1928 878 'lius.....
1977 823 2339 876 Ecclesia......
2378 825 2728 890 subjacentem
2761 828 2924 891 ipsum
2964 840 3055 879 seu
3073 835 3250 879 orato-
3292 808 3298 816 ⁷

1721 913 1854 966 rium
1875 914 1951 966 vel
1966 911 2284 965 scnodochio
2303 913 2637 979 parvitate...
2651 951 2685 966 ..
2711 913 2977 987 Dominico
2989 915 3147 969 abbas
3162 928 3254 982 per

1681 989 1688 996 ’
1723 1017 1805 1056 πιθ
1818 1002 1938 1054 iuivi
1959 1003 2173 1067 positus,
2192 1012 2245 1055 et
2267 1003 2373 1069 ipsa
2387 1004 2519 1070 genii
2530 1004 2632 1056 rice
2647 1011 2799 1069 atque
2810 1005 3028 1072 conjuge
3043 1018 3131 1057 seu
3145 1019 3256 1072 ger-

1722 1104 1891 1152 mana,
1911 1100 2061 1154 atque
2080 1090 2178 1142 lilia
2198 1105 2308 1142 mea
2327 1090 2376 1141 in
2398 1103 2488 1142 sua
2510 1101 2621 1142 avet
2639 1101 2941 1160 potestatem
2955 1093 3137 1145 diebus
3151 1091 3257 1146 vite

1724 1194 1839 1242 sue,
1858 1188 1945 1230 aut
1962 1179 2104 1231 fratri
2123 1183 2198 1231 vel
2224 1181 2406 1244 sorori,
2425 1181 2510 1246 qui
2531 1196 2621 1248 per
2637 1183 2731 1248 ipsi
2748 1183 2866 1234 inivi
2883 1181 3036 1248 positi
3048 1181 3260 1248 fuerint,

1726 1269 1804 1318 vel
1838 1268 2163 1333 postmodum
2193 1282 2327 1319 unus
2359 1269 2597 1336 quisquis
2637 1271 2926 1322 secundum
2958 1269 3114 1323 Deum
3152 1272 3257 1323 cie-

1727 1354 1822 1406 cxis
1845 1354 1968 1422 spiri
2119 1365 2173 1406 et
2198 1369 2290 1418 per
2313 1354 2508 1408 scelera
2533 1372 2642 1409 mea
2666 1356 2939 1410 Dominum
2968 1357 3257 1426 deprecan-

1727 1444 1870 1497 dum.
1905 1443 2030 1496 Nam
2060 1457 2149 1511 per
2176 1445 2494 1496 nullottitulo
2521 1445 2710 1497 malum
2743 1446 3001 1499 hominem
3025 1447 3253 1499 alienan-

1727 1531 1872 1592 dum,
1906 1541 1995 1584 aut
2029 1548 2118 1598 per
2160 1533 2544 1598 corruptionem
2568 1531 2687 1585 inivi
2718 1533 2820 1585 alio
2847 1548 3003 1600 super
3053 1550 3254 1599 ponen-

1728 1622 1870 1682 dum,
1892 1627 1992 1688 nisi
2026 1639 2175 1688 quem
2227 1623 2312 1675 ille
2342 1625 2586 1685 voluerit,
2611 1625 2696 1690 qui
2721 1627 2839 1678 inivi
2871 1627 3024 1679 luerit
3046 1628 3258 1682 ordina-

1733 1727 1832 1772 tus.
1869 1719 1931 1768 lit
1952 1720 2121 1768 nullus
2150 1719 2215 1770 de
2246 1719 2522 1772 heredibus
2549 1721 2923 1787 prolueredbus
2947 1721 3075 1774 meis
3103 1736 3260 1792 quart-

101 1803 239 1856 l‘etri
261 1813 313 1855 et
341 1802 484 1854 Pauli
528 1817 619 1854 seu
668 1801 1086 1853 Anastasii.......
1117 1800 1539 1870 nimis‘peccator
1563 1798 1629 1848 de
1661 1778 1898 1874 quoque
1926 1806 2092 1878 aliqua
2145 1821 2505 1870 posses........
2538 1778 2707 1872 petuis
2759 1807 3073 1873 temporibus
3092 1778 3257 1862 stravi.-

95 1892 310 1943 vinculis
325 1903 574 1958 penzirum
604 1889 806 1956 eripere
823 1886 1084 1956 dignetur,
1114 1895 1166 1940 et
1205 1888 1338 1940 inter
1358 1884 1550 1938 sanctis
1577 1894 1629 1937 et

92 1980 273 2033 electis
297 1979 410 2032 suis
445 1979 617 2044 aliqua
647 1987 795 2044 parte
819 1978 900 2030 vel
929 1977 1156 2028 societas
1190 1975 1414 2027 tribuere
1430 1974 1627 2040 jtrbeat,

94 2070 208 2133 quia
232 2068 488 2133 scriptum
542 2074 622 2118 est
653 2078 743 2129 per
788 2064 1049 2132 eloquium
1109 2072 1163 2117 et
1192 2063 1629 2116 ministrationem

92 2155 260 2208 nostri
299 2155 450 2207 lbesu
478 2154 670 2207 Christi
705 2173 718 2206 :
748 2151 928 2217 Petita,
957 2161 1004 2206 et
1033 2153 1236 2205 dabitur
1264 2153 1398 2204 vobis
1420 2166 1438 2203 :
1467 2152 1633 2218 queri.

92 2254 220 2306 mes
246 2245 676 2297 invenietis.......
735 2244 837 2300 Pro
873 2244 990 2297 ideo
1030 2257 1127 2310 ego
1151 2244 1307 2296 miser
1331 2239 1396 2295 et
1413 2241 1630 2294 nimium

92 2341 337 2397 peccator
387 2331 614 2385 creditur
657 2334 710 2386 in
738 2333 851 2400 ejus
897 2347 1081 2399 magna
1134 2329 1513 2394 misericordia,
1543 2329 1632 2395 qui

87 2433 168 2472 est
196 2421 316 2488 pius
339 2419 614 2482 Dominus.
634 2431 686 2475 et
705 2421 1002 2488 redemer
1027 2419 1260 2474 omnium
1285 2420 1379 2472 celi
1396 2403 1630 2482 et'terre,

89 2511 456 2577 tie-parvitatis
499 2525 611 2564 mea
638 2498 856 2565 terrenis
885 2510 1214 2564 tribuendum
1237 2510 1301 2561 ad
1327 2510 1437 2574 ipsa
1478 2521 1632 2560 sanc-

85 2606 137 2646 ta
167 2598 363 2670 virtute
392 2595 612 2649 nominis
652 2597 942 2650 beatissimi
1000 2596 1165 2648 sancti
1221 2594 1359 2647 Petri
1401 2604 1456 2646 et
1484 2592 1633 2646 Pauli

86 2696 183 2736 seu
210 2685 480 2738 Anastasii
517 2684 711 2739 celeste
753 2684 1084 2753 gaudium....
1120 2681 1338 2750 conjuge
1360 2695 1474 2734 mea
1509 2682 1635 2732 l'er-

82 2773 273 2826 terada
325 2773 535 2826 carnale
587 2774 713 2827 vitio
767 2770 923 2828 fuerit
975 2781 1273 2836 consecuta,
1321 2781 1372 2824 et
1429 2770 1483 2823 in
1521 2770 1637 2836 ipso

83 2860 386 2914 aeviodocio
428 2861 509 2915 vel
563 2864 881 2917 monasterio
910 2860 1442 2925 nolueritdaservire,
1487 2859 1636 2913 nulla

81 2955 152 3006 de
178 2953 348 3005 rebus
376 2954 504 3005 meis
517 2950 672 3005 avere
691 2951 902 3016 debeat,
928 2951 1026 3004 nisi
1045 2965 1204 3004 vacua
1225 2958 1279 3003 et
1303 2950 1454 3004 inane
1482 2949 1638 3002 exin-

82 3042 154 3098 de
181 3039 321 3098 foris
370 3041 512 3098 exire
556 3039 801 3107 deveant,
835 3039 1149 3096 ambulando
1193 3038 1278 3096 ubi
1309 3038 1552 3103 voluerit,
1574 3031 1637 3092 'et

82 3130 321 3185 forsitan
351 3133 568 3186 lilia.....
620 3133 700 3185 rio
725 3131 1106 3184 deservire.....
1133 3143 1250 3182 cum
1281 3129 1520 3196 portione
1539 3140 1632 3179 sua

79 3220 272 3280 vadat.
299 3219 387 3272 ubi
405 3221 648 3286 voluerit,
667 3221 888 3284 amplius
909 3219 975 3273 de
995 3221 1152 3274 rebus
1189 3219 1319 3272 meis
1346 3216 1427 3290 vel
1459 3217 1509 3268 in
1531 3215 1647 3281 ipso

84 3307 430 3361 monasterio
467 3309 608 3361 nulla
650 3318 1018 3376 possetavere,
1048 3309 1128 3360 vel
1155 3297 1439 3371 inperative
1453 3303 1642 3357 facere.

77 3394 222 3474 {tam
237 3394 303 3448 si
334 3393 459 3448 i‘nivi
477 3397 855 3462 permanserit,
879 3395 1051 3450 omnia
1075 3407 1194 3447 cum
1221 3393 1517 3460 supradicto
1531 3403 1647 3444 rec-

81 3493 208 3539 tore
256 3485 352 3539 vel
396 3485 671 3550 genitriee,
704 3495 861 3553 atque
887 3487 1138 3552 conjuge,
1167 3483 1363 3538 vel.....
1400 3481 1648 3536 Dominus
1709 3547 1713 3552 η

73 3571 256 3625 vitam
279 3574 608 3626 concesserit
629 3574 681 3626 in
712 3573 849 3626 hunc
869 3573 1083 3627 exilium
1126 3573 1303 3626 mundi
1327 3571 1646 3636 avitandum,

74 3658 272 3730 gustia
314 3672 434 3733 mea
467 3658 533 3713 sit
564 3667 820 3729 potestate
857 3661 1158 3729 regendum,
1189 3653 1646 3722 remelioranduni,

71 3742 376 3808 nsufrtaeta
413 3747 745 3815 capiendum.
781 3747 911 3802 Nam
953 3763 1056 3802 non
1100 3749 1164 3801 ad
1193 3746 1515 3801 secularibus
1555 3759 1649 3813 pro

72 3832 240 3885 nunc
257 3833 474 3898 ingenio
497 3834 930 3914 subtrahendum,
951 3834 1051 3888 nisi
1067 3848 1158 3902 pro
1176 3833 1346 3886 anima
1360 3845 1544 3886 mea...
1559 3833 1649 3885 de-

69 3919 556 3980 mittendum"...
582 3921 707 3974 mihi
732 3922 950 3976 heredes
967 3935 1084 3974 esse
1105 3920 1346 3983 deveant,
1367 3918 1649 3972 secundum

70 4010 166 4063 les
194 4009 388 4077 gentis
431 4023 627 4066 nostre.
654 4011 718 4065 Et
764 4013 875 4078 ipse
919 4009 1239 4065 scnodocbio
1281 4009 1332 4062 in
1375 4022 1471 4062 sua
1498 4015 1650 4061 aveat

66 4105 390 4166 pateatne,
412 4099 494 4152 vel
522 4099 659 4166 quod
682 4114 776 4172 pro
803 4099 918 4167 ipso
944 4097 1071 4152 inibi
1125 4097 1277 4152 luerit
1324 4097 1649 4151 ordinatum.

71 4188 148 4239 Et
172 4185 231 4238 si
279 4184 356 4266 ad
382 4168 960 4240 aacularibus'voluerit
995 4200 1323 4253 permanere,
1355 4185 1647 4252 portionem

65 4287 178 4326 sua
206 4270 504 4340 suscipiat,
530 4283 584 4324 et
613 4272 665 4325 in
699 4273 814 4339 ipso
837 4273 1158 4325 monasterio
1185 4273 1322 4324 nulla
1354 4271 1650 4337 imperatio-

64 4377 252 4416 ιιι...

65 4459 130 4501 et
159 4437 332 4514 quod
355 4460 384 4496 a
418 4459 503 4499 me
525 4447 834 4513 optandum,
875 4448 924 4500 id
951 4457 1030 4502 est
1059 4447 1105 4501 si
1136 4449 1249 4501 sine
1270 4447 1387 4500 liliis
1409 4448 1649 4500 masculis

63 4535 396 4596 transiero,
421 4540 477 4585 et
501 4543 652 4586 antea
677 4535 744 4586 de
775 4536 872 4587 bac
906 4535 1299 4602 lucemigratus
1323 4535 1468 4587 luero
1495 4550 1650 4601 quam

61 4623 490 4688 ipseaanctum
519 4628 575 4673 et
621 4620 919 4675 venerabile
966 4621 1135 4674 locum
1162 4630 1520 4674 consecratum
1561 4621 1649 4685 sit,

60 4711 212 4764 volo
236 4718 420 4774 atque
455 4709 699 4771 decerno,
741 4717 799 4762 ut
822 4710 938 4774 ipso
979 4710 1206 4772 oratorio
1230 4713 1306 4763 vel
1336 4712 1653 4765 senodocbio

51 4801 184 4866 ja-
231 4794 545 4849 dictum....
578 4795 818 4864 coniuge,
858 4809 950 4850 seu
976 4809 1178 4862 sorore,
1207 4805 1261 4850 et
1293 4797 1401 4849 lilia
1434 4812 1569 4861 mea,
1603 4805 1656 4850 et

55 4881 280 4938 καί.
334 4879 664 4934 medietatem
693 4883 848 4933 rebus
880 4883 1030 4946 meis,
1058 4896 1158 4948 que
1186 4883 1310 4936 iniri
1358 4883 1655 4967 condonare

55 4973 234 5026 vis“
265 4984 425 5032 um,
450 4969 635 5022 diebus
660 4967 766 5022 'vite
791 4983 884 5022 sue
911 4979 1062 5021 aveat
1096 4977 1419 5037 potestatem.
1445 4955 1515 5024 'Et
1543 4980 1657 5040 post
1749 4955 1774 5044 ξ

53 5063 238 5118 evito
269 5073 495 5123 eorum,
533 5062 620 5128 qui
661 5074 752 5128 per
782 5059 877 5126 ipsi
923 5057 1046 5112 inivi
1091 5059 1244 5114 fuerit
1270 5062 1570 5129 ordinatus;
1601 5071 1657 5116 et

137 5199 174 5230 ι
223 5191 396 5260 Quid
435 5193 504 5245 sit
549 5193 685 5260 quod
728 5194 904 5247 charta
951 5192 1140 5260 scripta
1187 5192 1385 5245 dicatur
1432 5211 1563 5247 anno
1604 5210 1656 5249 Iv

55 5259 358 5322 παίσει.
398 5272 459 5328 at:
503 5259 710 5314 tabellio
738 5263 790 5314 in
838 5265 937 5313 line
973 5259 1152 5314 Karolr'
1197 5277 1380 5313 annum
1427 5275 1654 5328 quartum

49 5338 384 5391 macularet
419 5325 579 5395 (quod
617 5332 773 5382 etiam
813 5331 1113 5383 mendosam
1156 5325 1490 5382 inductionem
1523 5347 1654 5394 pra:-

49 5405 232 5458 ιεηιο
286 5396 540 5461 videtur)
582 5397 905 5462 perpendam
942 5397 1149 5450 eruditi.
1201 5397 1441 5450 Fortasse
1479 5397 1649 5452 Caroli

48 5467 274 5540 μειοῖ
293 5473 560 5540 stupore
587 5472 812 5540 veterem
853 5463 1092 5540 chartam
1117 5466 1182 5519 ab
1213 5465 1431 5540 A_vor_i_do
1472 5467 1657 5520 exara-

47 5533 191 5592 ωδ
213 5569 216 5572 ~
241 5534 410 5588 alter
459 5533 685 5601 notarius
706 5533 1023 5601 descripsit.
1055 5533 1160 5599 Ego
1197 5534 1259 5597 ad
1303 5534 1401 5584 alia
1433 5548 1655 5601 progre-

48 5608 226 5662 ἀίων.
265 5602 596 5668 Quanquam
633 5598 785 5666 hujus
834 5598 1137 5653 monasterii
1179 5601 1417 5655 conditor
1459 5598 1656 5656 scribat

1729 1895 1876 1946 litum
1905 1905 2219 1960 permaneat.
2247 1893 2309 1945 Et
2332 1893 2418 1959 qui
2443 1904 2617 1960 contra
2627 1892 2729 1946 rius
2745 1893 2875 1946 banc
2888 1883 3155 1957 car‘tulam,
3173 1897 3258 1950 vel

1730 1983 1841 2048 ipso
1874 1981 2190 2046 monasterio
2242 1991 2330 2032 aut
2359 1991 2592 2033 sanctum
2637 1980 2953 2050 senodocltig
2985 1983 3058 2035 ire
3099 1998 3264 2047 quan-

1728 2072 1898 2138 doque
1940 2073 2329 2137 prosumpserit,
2360 2079 2450 2120 aut
2471 2083 2586 2121 eam
2630 2071 2917 2137 irrumpere
2946 2057 3186 2134 voluerit,
3213 2073 3263 2126 in

1719 2161 1911 2234 primis
1941 2161 1990 2210 in
2020 2161 2092 2211 ira
2122 2160 2231 2221 Det,
2259 2168 2313 2212 et
2333 2160 2500 2211 omnis
2533 2159 2737 2210 virtutis
2764 2162 3018 2223 cclorum,
3042 2164 3262 2214 areban-

1729 2249 1983 2316 gelorum,
2031 2249 2466 2314 angelorum...”
2493 2247 2756 2309 Scarlotb,
2785 2247 3112 2314 qui-tradidit
3157 2250 3262 2301 Do-

1731 2339 1924 2390 minum
1954 2344 2182 2389 nostrum
2231 2335 2407 2389 Jesum
2459 2326 2749 2399 Christum,
2793 2347 2844 2388 et
2896 2337 2946 2387 in
2978 2333 3265 2391 tartaro‘sit

1731 2424 2104 2492 conscriptum.
2139 2424 2289 2488 Ecce,
2322 2436 2374 2475 ut
2400 2438 2515 2476 mea
2547 2425 3050 2491 lueruutdesideria,
3095 2425 3266 2492 adim-

1735 2513 1888 2581 pleri,
1916 2521 1969 2566 et
2022 2511 2268 2564 Avomlus
2295 2511 2547 2563 notarium
2571 2512 2800 2582 scrivere
2827 2513 3022 2579 rogavi.

1801 2607 1988 2657 A’ctum
2020 2599 2255 2666 Pistoris,
2287 2615 2500 2670 regnum
2524 2609 2579 2655 et
2598 2599 2878 2654 indictione
2921 2603 3259 2668 soprascrita,

1734 2693 1972 2748 feliciter.
2065 2684 2080 2709 ¹

1803 2803 2018 2870 Signum
2049 2813 2420 2854 manus........

1941 2889 2120 2946 l‘redus
2169 2889 2401 2943 medicus
2432 2893 2642 2953 rogatus
2699 2882 2764 2938 ad
2810 2881 3062 2954 Ratperto
3110 2900 3267 2940 manu

1739 2997 1852 3059 mea
1876 2979 2082 3059 propria
2102 2987 2234 3032 teste
2255 2977 2563 3043 subscripsi.

1661 3079 1710 3142 c
1742 3056 1752 3064 ’
1807 3078 1914 3144 Ego
1941 3056 2174 3126 Lazarus
2208 3078 2418 3139 rogatus
2443 3059 2474 3122 δ
2499 3065 2752 3138 llatperto
2800 3079 2955 3122 manu
3006 3079 3120 3122 mea
3151 3065 3272 3123 testi

1742 3164 2046 3233 subscripsi.
2106 3173 2130 3183 κ

1814 3277 1921 3343 Ego
1950 3274 2261 3341 Rachiperto
2299 3282 2510 3342 rogatus
2548 3273 2613 3325 ad
2669 3266 2925 3340 Batperto
2972 3271 3120 3325 testis
3143 3271 3276 3326 sub-

1741 3363 1948 3432 scripsi.

1810 3476 2023 3546 Signum
2046 3473 2485 3551 manus‘llaurelli
2501 3471 2761 3541 quondam
2783 3470 2890 3525 lilio
2914 3471 3272 3526 Statar........

1812 3585 2024 3652 Signum
2055 3594 2239 3636 manus
2267 3571 2504 3636 Auselmi
2555 3579 2816 3648 quondam
2845 3578 2954 3632 ﬁlio
2996 3578 3269 3642 Barafula,

1746 3674 1913 3729 testis.

1815 3781 2027 3849 Signum
2055 3793 2238 3834 manus
2265 3776 2448 3832 Tatoui
2481 3758 2896 3846 quondam'lilio
2937 3775 3149 3839 Fusoni,
3196 3784 3273 3830 te-

1747 3870 1863 3924 stis.

1817 3979 1926 4048 Ego
1960 3977 2206 4032 Avondus
2245 3976 2334 4045 qui
2381 3989 2536 4045 supra
2585 3974 2806 4045 scriptor
2851 3975 3006 4044 hujus
3055 3977 3276 4044 cartule,

1750 4078 1867 4134 post
1895 4081 1923 4120 α
1953 4067 2171 4121 testibus
2200 4075 2461 4130 rovorata,
2490 4073 2542 4120 et
2572 4066 2756 4119 tradita
2785 4065 2946 4134 ipsius
2971 4065 3131 4120 abbas
3156 4080 3276 4133 pre-

1748 4166 1895 4211 sente
1922 4157 2124 4210 Andr-ea
2157 4155 2409 4209 lilio......

1820 4266 1930 4334 Ego
1978 4304 1993 4320 .
2044 4301 2060 4316 .
2104 4302 2118 4316 .
2176 4301 2191 4316 .
2233 4299 2249 4315 .
2300 4300 2314 4315 .
2357 4301 2372 4317 .
2424 4263 2450 4291 ⁸
2495 4262 2670 4316 domui
2721 4261 2892 4314 Karoli
2937 4274 3077 4314 anno
3124 4261 3272 4327 regni

327 4360 657 4414 ordinatione
705 4361 842 4428 iusta
869 4361 1091 4414 Domino
1141 4358 1296 4414 fuerit
1323 4360 1644 4423 ordinatum,
1680 4391 1730 4451 Β
1751 4354 1861 4422 ejus
1891 4361 2076 4421 quarto
2107 4366 2198 4419 per
2228 4350 2509 4404 indictione
2539 4349 2699 4418 prima
2729 4349 2981 4417 complevi
3017 4357 3072 4403 et
3097 4347 3237 4402 dedi.

1823 4461 1933 4530 Ego
1960 4461 2252 4527 Gausperto
2279 4456 2534 4518 notarius,
2559 4456 2695 4509 sicut
2724 4457 2775 4510 in
2815 4455 3070 4510 auteutica
3100 4455 3276 4510 inveni

1749 4551 2020 4614 scriptum,
2053 4546 2273 4598 ﬁdeliter
2300 4541 2621 4611 exemplari.
2687 4607 2714 4617 1

1820 4656 1928 4723 Ego
1974 4652 2288 4707 Gualbertus
2340 4647 2574 4709 notarius
2622 4654 2676 4700 et
2716 4644 2874 4712 iudex
2921 4645 3053 4698 sacri
3104 4645 3278 4709 palatii

1750 4744 1991 4810 scriptor,
2007 4741 2322 4793 autenticum
2344 4734 2466 4788 illud
2495 4734 2617 4796 vidi,
2640 4743 2693 4786 et
2708 4734 2807 4802 legi
2833 4747 2849 4785 :
2875 4731 3088 4785 sicinibi
3110 4727 3278 4786 comi-

1752 4834 1992 4896 uehatur,
2009 4826 2265 4898 quomodo
2292 4825 2344 4878 in
2367 4825 2467 4876 hoc
2488 4822 2727 4887 exemplo
2745 4821 2993 4888 scriptum
3020 4831 3122 4882 est,
3145 4837 3278 4888 pm:-

1753 4933 1830 4978 ter
1858 4921 1972 4989 plus
1999 4918 2256 4978 minusve,
2281 4923 2333 4968 et
2361 4925 2515 4966 manu
2541 4923 2653 4964 mea
2683 4909 2890 4978 propria
2913 4907 3119 4976 scripsi.

1753 5211 1809 5250 se
1849 5196 1984 5250 illius
2011 5205 2264 5251 rectorem
2288 5192 2620 5254 constituisse
2656 5185 2985 5247 Dominicum
3015 5190 3274 5248 abbatem,

1753 5266 1875 5319 satis
1913 5275 2084 5318 tamen
2127 5264 2316 5330 prodit.
2361 5276 2463 5330 non
2508 5262 2902 5330 monachorum.
2941 5259 3031 5312 sed
3079 5269 3276 5330 sancti-

1754 5332 2047 5385 monialiurn
2077 5326 2202 5384 illud
2231 5334 2388 5383 luisse
2415 5329 2754 5391 domicilium,
2788 5343 2903 5381 cum
2934 5330 2982 5378 in
3013 5339 3075 5376 eo
3102 5326 3274 5377 locum

1753 5403 1978 5452 futurum
2008 5401 2127 5464 velit
2169 5397 2337 5455 matri.
2369 5403 2648 5464 gentianae,
2676 5394 2879 5460 conjugi
2910 5407 2970 5444 ac
2998 5391 3119 5444 lilia;
3145 5407 3273 5464 sine,

1757 5469 1927 5534 itaque
1953 5461 2113 5518 rector
2157 5479 2267 5534 non»
2298 5461 2432 5515 aliud
2480 5465 2551 5518 ibi
2592 5465 2867 5532 signiﬁcat,
2895 5468 2952 5512 ut
2993 5469 3132 5534 puto,
3175 5461 3274 5512 nisi

1753 5527 2075 5598 monemur»,
2108 5543 2159 5586 et
2187 5532 2271 5587 oui
2301 5546 2476 5586 curam
2515 5527 2768 5587 redituum
2801 5537 3023 5594 gereret.
3066 5527 3273 5580 Mcns'r.
