3820 6236
476 384 613 446 tsss
681 433 685 440 .
1280 462 1300 476 π

1148 490 1331 546 XXIV.

479 567 838 676 trqu
869 604 1042 676 Libetti
1079 613 1260 676 conten
1295 600 1566 676 Senensem
1594 596 1877 676 episcopum
1916 607 2016 676 pro

547 660 778 730 Αῗηιὶπο
821 662 1052 742 confecti,
1089 672 1172 724 abi
1196 669 1513 739 Digestorum
1554 660 1822 717 auctoritas
1862 660 2016 714 adhi-

542 747 687 805 ,ρειιτ
710 746 864 813 (anno
883 741 1028 810 752).

486 987 500 1000 .
543 986 558 1000 .
599 983 616 999 .
657 983 672 999 .
712 983 729 998 .
773 983 788 998 .
830 981 848 998 .
890 982 905 996 .
949 979 964 995 .
1003 942 1276 1009 sacrilegio
1321 937 1612 1007 proximum
1661 944 1781 994 est,
1827 930 2016 983 nedum

481 1048 800 1096 sanctorum.
833 1049 1010 1087 verum
1047 1035 1202 1085 etiam
1242 1027 1594 1099 qnorumlibet
1631 1024 1894 1076 hominum
1938 1035 2021 1090 se-

488 1127 779 1187 pulcrorum
812 1124 1162 1183 violationem,
1196 1119 1388 1172 nemini
1432 1117 1564 1183 juris
1601 1115 1764 1181 perito
1797 1127 1899 1164 non
1934 1117 2020 1164 est

485 1211 855 1277 indubitatum;
908 1220 1294 1280 potestatesque
1343 1206 1465 1270 loci,
1511 1208 1552 1257 si
1602 1205 1698 1256 boe
1740 1201 2017 1255 vendieare

436 1309 444 1315 “
486 1303 835 1372 neglexerint,
884 1299 1092 1354 infantia
1141 1299 1397 1362 laborare,
1447 1305 1502 1349 ut
1551 1295 1602 1348 in
1653 1293 1860 1346 Codicis
1888 1292 2022 1374 lipro

486 1407 646 1455 nono,
694 1390 847 1443 titulo
885 1391 949 1442 de
993 1388 1244 1456 Sepulcro
1275 1387 1502 1440 violato:
1537 1403 1554 1434 ι
1585 1383 1638 1437 Si
1683 1385 1797 1450 quis
1842 1381 2018 1449 sepul-

487 1495 631 1535 crum
673 1481 888 1533 lmsurus
915 1480 1165 1546 attigerit,
1195 1477 1425 1530 locorum
1447 1476 1672 1542 judiees,
1705 1476 1746 1527 si
1776 1472 1875 1525 ltuc
1899 1473 2024 1523 ven—

485 1573 664 1626 dicnre
694 1572 1037 1641 neglexerint,
1069 1584 1201 1637 pene
1230 1570 1440 1621 nomine
1476 1601 1493 1617 .
1536 1603 1550 1617 .
1591 1601 1606 1617 .
1651 1603 1664 1616 .
1708 1601 1722 1616 .
1764 1600 1780 1616 .
1821 1599 1836 1615 .
1867 1578 2020 1630 quant

487 1653 665 1729 viginti
692 1660 938 1714 librarum
976 1661 1086 1710 auri
1117 1659 1168 1712 in
1205 1659 1562 1725 sepulcrorum
1603 1649 1883 1721 vio‘latores
1915 1662 2024 1706 sta-

487 1759 595 1804 tuta
627 1764 758 1817 pena
788 1748 1041 1801 damnari.
1093 1746 1340 1800 Preterea
1382 1745 1524 1799 locus
1566 1746 1676 1812 ipse
1714 1747 1762 1796 in
1793 1758 1896 1811 que
1940 1756 2024 1794 se-

1591 325 2195 429 bANGOBARDOBUM
2235 360 2472 421 REGUM
2809 415 2818 419 -

2041 478 2092 537 Α
2120 484 2229 529 tera
2261 493 2274 528 :
2304 493 2322 526 ι
2354 475 2408 528 Si
2432 472 2591 541 jndex
2630 467 2990 538 appellationis
3018 464 3306 541 praesidens
3334 462 3466 518 bene
3487 461 3661 516 eﬂens

3517 345 3660 409 εδει

2117 565 2317 619 illatum
2362 565 2447 632 jus
2488 561 2766 631 iurandum
2793 575 2820 612 a
2852 571 3000 627 parte
3029 567 3154 611 ante
3193 565 3491 611 recusatum
3530 566 3664 620 ps.-

2119 654 2465 718 nunciaverit,
2494 664 2578 708 res
2601 648 2886 704 secundum
2913 648 3049 717 quod
3072 646 3299 715 iudicata
3321 652 3423 710 est,
3455 656 3662 713 ρετα-
3701 672 3712 682 -

2120 741 2283 795 nebit.
2318 757 2342 794 ι

2807 829 2970 883 XXV.

2119 921 2412 984 Aistulphus
2460 918 2901 988 Langobardorum
2946 934 3037 972 rea:
3084 918 3331 984 Lopeemo
3381 913 3661 988 Mutinensi

2185 982 2417 1057 epis—capo
2445 982 2634 1042 current
2654 988 2841 1042 lenam
2866 991 3017 1042 dona
3047 982 3204 1056 (circa
3229 1000 3420 1038 απηιιιι
3441 982 3588 1050 751).

2194 1103 2404 1156 Flavius
2452 1102 2702 1160 Aistulfns
2746 1117 2838 1155 rex
2902 1097 3376 1153 excellentissimus
3427 1095 3665 1150 ecclesiae

2120 1190 2407 1245 beatissimi
2454 1200 2507 1244 et
2553 1188 2871 1254 confessoris
2930 1189 3124 1242 Christi
3171 1185 3512 1248 Geminiani,
3560 1199 3664 1252 qua

2121 1279 2353 1347 ejusdem
2401 1294 2592 1347 corpus
2636 1279 2859 1347 quiescit
2905 1278 3211 1350 bumatum,
3263 1285 3318 1331 et
3361 1274 3666 1330 beatissimo

2084 1425 2087 1431 ,
2123 1370 2237 1423 viro
2266 1371 2402 1425 Patri
2453 1353 2642 1450 nostro.
2680 1369 2943 1437 Lopecino
2992 1370 3261 1447 episcopo,
3308 1382 3404 1437 per
3449 1380 3666 1434 presens

2125 1473 2423 1528 preceptum
2457 1461 2726 1529 potestatis
2773 1463 2918 1530 regni
2953 1460 3140 1524 nostri,
3174 1461 3308 1513 sicut
3337 1473 3364 1511 a
3399 1460 3549 1541 nobis
3577 1469 3664 1511 tua

2124 1551 2352 1615 speravit
2398 1543 2705 1617 paternitas,
2740 1563 2832 1606 per
2858 1548 3287 1616 gloriosissimam
3337 1559 3499 1616 atque
3542 1562 3664 1614 pre-

2124 1637 2549 1690 cellentisSimam
2576 1645 2600 1674 ι
2625 1636 2974 1691 Giseltrudani
3008 1636 3239 1705 reginam
3271 1635 3518 1688 dilectam
3544 1649 3672 1687 cono

2103 1726 2296 1796 .jugem
2340 1736 2593 1794 nostram,
2627 1727 2964 1782 concedimus
2995 1735 3149 1793 atque
3175 1725 3434 1779 donamus
3477 1725 3528 1778 in
3558 1726 3667 1792 ipsa

491 1813 726 1905 pulcrum
760 1835 1047 1904 reponitur,
1093 1835 1400 1900 publicetur,
1434 1846 1488 1887 ut
1535 1834 1584 1884 in
1627 1832 1810 1884 eodem
1849 1829 2018 1882 titulo.

2144 1827 2302 1870 sancta
2346 1817 2564 1890 ecclesia
2588 1825 2786 1871 curtern
2818 1826 3048 1869 nostram
3078 1830 3196 1884 quae
3224 1814 3415 1868 dicitur
3442 1813 3470 1853 δ
3501 1814 3662 1878 lena,

490 1929 555 1982 Et
581 1929 624 1980 si
654 1925 786 1978 forte
814 1921 1100 1977 detractum
1130 1923 1323 1990 aliquid
1353 1921 1420 1974 de
1447 1920 1687 1988 sepulcro
1715 1919 1778 1970 ad
1807 1917 2019 1971 domum

488 2020 601 2083 ejus
649 2015 929 2082 villamque
970 2020 1267 2079 asportasse
1312 2011 1648 2078 reperiretur,
1704 2007 1864 2074 villa,
1913 2007 2023 2060 sive

490 2108 700 2170 domus,
731 2115 821 2156 aut
864 2103 1141 2166 editicium,
1186 2103 1548 2169 quodcumque
1587 2111 1722 2160 esto,
1754 2097 1861 2149 lisci
1887 2096 2024 2164 juri-

492 2197 590 2247 bus
618 2195 939 2247 veridicetur.
975 2211 992 2242 ο
1026 2190 1160 2257 Ergo
1186 2190 1433 2244 Senensis
1471 2189 1747 2256 episcoiius
1793 2173 2023 2254 noero-

489 2295 592 2340 test
623 2295 798 2352 petere
833 2285 950 2362 jgra
995 2281 1244 2336 Ecclesia:
1292 2295 1394 2333 non
1424 2294 1555 2343 sum,
1605 2257 1877 2345 presertim
1907 2290 2024 2330 cum

491 2373 807 2441 neglexisset
831 2367 956 2427 dare
989 2369 1290 2430 vindictam,
1319 2378 1371 2421 et
1401 2369 1470 2421 ob
1499 2369 1598 2419 boc
1639 2365 1849 2419 infamia
1886 2365 2030 2417 labo-

493 2474 642 2525 rare;
671 2473 788 2512 cum
820 2461 977 2512 etiam
1025 2457 1194 2525 ineo,
1237 2454 1373 2522 quod
1424 2464 1592 2506 ratum
1642 2453 1838 2517 habuit,
1883 2467 2032 2505 man-

491 2552 647 2605 dasse
698 2548 1044 2616 intelligatur,
1098 2556 1154 2599 ut
1194 2548 1244 2599 in
1278 2546 1495 2614 Digestis
1543 2537 1843 2598 ratliiabitio
1885 2557 2031 2595 man-

495 2640 615 2692 ἀειιο
641 2647 985 2707 comparatur,
1017 2651 1134 2688 cum
1176 2636 1598 2688 ratbiabitionem
1643 2637 1799 2688 etiam
1832 2634 1883 2687 in
1923 2647 2034 2685 me-
2062 2638 2063 2641 ‘

497 2733 684 2786 leliciis
731 2733 960 2784 locorum
1012 2729 1202 2782 habere
1257 2730 1413 2782 valet.
1474 2728 1609 2795 Ergo
1671 2725 1806 2778 idem
1848 2722 2034 2792 jubere

501 2819 832 2882 maleficium,
863 2829 916 2873 et
945 2819 1148 2870 ratltum
1178 2817 1353 2878 abere,
1390 2825 1659 2881 postquam
1692 2812 1886 2866 factum
1924 2819 2030 2865 est.

499 2907 639 2960 Satis
660 2917 832 2959 autem
863 2907 1018 2957 habet
1047 2915 1232 2966 ratttm,
1263 2903 1348 2970 qui
1379 2902 1431 2955 in
1463 2903 1693 2956 Ecclesia
1723 2901 1803 2955 cui
1828 2911 2033 2969 precst,

500 2999 774 3066 sacrilegio
817 3010 939 3050 rem‘
968 2995 1193 3048 ablatam
1227 3003 1382 3048 tenet.
1414 2975 1538 3046 item
1582 2993 1632 3045 in
1671 3003 1855 3066 octavo
1902 2992 2035 3045 libro

502 3063 716 3144 Codicis
737 3087 922 3155 legitur
951 3105 963 3138 :
997 3101 1014 3136 ι
1049 3083 1103 3140 Si
1126 3085 1244 3152 quis
1273 3086 1326 3137 in
1354 3092 1494 3136 tanta
1522 3083 1708 3135 luroris
1733 3063 2039 3149 pervenerit

503 3178 742 3241 audacia,
791 3183 848 3227 ut
890 3176 1269 3243 possessionem
1316 3187 1487 3226 rerum
1534 3170 1668 3238 apud
1714 3170 1918 3233 fiscum,
1950 3170 2032 3222 vel

504 3269 639 3334 apud
685 3264 945 3333 qneslibet
978 3264 1219 3316 homines
1262 3263 1661 3315 constitittarum
1706 3252 1838 3313 ante
1868 3272 2032 3324 even-

508 3371 614 3418 tum
643 3356 901 3424 iudicialis
938 3356 1132 3408 arbitrii
1181 3354 1436 3407 Violenter
1479 3353 1746 3414 invaserit,
1792 3351 2036 3404 dominus

507 3445 715 3513 quidem
759 3447 1068 3496 constitutus
1116 3445 1540 3511 possessionem,
1589 3456 1743 3508 quam
1795 3440 2032 3515 abstulit,

509 3534 749 3587 restituat
779 3532 1087 3600 passessori,
1118 3543 1170 3583 et
1197 3530 1482 3597 dominium
1515 3529 1750 3596 ejusdem
1781 3532 1853 3582 rei
1886 3529 2060 3588 amit-~

511 3635 604 3676 tul.
634 3623 726 3676 Sin
751 3638 874 3675 vero
899 3624 1184 3675 alienarum
1214 3637 1386 3675 rerum
1417 3619 1796 3689 possessionem
1831 3621 2039 3684 invasit,

513 3729 614 3766 non
662 3713 828 3766 solum
874 3728 932 3764 ea
976 3711 1362 3778 possidentibus
1408 3712 1607 3774 reddat,
1654 3726 1832 3765 verum
1885 3713 2042 3765 etiam

511 3802 897 3855 cstiniationem
940 3801 1226 3856 earundem
1255 3810 1428 3855 reran
1461 3803 1735 3855 restituere
1765 3795 2047 3866 compella-

515 3901 615 3941 tur.
648 3890 838 3956 iQuo'd
885 3901 1058 3944 autem
1109 3897 1205 3944 hec
1239 3891 1457 3956 ‘queSIio
1507 3891 1788 3957 procedere
1834 3889 2045 3954 debeat,

517 3996 682 4032 nimus
711 3982 916 4034 Codicis
960 3980 1089 4034 liber
1127 3990 1346 4033 testatur
1377 3981 1525 4032 titulb
1566 3980 1627 4031 ad
1661 3980 1825 4048 legem
1854 3977 2046 4031 Iuliam

513 4072 580 4122 de
617 4071 664 4121 vi
697 4069 899 4134 publica
927 4082 978 4122 et
1008 4071 1207 4136 privata
1234 4087 1247 4121 :
1278 4087 1295 4118 r
1331 4067 1385 4122 Si
1415 4069 1534 4136 quis
1563 4067 1625 4120 ad
1655 4083 1712 4120 se
1751 4067 1968 4120 fundum
1997 4077 2052 4121 et

516 4159 782 4227 quodlibet
825 4159 962 4212 aliud
1007 4161 1192 4212 asserit
1235 4161 1516 4225 pertinere,
1564 4174 1626 4213 ac
1667 4160 2048 4212 restitutionem

519 4251 615 4302 sini
662 4263 960 4326 cometem
999 4254 1346 4317 possessionis
1395 4262 1574 4318 putat:
1607 4269 1625 4302 ι
1658 4251 1792 4304 inter
1831 4263 2003 4304 cetera
2036 4269 2049 4304 :

524 4353 543 4385 ι
570 4337 718 4401 Quod
748 4338 791 4389 si
820 4338 1011 4389 omissa
1037 4341 1386 4405 appellatione
1417 4340 1517 4390 vim
1543 4338 1832 4405 possidenti
1862 4339 2053 4393 intule-

521 4426 756 4488 rit,ante
790 4430 964 4480 omnia
1003 4429 1262 4504 caluumie
1302 4442 1513 4482 causam
1540 4429 1835 4483 examinari
1879 4430 2049 4495 preci-

523 4516 710 4582 pimus.
745 4533 765 4567 ι
802 4517 955 4570 Liber
1002 4534 1207 4587 quoque
1256 4519 1580 4586 Digestorum
1627 4518 1952 4584 concordat,
2002 4528 2058 4573 ut

525 4607 667 4674 prius
690 4605 755 4660 de
781 4607 1037 4660 criminati
1067 4610 1370 4660 discetetur.
1399 4608 1615 4672 Quando
1644 4617 1818 4662 autem
1865 4609 2058 4661 inscri-

526 4708 667 4762 ptum
699 4696 873 4759 liabet,
897 4698 1068 4750 datam
1109 4695 1270 4752 fuisse
1297 4698 1630 4763 sententiain,
1664 4710 1718 4750 ut
1746 4697 2058 4752 sacramenti

531 4801 648 4850 pars
677 4787 743 4839 ita
789 4801 846 4839 se
890 4797 1141 4852 tueretur,
1184 4796 1236 4841 et
1274 4803 1366 4856 per
1414 4787 1674 4842 Senenses
1721 4787 2058 4850 remansisse,

532 4876 747 4932 habetur
776 4877 824 4928 in
853 4887 1036 4942 quarto
1068 4879 1455 4939 libro'Codicis,
1490 4877 1636 4931 titulo
1662 4876 1727 4929 de
1769 4878 1923 4928 rebus
1950 4891 2065 4946 cre-

524 4968 653 5020 ditis
689 4968 1004 5034 generaliter
1050 4966 1116 5020 de
1155 4970 1394 5026 omnibus
1437 4969 1768 5036 iuramentis,
1803 4967 1938 5019 inter
1978 4980 2066 5018 ce-

603 5147 626 5172 ⁸
666 5144 789 5208 Quae
814 5143 896 5196 ltic
924 5143 1112 5195 dicitur
1136 5142 1432 5196 Giseltruda
1463 5143 1649 5208 coniux
1683 5143 1941 5210 Aisntlplti
1975 5157 2069 5195 re-
2090 5127 2101 5143 ’

527 5216 632 5283 gis.
664 5211 846 5266 eadem
879 5223 1160 5283 memorata
1214 5216 1469 5283 reperitur
1512 5213 1559 5263 in
1590 5217 1824 5277 opuscul.
1855 5212 1923 5283 de
1947 5212 2069 5283 fun-

534 5280 744 5335 (latione
789 5280 1088 5333 monasterii
1117 5281 1485 5341 Nonantttlatti,
1518 5291 1647 5346 part.
1676 5296 1708 5332 ιι
1741 5283 1862 5333 tomi
1895 5281 1910 5332 l
1945 5282 2066 5331 lter.

540 5354 851 5414 Italicarum,
884 5358 939 5401 ut
977 5359 1092 5414 pote
1123 5364 1273 5400 soror
1315 5349 1480 5400 saneti
1514 5350 1763 5410 Anselmi,
1801 5351 1881 5400 cui
1913 5352 2072 5415 ongi-

541 5437 655 5473 tiem
687 5435 832 5472 suam
872 5419 1027 5471 debet
1072 5419 1469 5486 eelcbcr‘rirttum
1515 5415 1640 5470 illud
1679 5419 1974 5472 caznobiunt
2025 5421 2072 5470 in

541 5505 666 5555 agro
688 5489 964 5541 Mutinensi
994 5495 1367 5539 constructum.

610 5558 634 5594 δ
672 5559 847 5610 Curtis
875 5557 1012 5608 Lena
1061 5558 1184 5606 olim
1233 5565 1285 5607 et
1323 5557 1431 5620 ipsa
1482 5557 1578 5609 sita
1629 5565 1738 5606 erat
1784 5556 1835 5609 in
1887 5557 2070 5608 eodem

541 5641 664 5693 agro
717 5628 848 5678 ultra
913 5628 1249 5678 Scultennam
1307 5625 1553 5689 ﬂuvium,
1613 5624 1741 5677 iulia
1800 5629 2070 5677 castellum

544 5697 708 5755 SJllCli
745 5697 976 5761 Cmsarii,
1021 5697 1258 5752 fortassis
1301 5696 1385 5748 ubi
1429 5712 1563 5750 nunc
1594 5696 2071 5750 Castrumlrancum

2131 1906 2401 1960 territorio
2433 1906 2726 1967 Mutinensi,
2760 1907 2899 1960 Silva
2931 1905 3069 1972 iugis
3103 1918 3322 1957 numvro
3347 1904 3666 1973 quingentis,

2126 1997 2436 2050 coherentes
2485 1998 2552 2051 ibi
2599 2011 2626 2050 a
2671 1999 2835 2050 tribus
2878 1999 3108 2066 partibus
3156 1996 3286 2065 Gajo
3332 2007 3531 2060 nostro,
3581 1996 3667 2063 qni

2127 2085 2389 2164 pertinere
2416 2084 2624 2138 videtur
2645 2085 2709 2138 de
2740 2087 2850 2164 ipsa
2877 2095 3026 2139 curte
3047 2086 3208 2149 cha,
3240 2087 3305 2138 de
3332 2096 3512 2154 quarta
3547 2100 3671 2138 vero

2132 2161 2280 2239 parte
2311 2184 2652 2239 percurrente
2699 2161 2878 2237 ﬂuvio,
2907 2173 2994 2242 qui
3039 2174 3336 2227 nominatur
3364 2173 3668 2229 Scultenna.

2132 2260 2202 2314 Ea
2234 2261 2434 2314 ratione
2462 2265 2814 2329 suprascripta
2843 2263 3124 2329 quingenta
3169 2263 3350 2330 jugera
3398 2261 3530 2315 silve
3549 2275 3671 2313 eon-

2131 2349 2388 2414 cedinins,
2437 2359 2495 2402 ut
2526 2351 2593 2404 ab
2623 2351 2717 2406 hac
2747 2351 2834 2404 die
2863 2351 2973 2419 ipse
3005 2362 3214 2404 sanctus
3261 2353 3428 2416 locus,
3453 2350 3534 2405 vel
3589 2362 3670 2403 tua

2132 2440 2420 2519 paternitas
2462 2441 2604 2495 omni
2647 2442 2698 2494 in
2731 2451 2966 2508 tempore
3009 2445 3267 2496 secnriter
3309 2442 3445 2494 dona
3499 2454 3672 2493 nostra

2134 2529 2309 2582 valeat
2334 2531 2625 2598 possidere,
2665 2531 2885 2600 qualiter
2913 2539 2965 2585 et
2994 2543 3170 2585 nostra
3198 2529 3470 2597 iussimus,
3501 2531 3673 2582 tradi-

2137 2632 2285 2683 mus,
2339 2627 2496 2685 atque
2543 2620 2908 2688 consignatum
2957 2633 3076 2674 esse
3121 2621 3326 2673 videtur
3369 2619 3674 2682 voluntate,

2136 2715 2390 2775 quatenus
2419 2707 2485 2759 ab
2508 2707 2764 2762 hodierno
2790 2709 2873 2762 die
2901 2707 3152 2762 habentes
3174 2706 3273 2761 hoc
3302 2717 3494 2760 nostra:
3515 2706 3671 2760 dona-

2139 2797 2300 2850 tionis’
2320 2806 2371 2851 et
2395 2799 2650 2853 cessionis
2676 2809 2995 2868 preecptum,
3022 2791 3285 2852 securiter'
3314 2803 3468 2864 atque
3511 2795 3675 2848 ﬁrmi-

2138 2895 2221 2939 ter
2264 2889 2377 2953 ipse
2421 2897 2634 2942 sanctus
2677 2888 2822 2943 locus
2869 2889 3037 2942 valeat
3083 2887 3367 2956 possidere.
3402 2885 3467 2938 Et
3505 2885 3676 2939 nullus

2138 2973 2266 3043 dua,
2293 2990 2490 3044 comes,
2516 2975 2821 3044 gastaldius,
2850 2979 2928 3032 vel
2955 2977 3269 3031 actionarius
3296 2969 3472 3030 noster
3491 2982 3673 3027 contra

2138 3067 2240 3122 hoc
2265 3073 2443 3120 nostre
2471 3064 2768 3118 donationis
2798 3075 2851 3119 et
2876 3065 3129 3119 cessionis
3158 3074 3457 3132 preceptum
3483 3060 3676 3115 audeat

2141 3156 2217 3209 ire
2246 3155 2579 3222 quandoque,
2609 3155 2704 3208 sed
2735 3155 2875 3206 omni
2908 3154 2959 3207 in
2999 3163 3236 3222 tempore
3275 3156 3386 3221 ipse
3413 3152 3676 3222 prenorni-

2137 3251 2288 3296 natus
2319 3250 2530 3294 sanctus
2561 3241 2707 3295 locus
2749 3242 2828 3295 vel
2872 3250 2954 3294 tua
2988 3226 3274 3310 paternitas
3302 3241 3557 3295 securiter
3586 3253 3676 3292 va-

2137 3326 2616 3402 leatis'possidere.
2646 3330 2722 3385 Es
2758 3332 2898 3387 dicto
2922 3333 3100 3387 domui
3139 3333 3276 3400 regis
3315 3370 3328 3383 .
3373 3371 3388 3383 .
3430 3369 3446 3382 .
3488 3371 3503 3384 .
3550 3368 3566 3384 .
3602 3369 3618 3385 .
3655 3369 3671 3386 .

2100 3438 2105 3448 '
2139 3422 2330 3477 Cretera
2355 3423 2725 3477 desiderantur.

2823 3529 3007 3586 XXVI.

2141 3598 2192 3694 1':
2193 3641 2401 3694 nudatio
2439 3642 2724 3702 monasterii
2765 3643 2928 3695 sancti
2971 3640 3108 3694 Petri
3145 3641 3196 3693 in
3249 3642 3361 3695 loco
3403 3641 3666 3703 Putatiola,

2211 3711 2445 3763 territorii
2472 3709 2728 3775 Lucensis,
2759 3714 2897 3778 facta
2915 3727 2947 3764 ιι
2976 3708 3250 3778 Guntfredo
3278 3711 3387 3777 ﬁlio
3403 3711 3670 3764 Ratsltaasi

2215 3779 2403 3831 Pisano
2424 3783 2524 3831 cive
2553 3781 2718 3848 (Anno
2745 3781 2889 3848 754).

2217 3887 2274 3941 ln
2305 3889 2514 3942 nomine
2546 3889 2748 3943 Domini
2773 3889 2936 3946 nostri
2957 3891 3082 3945 Jesu
3111 3890 3326 3957 Christi,
3355 3898 3508 3960 atque
3537 3891 3677 3943 beate

2147 3996 2357 4048 semper
2409 3981 2621 4048 virginis
2676 3982 2868 4045 Marle,
2921 3993 2976 4036 et
3014 3980 3296 4036 beatissimi
3340 3982 3675 4050 apostolorqu

2097 4137 2101 4140 η
2150 4070 2402 4146 principis
2464 4069 2630 4123 sancti
2689 4070 2850 4124 Petri.
2916 4068 3184 4139 Regnante
3244 4069 3476 4136 piissimo
3537 4079 3680 4137 atqiie

2150 4158 2592 4212 excellentissimo
2637 4173 2737 4227 pro
2781 4158 2948 4215 salute
3001 4159 3158 4213 totius
3210 4159 3467 4214 eatbolice
3528 4170 3682 4226 genus

2152 4258 2330 4301 nostre
2375 4246 2833 4316 Langobardorum
2865 4247 3057 4303 domno
3097 4259 3277 4304 nostro
3305 4243 3524 4302 Αἰσίωῐο
3547 4261 3678 4314 rege,

2154 4337 2274 4388 anni
2323 4336 2466 4404 regni
2494 4336 2630 4406 ejus,
2654 4337 2752 4393 deo
2783 4344 3105 4405 protegente,
3134 4344 3308 4401 sexto,
3338 4351 3518 4390 mense
3536 4334 3679 4396 iulio,

2081 4453 2133 4513 ι)
2157 4425 2440 4480 indictione
2485 4427 2732 4493 septima,
2773 4425 3080 4480 Wall'redus
3117 4412 3225 4481 lilio
3249 4425 3508 4495 quondam
3542 4425 3679 4477 linte-

2159 4515 2328 4578 liausi,
2360 4513 2485 4582 civis
2510 4515 2715 4579 Pisans,
2755 4516 3023 4571 recolente
3047 4532 3132 4572 me
3162 4516 3310 4571 istius
3337 4515 3509 4568 mundi
3539 4515 3681 4569 cadu-

2133 4618 2272 4678 Icant
2319 4614 2374 4658 et
2419 4606 2766 4661 transitoriam
2817 4607 3006 4674 vitant,
3052 4617 3107 4662 et
3149 4616 3278 4676 quot
3315 4617 3516 4675 oportet
3544 4608 3684 4672 hujus

2160 4695 2340 4746 mundi
2363 4709 2491 4748 vana
2529 4697 2690 4765 gloria
2719 4706 3055 4752 centenum
3096 4710 3188 4766 per
3216 4697 3498 4762 Christum,
3521 4694 3682 4765 lmini-

2163 4801 2284 4838 num
2313 4785 2476 4849 sequi,
2499 4786 2680 4853 eisque
2699 4800 2845 4839 sacra
2875 4795 3114 4855 precepta
3142 4787 3375 4854 implere,
3408 4799 3458 4840 et
3481 4786 3683 4852 promis-

2163 4874 2311 4927 sione
2333 4872 2616 4941 suscipere,
2648 4882 2702 4929 et
2742 4884 2973 4929 eternatn
3007 4879 3159 4930 vitam
3184 4891 3307 4932 «ita
3331 4877 3610 4937 auferere;
3636 4884 3683 4928 et

2166 4967 2299 5031 Quod
2329 4967 2689 5033 peccatoribus
2707 4966 2879 5022 aditus
2906 4968 3048 5037 rein
3062 4968 3302 5023 celerum
3322 4980 3426 5020 non
3456 4964 3682 5020 intersis.

2173 5146 2572 5202 Bononiensium
2620 5150 2822 5201 visitur.
2873 5147 3002 5202 Nam
3052 5145 3444 5208 Bononienses,
3493 5142 3682 5212 quantis

2170 5218 2290 5266 olim
2327 5232 2540 5282 potuere
2571 5219 2784 5279 viribus,
2816 5229 2939 5270 suos
2982 5220 3110 5269 lines
3153 5220 3523 5284 protenderunt
3549 5211 3694 5284 ltitia

2174 5299 2287 5335 nam
2332 5301 2536 5348 versus,
2567 5299 2820 5350 suumque
2849 5299 3030 5353 agrum
3068 5298 3133 5338 ex
3163 5285 3350 5338 alienis
3378 5283 3552 5349 spoliis
3579 5283 3683 5330 ani-

2176 5354 2487 5418 plillcarunt.
2518 5358 2687 5420 Ipsum
2719 5355 3140 5406 Nonaritnlanuni
3163 5365 3534 5406 monasterium
3571 5354 3683 5399 intra

2176 5421 2302 5474 lines
2331 5425 2491 5490 ipsius
2517 5423 2678 5476 enrtis
2708 5422 2864 5486 Zeus:
2910 5423 3218 5475 aediﬁcatam
3243 5423 3464 5474 videtur.
3492 5421 3553 5471 Et
3577 5431 3682 5490 visi-

2179 5501 2259 5543 tur
2288 5487 2456 5545 adltnc
2485 5494 2684 5544 eisdem
2716 5494 2764 5544 in
2794 5493 2924 5545 locis
2951 5495 3069 5545 villa
3099 5491 3272 5558 Gagii,
3304 5504 3417 5553 quae
3461 5505 3556 5542 non
3595 5487 3683 5537 alia

2178 5574 2292 5614 esse
2322 5562 2526 5616 videtur
2555 5575 2582 5614 a
2605 5559 2734 5630 Gajo
2763 5563 2918 5630 regis,
2951 5564 3000 5615 in
3034 5563 3129 5614 liac
3157 5562 3268 5628 ipsa
3299 5560 3474 5613 charta
3504 5569 3661 5610 uicario

2181 5645 2231 5682 ra
2241 5641 2311 5683 ιο.
