3820 6236
1146 358 1185 390 \

148 425 252 487 res

1138 427 1522 482 DIPLOMATA
1568 422 1846 479 ECCLES.
1887 420 2184 478 SELECTA

3164 415 3299 468 1526
3342 372 3343 375 Ἴ

138 544 178 595 di
201 555 271 600 ur,
300 536 338 587 si
369 542 472 587 toto
496 537 655 590 curde
682 538 745 589 ad
778 538 1193 621 misericordiam
1228 542 1314 593 Dei
1334 538 1636 607 confugere.
1672 540 1715 595 Α
1750 534 1874 586 riter
1904 534 2096 606 vivant.
2152 534 2281 585 Nam
2312 535 2353 585 si
2388 533 2482 601 ipsi
2525 546 2583 585 se
2624 532 2892 599 corrigere
2921 530 3209 614 potuerint,
3244 536 3298 579 ut

137 627 189 679 Et
212 627 318 677 dum
348 641 435 689 pro
458 641 571 678 mea
601 629 831 682 facinora
855 638 907 681 et
934 630 1101 695 spatio
1129 630 1255 692 vite,
1285 645 1438 696 quam
1469 630 1643 694 negle-

136 726 287 784 genter
310 715 446 777 duxi,
490 730 573 769 me
598 717 757 769 animi
790 718 927 771 tedio
956 721 1190 786 inligere,
1222 729 1276 773 et
1305 736 1406 772 non
1438 720 1640 784 inveni,

138 819 211 869 per
230 819 322 871 quo
348 820 427 857 me
456 806 505 857 in
533 807 767 874 angustis
793 820 1121 871 convertere,
1150 820 1273 862 tunc
1296 819 1639 873 protectorem

134 894 334 961 quesivi,
381 903 435 945 ut
479 895 615 961 quod
662 910 765 947 non
813 896 944 949 meis
1000 898 1195 951 meritis
1247 898 1310 950 ad
1354 900 1438 951 illa
1497 901 1644 950 valeo

136 983 366 1047 pervenire
410 983 532 1046 vita,
564 999 657 1051 per
684 1000 782 1050 qua
831 988 1109 1039 commissa
1163 988 1455 1054 deleantur,
1507 988 1644 1041 illius

136 1068 343 1138 prntetio,
372 1072 450 1122 cui
475 1071 664 1138 ligandi
692 1082 743 1125 et
770 1073 1002 1126 solvendi
1025 1086 1103 1127 est
1122 1089 1370 1128 concessa
1390 1085 1639 1143 potestas,

134 1160 175 1211 in
195 1160 318 1210 ovile
339 1158 411 1212 eis
440 1160 734 1213 reducatur.
757 1162 903 1214 Tunc
934 1165 981 1213 in
1004 1164 1152 1230 cujus
1182 1164 1382 1216 honore
1408 1164 1639 1230 disposui

136 1253 411 1301 monasterio
451 1250 765 1315 bedilicare,‘
802 1252 851 1303 in
881 1268 981 1320 que
1028 1255 1336 1319 regulariter
1362 1255 1515 1305 vitam
1547 1256 1642 1307 du-

134 1353 247 1411 cere,
277 1350 323 1391 et
353 1354 432 1391 me
475 1356 573 1391 una
602 1341 874 1393 cum'liliis
902 1352 949 1392 et
980 1355 1063 1394 res
1091 1357 1231 1395 meas
1259 1341 1445 1407 offero,
1478 1344 1560 1395 ubi
1589 1352 1644 1396 et

137 1438 313 1479 nostras
354 1438 403 1480 et
430 1428 651 1481 aliorum
682 1432 857 1483 anime
885 1432 1228 1483 salvarentur.
1263 1431 1387 1483 Item
1420 1447 1641 1499 namque

133 1530 212 1582 ego
251 1516 328 1583 qui
379 1530 529 1583 supra
587 1516 836 1571 Walfredi
885 1534 1003 1571 cum
1045 1533 1229 1587 magna
1265 1520 1543 1573 devotioiie
1590 1530 1644 1573 et

130 1606 496 1669 curnpunctioue
537 1608 711 1660 cordis
762 1607 925 1659 olfero
974 1622 1057 1661 me
1096 1608 1212 1675 ipso
1259 1618 1312 1660 et
1336 1607 1455 1661 liliis
1486 1610 1638 1674 meis,

133 1695 171 1746 id
203 1705 275 1747 est
301 1694 547 1761 Ratcbisi,
600 1698 873 1758 Gulifredi,
920 1696 1085 1758 .Iaiso,
1114 1706 1167 1751 et
1196 1695 1504 1761 Benedicto,
1538 1700 1639 1753 Do-

131 1786 251 1838 mino
273 1784 370 1837 Deo
390 1786 676 1851 deservire,
699 1796 751 1839 et
780 1799 941 1853 usque
968 1787 1032 1839 ad
1063 1788 1303 1841 virtutem
1334 1796 1387 1841 et
1418 1789 1638 1854 possibi-
1666 1782 1677 1799 ⁸

1741 638 1924 681 sancte
1946 640 1998 681 et
2023 627 2329 696 regulariter
2371 635 2546 694 agant,
2591 640 2745 692 supra
2774 623 3045 676 memorati
3074 636 3209 691 quoe
3222 637 3298 689 pt-

1741 720 1913 785 scopi,
1938 719 2019 772 vel
2042 718 2216 772 abbati
2250 719 2391 771 nullo
2414 727 2635 786 cogeant
2664 716 2881 781 imperio
2903 714 2953 766 in
2977 706 3091 780 ipso
3112 730 3294 766 molia-

1742 810 1905 861 sterio
1933 810 2107 876 aliquo
2130 808 2404 861 ordinandi
2436 818 2525 858 aut
2555 803 2831 857 inducendi
2856 820 2869 856 :
2900 803 2989 855 sed
3025 803 3177 855 liceat
3202 817 3293 854 eos

1744 897 1977 952 instituta
2008 900 2216 950 Patrum
2245 912 2475 956 servare.
2501 906 2554 949 et
2582 897 2684 947 vita
2718 908 2983 961 peragere.
3035 892 3108 944 De
3136 905 3295 957 supra

1744 984 2015 1038 memorati
2066 987 2218 1038 luerit
2243 986 2309 1037 de
2336 984 2455 1035 filiis
2507 985 2657 1045 meis,
2708 992 2824 1035 volo
2862 997 2978 1049 ego.
3008 976 3107 1045 que
3131 995 3288 1046 supra

1746 1072 2013 1137 Walfredi,
2042 1082 2097 1125 ut
2118 1073 2228 1125 siin
2248 1073 2435 1139 aliquis
2456 1071 2521 1124 de
2548 1072 2676 1137 ipsis
2695 1070 2964 1123 erroribus
2986 1068 3291 1121 facientibus

1746 1162 1795 1213 in
1852 1162 2027 1228 aliquo
2077 1163 2224 1229 lapsu
2256 1161 2515 1223 cecidere,
2543 1170 2632 1211 aut
2658 1159 2835 1227 aliquo
2860 1174 3072 1223 pravum
3106 1157 3293 1226 egi-rit,

1748 1260 1867 1301 tunc
1895 1249 2080 1313 abbas,
2108 1248 2200 1317 qui
2233 1249 2500 1302 ordinatus
2529 1246 2703 1311 fuerit,
2731 1261 2848 1299 cum
2881 1248 3216 1312 penitentiam
3245 1256 3299 1299 et

1744 1340 2074 1406 disciplinam
2105 1340 2387 1406 corrigam,
2412 1348 2466 1390 et
2492 1339 2627 1390 intro
2655 1337 2975 1389 monasterio
3012 1338 3296 1397 retineam,

1744 1444 1792 1484 ut
1818 1432 1989 1484 anima
2024 1431 2139 1498 ejus
2184 1428 2370 1483 salvari
2414 1430 2635 1497 possint,
2686 1434 2803 1480 nam
2830 1427 2953 1480 foris
2980 1430 3300 1481 monasteio

1745 1521 1893 1573 nullo
1914 1519 2071 1572 modo
2116 1533 2210 1573 eos
2235 1520 2523 1588 expellant,
2556 1530 2611 1570 ut
2635 1517 2807 1570 anima
2832 1518 2945 1584 ejus
2973 1518 3257 1584 depereant
3283 1535 3295 1569 ε

1742 1620 1821 1662 set
1839 1623 1971 1675 quos
1987 1607 2123 1664 [orte
2144 1607 2434 1661 voluntarie
2457 1608 2593 1661 bene
2605 1622 2760 1677 agere
2774 1607 3081 1676 neglexerit,
3104 1606 3301 1660 faciunt

1744 1700 1916 1752 inviti.

1814 1788 1867 1840 ln
1899 1786 2039 1841 doti's
2082 1801 2207 1841 vero
2259 1802 2415 1855 supra
2460 1786 2735 1841 memorati
2777 1787 3072 1839 monasterii
3130 1783 3299 1838 sancti

131 1874 269 1939 litate,
292 1875 564 1928 auxiliante
593 1877 704 1943 pius
733 1876 1049 1941 Deus,saute
1070 1890 1123 1930 et
1149 1878 1460 1944 regulariter
1481 1878 1634 1930 vitam
1670 1877 1711 1932 Β
1746 1874 1879 1930 l‘elri
1913 1893 2012 1931 una
2036 1894 2154 1932 cum
2188 1879 2399 1946 prefatis
2432 1879 2549 1932 liliis
2572 1879 2703 1931 meis
2722 1873 3298 1939 Ratchisﬁulifredus,

134 1979 349 2031 peragere
371 1966 420 2017 in
453 1967 771 2018 monasterio
798 1966 1081 2019 beatissimi
1104 1968 1460 2034 apostolorum
1493 1969 1637 2037 priu-

141 2056 216 2124 :ipi
248 2060 399 2110 sancti
432 2058 594 2122 Petri,
622 2073 751 2125 quas
782 2062 1005 2127 presenti
1056 2070 1288 2127 tempore
1338 2062 1388 2116 in
1434 2065 1645 2131 proprio

146 2148 365 2199 erriturio
408 2162 523 2199 meo
559 2139 645 2199 ob'
673 2149 890 2201 bamore
928 2149 1144 2224 Christi,
1184 2160 1235 2202 ct
1278 2167 1371 2214 pro
1412 2154 1643 2224 remedio

139 2248 430 2301 peccatorum
465 2251 698 2290 nieorum
724 2238 1002 2293 bedilicare
1030 2222 1169 2299 visus
1197 2255 1310 2293 sum
1355 2222 1669 2311 Ιοοιιερρυὶ.

135 2337 316 2379 vocatur
360 2326 625 2395 palatiolo,
677 2327 727 2380 in
765 2330 1006 2383 discursu
1061 2331 1315 2385 Lucense.
1350 2333 1401 2384 In
1427 2348 1491 2385 eo
1521 2350 1645 2387 vero

137 2429 289 2469 tenore
316 2433 457 2470 meus
474 2418 732 2484 disposuit
746 2421 971 2485 animus,
996 2429 1050 2472 ut
1068 2423 1236 2475 nullus
1256 2425 1641 2491 episcomrum,

135 2514 206 2555 aut
232 2504 449 2571 judicum
482 2507 550 2557 ibi
583 2508 848 2572 perveniat
876 2508 1116 2573 imperio,
1160 2526 1330 2579 neque
1360 2513 1547 2579 aliquis
1576 2515 1644 2568 de

134 2590 233 2645 liliis
270 2593 344 2643 vel
394 2591 639 2644 heredum
690 2608 944 2660 meorum,
1002 2597 1125 2662 tipo'
1169 2602 1411 2666 superbie
1458 2601 1639 2663 inflati,

134 2692 421 2746 quacumque
449 2681 613 2746 possit
655 2681 707 2734 in
739 2681 988 2735 fructibus
1029 2684 1153 2737 inibi
1184 2689 1528 2755 congregatis,
1563 2690 1643 2743 vel
1688 2752 1689 2755 η

132 2763 174 2815 in
194 2767 593 2821 resmonasterii
636 2768 789 2836 hujus
817 2784 1068 2847 generare
1092 2776 1409 2842 superbiam.
1444 2777 1544 2835 Sed
1576 2778 1642 2830 ita

134 2853 252 2916 volo,
286 2855 446 2921 adque
477 2870 569 2917 per
597 2858 752 2923 hujus
785 2861 994 2913 nomine
1018 2864 1215 2914 cartula
1242 2866 1543 2917 conllrnlavi
1592 2868 1641 2920 in

134 2954 262 3005 supra
288 2951 567 2994 memorato
596 2948 910 2999 inouasterio
936 2950 1103 3001 sancti
1136 2950 1274 3004 Petri
1306 2957 1643 3022 congregatio

137 3044 461 3093 monacorum,
521 3032 633 3085 sive
658 3033 722 3086 de
752 3034 853 3087 illis
884 3036 1152 3102 fratribus,
1202 3055 1333 3107 quos
1363 3042 1479 3108 pius
1510 3043 1644 3097 Deus

135 3124 176 3167 et
212 3118 310 3183 ipse
356 3120 467 3186 ejus
522 3123 791 3189 apostolus
824 3123 888 3177 ad
946 3139 1094 3180 suum
1132 3130 1398 3184 servitium
1433 3145 1641 3188 vocatus

134 3204 315 3272 dignare
366 3206 531 3270 fuere,
560 3224 677 3261 cum
708 3211 825 3267 liliis
852 3216 951 3266 mei
982 3231 1079 3267 una
1118 3232 1235 3270 cum
1288 3220 1411 3286 ipsis
1450 3221 1641 3289 pariter

134 3293 341 3345 volumus
387 3310 446 3348 ex
504 3299 844 3367 omnipotenti
876 3302 1353 3361 Deimisericordia
1384 3324 1561 3363 sancte
1588 3323 1641 3366 et

132 3382 406 3447 regulariter
453 3388 611 3439 vitam
673 3404 1000 3457 peregantur,
1058 3403 1109 3446 et
1136 3410 1228 3462 pro
1258 3398 1385 3450 meis
1416 3403 1665 3465 peccatis

133 3468 471 3537 die.noctuque
498 3476 610 3529 suis
638 3480 962 3533 orationibus
1006 3486 1350 3549 omnipmenti
1404 3489 1507 3542 Deo
1537 3509 1638 3545 non

130 3571 306 3613 cessent
331 3563 604 3621 obsecrare
628 3566 1007 3623 misericordia.
1065 3574 1127 3626 Et
1168 3584 1271 3627 tam
1314 3579 1640 3637 ordinatiOne

130 3646 295 3712 abbati,
325 3665 473 3716 quam
496 3661 551 3704 et
575 3654 703 3707 alias
747 3658 1122 3725 ordinationes,
1165 3667 1302 3731 quod
1349 3680 1641 3735 Opportune

130 3747 227 3787 sunt
276 3739 325 3790 in
368 3745 685 3797 monasterio
734 3746 883 3812 lieri,
934 3752 1001 3802 ita
1063 3765 1221 3819 agunt
1273 3766 1325 3808 et
1370 3760 1643 3824 perficiunt

130 3827 381 3879 secundum
446 3830 735 3886 institutum
798 3840 974 3903 regula
1035 3842 1100 3892 ad
1154 3854 1387 3898 sanctum
1433 3846 1639 3903 Patrem

132 3924 336 3971 nostrum
367 3916 717 3972 Benedictum.
749 3921 815 3974 Et
841 3925 883 3976 si
909 3924 1082 3993 aliquo
1111 3944 1290 3985 errore
1315 3948 1406 3997 pro
1428 3939 1641 3990 ordina-

134 4005 253 4056 tione
290 4017 428 4058 ortns
456 4006 630 4073 fuerit,
661 4020 750 4062 aut
792 4027 951 4078 pravo
996 4016 1169 4085 aliquo
1196 4022 1373 4074 vitium
1405 4040 1640 4091 repertus

131 4090 246 4143 inter
274 4093 535 4159 fratribus,
587 4099 725 4165 quod
775 4091 909 4168 ipse.
932 4105 1066 4159 inter
1090 4122 1169 4173 se,
1199 4112 1277 4162 vel
1310 4090 1641 4169 retitudinem

135 4190 207 4231 aut
249 4182 415 4248 regule
442 4185 677 4238 instituta
704 4188 966 4256 corrigere
996 4197 1299 4264 neglexerit,
1350 4211 1467 4255 tunc
1495 4218 1644 4258 acce-

134 4270 236 4322 dant
262 4272 307 4322 in
336 4272 447 4338 ipso
478 4277 794 4328 numasterio
815 4280 977 4331 sancti
1012 4280 1189 4336 Patres
1211 4291 1563 4356 quoepismpi,
1594 4295 1641 4346 id

131 4368 195 4407 est
236 4360 366 4410 sedis
418 4360 652 4415 Ecelesie
676 4373 858 4417 sancte
887 4367 1093 4432 l’isane,
1132 4379 1184 4422 et
1228 4374 1369 4428 sedis
1411 4377 1644 4435 Ecclesia

137 4446 518 4513 l’opulnnieusis,
534 4454 623 4504 sed
650 4462 703 4505 et
723 4452 882 4506 abbas
908 4462 1206 4513 monasterii
1232 4462 1431 4518 Domini
1462 4467 1643 4523 Salva—

136 4528 241 4587 ttfris
282 4539 329 4589 in
379 4542 491 4593 loco
534 4541 805 4608 Pontiano,
856 4546 978 4597 item
1028 4560 1079 4600 et
1124 4549 1284 4603 abbas
1338 4559 1639 4611 nionasterii
1678 4526 1721 4581 υ

131 4625 269 4677 sancti
302 4626 557 4694 Frediani,
585 4632 670 4684 ubi
701 4642 754 4685 et
793 4633 906 4698 ejus
935 4650 1124 4703 corpus
1162 4639 1378 4706 quiescit
1412 4658 1640 4702 uniatum

131 4716 309 4767 civitate
328 4716 575 4770 Lueense.
616 4719 693 4770 Ilii
723 4722 1035 4780 sanrtiSsimi
1078 4738 1322 4791 Quattuar
1366 4732 1459 4783 hac
1489 4748 1643 4788 vene-

130 4806 294 4861 rabiles
322 4809 415 4861 viri
442 4810 492 4861 in
522 4810 765 4865 omnibus
792 4815 1015 4869 habeant
1041 4818 1302 4873 licentiam
1333 4795 1522 4875 malum
1554 4836 1644 4879 aut

130 4908 315 4960 pravum
341 4900 545 4965 vitium,
578 4901 717 4969 quod
744 4912 892 4956 ortus
920 4905 1076 4959 fuerit
1104 4909 1383 4977 instigante
1412 4914 1639 4979 diabolo,

130 4989 182 5037 ad
211 4990 395 5045 Domini
426 5008 673 5046 revocare
704 5003 967 5062 precepts,
992 5007 1046 5048 ut
1070 5000 1263 5052 malum
1292 5004 1474 5055 vitium
1500 5020 1641 5060 rese-

131 5085 273 5141 cetur,
302 5088 353 5132 et
375 5082 547 5133 anime
576 5081 793 5135 fratrum
830 5088 1055 5151 corrigat
1084 5088 1147 5137 ad
1177 5089 1363 5141 salute.
1395 5092 1519 5145 Etsi
1549 5095 1643 5147 de-

130 5165 319 5221 cedente
369 5173 577 5235 abbate,
623 5172 674 5224 in
722 5174 979 5228 electione
1022 5170 1225 5229 abbatis
1272 5180 1448 5248 aliquo
1494 5193 1639 5235 ortus

133 5257 265 5307 luerit
313 5262 578 5327 scandolo,
643 5264 776 5315 sicut
818 5267 951 5318 solet
1004 5266 1112 5319 lieri
1158 5283 1251 5335 per
1286 5269 1471 5323 insidia
1510 5276 1640 5325 ostis

135 5348 296 5411 ll03lfi,
344 5348 435 5412 ipsi
484 5351 695 5415 quidem
734 5368 895 5420 supra
940 5358 1212 5408 memorati
1256 5360 1418 5410 saneti
1459 5358 1638 5413 Patres

133 5450 213 5486 una
250 5449 358 5491 cum
390 5435 635 5491 fratribus
664 5442 826 5508 ipsius
874 5446 1169 5498 monasterii
1201 5448 1521 5514 pret-ideant,
1553 5452 1637 5515 qui

132 5523 289 5601 dignus
332 5525 480 5578 fuerit
511 5541 740 5593 preesse,
793 5534 862 5583 ita
890 5535 1082 5600 eligant
1111 5545 1163 5588 et
1191 5538 1501 5590 conlirment
1525 5541 1639 5591 sine

135 5614 219 5662 ullo
239 5630 462 5679 munere,
494 5628 585 5669 aut
625 5618 799 5684 aliquo
826 5624 927 5675 alio
961 5625 1198 5695 imperio,
1232 5630 1330 5681 nisi
1360 5640 1556 5682 tantum
1586 5644 1637 5681 ut

136 5701 200 5754 bis
222 5720 407 5789 pravus
436 5707 587 5758 vitius
608 5721 665 5760 se
692 5712 1047 5779 corrigendos,
1069 5726 1123 5768 ut
1152 5730 1329 5771 sancte
1358 5730 1410 5773 et
1439 5724 1637 5787 regu’a-

378 5798 640 5858 ΡΑτιιοι..
686 5801 911 5860 LXXX
928 5803 1055 5863 Vll.

1741 1966 1863 2020 Jaso
1904 1960 1956 2020 ei
1990 1967 2294 2031 Benedicto,
2327 1968 2377 2020 in
2421 1969 2604 2035 primis
2622 1967 2784 2022 trado
2811 1976 2865 2021 et
2889 1966 3051 2020 offero
3097 1968 3293 2034 portiu-

1745 2072 1862 2110 nem
1888 2071 2055 2111 meam
2086 2058 2151 2111 de
2180 2057 2481 2124 supradicto
2502 2060 2677 2111 casale
2696 2058 2969 2123 Palatiolo,
3000 2059 3085 2111 ubi
3107 2067 3159 2111 et
3182 2055 3297 2123 ipse

1744 2147 2064 2202 monasterio
2104 2140 2375 2199 fundatum
2404 2156 2506 2213 est,
2538 2161 2639 2199 una
2669 2162 2786 2198 cum
2819 2148 3058 2212 portione
3090 2160 3203 2203 mea
3230 2146 3300 2199 de

1744 2235 1959 2287 basilica
1988 2236 2157 2289 sancti
2185 2236 2427 2305 Philippi,
2476 2238 2559 2290 vel
2608 2252 2694 2291 res
2722 2237 2785 2289 ad
2810 2251 2925 2291 eam
2954 2237 3297 2304 pertinentes,

1743 2342 1863 2379 cum
1929 2342 2080 2381 casas
2139 2330 2493 2391 massaricias,
2558 2328 2802 2393 familias,
2851 2328 2931 2381 vel
2981 2325 3300 2395 adjacentias

1744 2428 1951 2477 earum,
1987 2416 2216 2481 peculias
2237 2416 2508 2470 denicatas
2536 2431 2654 2469 cum
2696 2424 2930 2482 pastores
2958 2415 3047 2481 qui
3090 2414 3299 2467 easdeA

1749 2516 1991 2567 pascunt,
2024 2520 2145 2559 cum
2177 2502 2366 2570 vineis,
2396 2506 2620 2571 olivetis,
2646 2515 2701 2559 et
2729 2505 3021 2565 territurlas
3050 2504 3299 2571 perflnes,

1747 2607 1848 2643 una
1887 2608 2009 2647 cum
2040 2595 2203 2656 silvis,
2248 2596 2383 2649 sicut
2414 2596 2564 2649 nobis
2593 2596 2857 2664 pertinere
2898 2594 3107 2648 videtur
3133 2596 3184 2648 in
3217 2596 3301 2649 in-

1746 2692 1913 2749 tegro.
1946 2684 2072 2737 Item
2099 2698 2151 2738 et
2175 2694 2323 2739 curte
2346 2684 2477 2757 juris
2502 2687 2601 2740 mei
2630 2688 2679 2763 in
2708 2688 3021 2754 Castagneto
3040 2701 3157 2740 cum
3188 2688 3299 2739 edi-

1744 2773 1876 2827 ficiis
1928 2788 2049 2827 suas
2096 2775 2328 2842 peculias
2355 2775 2630 2828 donicatas
2682 2784 2734 2829 et
2775 2784 3011 2842 pastores
3050 2775 3138 2842 qui
3179 2788 3297 2827 eam

1743 2864 2052 2931 depascunt,
2075 2866 2280 2929 vineas,
2300 2864 2543 2931 olivetas,
2565 2876 2761 2933 pratas,
2785 2866 3093 2930 territurias,
3118 2866 3299 2926 silvas,

1744 2964 1836 3003 seu
1865 2963 1919 3004 et
1941 2966 2090 3005 casas
2113 2952 2444 3006 massaricias
2472 2968 2587 3004 cum
2614 2952 2835 3005 familias
2861 2967 3003 3020 suas,
3021 2968 3122 3020 que
3152 2955 3302 3007 nobis

1751 3040 2038 3105 pertinere,
2089 3050 2280 3107 quanta
2317 3040 2507 3094 exinde
2550 3040 2715 3095 libere
2768 3018 2875 3093 noti
2924 3040 3298 3107 dimiserimus,

1716 3137 1863 3180 ‘cum
1895 3143 2051 3181 omne
2073 3128 2420 3197 adjacentiam
2462 3130 2527 3182 ad
2558 3129 2691 3197 ipse,
2740 3131 2819 3183 vel
2852 3139 3000 3183 curte
3031 3131 3300 3195 pertinent

1666 3196 1710 3253 (ἶ
1742 3217 1793 3270 in
1844 3219 2069 3286 integro,
2118 3196 2308 3272 habeat
2344 3220 2455 3285 ipse
2482 3196 2819 3273 monasterio.
2869 3217 2995 3273 item
3023 3230 3074 3271 et
3112 3218 3302 3272 habeat

1743 3311 2038 3374 portionem
2056 3323 2235 3362 meam
2267 3308 2333 3362 de
2358 3310 2553 3361 molino
2576 3320 2629 3362 et
2666 3323 2785 3361 casa
2812 3310 2877 3362 de
2902 3310 3156 3376 Caldana,
3179 3326 3296 3363 cum

1739 3380 1961 3460 Litiano,
1996 3410 2089 3449 seo
2112 3408 2165 3451 et
2190 3396 2458 3450 Dominico
2484 3398 2658 3464 pueris
2689 3397 2903 3463 nostris,
2928 3400 3183 3453 et.omnia
3214 3402 3300 3453 ad-

1736 3484 1959 3551 jacentia
2000 3484 2064 3537 ad
2093 3484 2203 3552 ipsa
2233 3499 2351 3539 casa
2376 3486 2458 3539 vel
2490 3486 2685 3539 molino
2714 3495 2912 3552 partem
2942 3501 3110 3540 meam
3144 3490 3193 3541 in
3223 3490 3302 3540 in-

1744 3586 1888 3643 tegro
1920 3584 2275 3642 perteneutes.
2310 3575 2478 3629 Simili
2502 3576 2657 3630 modo
2680 3586 2735 3629 et
2766 3576 2958 3630 habeat
2987 3578 3097 3643 ipse
3130 3578 3303 3643 prela-

1744 3678 1829 3718 tus
1846 3666 2165 3720 monasterio
2194 3668 2484 3735 portionem
2506 3682 2673 3721 meam
2693 3669 2759 3745 de
2779 3677 2927 3722 curte
2952 3668 3300 3736 Supercornia

1742 3769 1859 3806 cum
1906 3754 2143 3809 ediﬁcias
2188 3748 2331 3820 sua's,
2385 3759 2586 3823 vineas,
2615 3758 2909 3811 territurias
2952 3760 3117 3811 cultas
3140 3770 3187 3812 et
3220 3761 3301 3829 in-

1740 3845 1928 3913 cultas,
1973 3846 2295 3911 silvas,......
2350 3862 2591 3914 pascuas,
2642 3863 2740 3899 una
2789 3862 2907 3900 cum
2959 3862 3107 3901 casas
3155 3864 3299 3901 mas-

1741 3934 1978 3998 saricias,
2009 3950 2127 3987 cum
2167 3934 2392 3988 familias
2420 3950 2563 3999 suas,
2594 3946 2647 3988 et
2694 3951 2852 3990 omne
2900 3936 3190 4003 adjacentia
3234 3940 3300 3991 ad

1744 4023 1879 4087 ipse,
1905 4024 1984 4075 vel
2007 4035 2156 4077 curte
2186 4026 2560 4091 pertinente/in
2584 4028 2806 4095 integro,
2826 4036 2947 4081 ante
2984 4028 3151 4095 posito
3181 4044 3302 4097 por-

1743 4112 1937 4163 tionem
1978 4124 2144 4164 meam
2197 4114 2263 4166 de
2290 4114 2451 4183 Gagio
2474 4116 2648 4168 Gatoti
2676 4126 2728 4187 et
2771 4117 3061 4183 portionem
3106 4133 3299 4182 meam,

1744 4202 1841 4252 hoc
1867 4212 1946 4253 est
1966 4202 2301 4256 medietatem
2326 4205 2390 4257 de
2417 4218 2536 4257 casa
2567 4205 2786 4259 Candidi
2816 4205 2883 4259 de
2907 4206 3038 4259 Rivo
3057 4209 3303 4262 Certurio

1742 4305 1859 4343 cum
1888 4291 2104 4353 familia,
2151 4303 2202 4346 et
2229 4308 2383 4347 omne
2409 4294 2753 4361 adjacentiam
2786 4297 2848 4349 ad
2889 4298 2999 4364 ipse
3029 4313 3149 4352 i-ase
3181 4314 3304 4368 per-

1746 4380 1987 4434 tinentes.
2021 4376 2147 4434 licm
2196 4382 2385 4435 habeat
2432 4383 2544 4451 ipse
2587 4376 2904 4439 monasterio
2948 4389 3119 4447 sancti
3162 4390 3299 4443 Petri

1747 4472 2038 4537 portionem
2064 4474 2235 4524 meam
2264 4471 2329 4525 de
2355 4472 2540 4527 Casale
2562 4473 2611 4526 in
2645 4474 2915 4529 Ruossano
2941 4492 3059 4532 cum
3089 4480 3155 4533 de
3180 4466 3294 4533 mo-

1750 4559 2000 4621 nasterio,
2029 4562 2170 4625 quod
2212 4562 2334 4614 inibi
2364 4574 2444 4615 est
2484 4567 2607 4627 sito,
2635 4575 2688 4619 et
2708 4556 2839 4621 case.
2859 4568 3154 4622 Massaricie
3179 4585 3296 4622 cum

1748 4648 2035 4715 adjacentia
2061 4650 2125 4701 ad
2152 4651 2260 4716 ipsa
2291 4665 2411 4705 case
2457 4653 2775 4720 pertinentes
2805 4658 3095 4723 portionem
3126 4673 3297 4712 meam

1749 4737 1799 4789 itt
1833 4737 2055 4805 integro.
2088 4738 2214 4792 Item
2244 4740 2361 4794 volo
2389 4749 2443 4792 ut
2471 4742 2659 4794 habeat
2700 4737 2810 4811 ipse
2837 4748 3153 4799 monasterio
3183 4764 3297 4801 me-

1747 4826 1996 4878 dietatem
2028 4827 2234 4881 Salinas
2279 4830 2328 4881 in
2375 4830 2488 4883 loco
2528 4832 2682 4898 \‘ada,
2713 4843 2767 4887 et
2795 4833 2847 4888 in
2895 4833 3109 4905 Ροςίοιο
3143 4849 3298 4893 antea

1752 4916 1887 4980 quod
1918 4918 2045 4967 emit
2071 4931 2097 4967 a
2126 4918 2387 4985 quondam
2418 4920 2627 4975 lnfredo
2673 4938 2786 4977 mea
2842 4925 3095 4991 portione.
3126 4927 3296 4983 Simili

1747 5003 1904 5054 modo
1950 5013 2004 5055 ct
2028 5004 2194 5057 offero
2224 5007 2607 5075 insnpradicto
2644 5015 2961 5067 monasterio
3003 5018 3297 5082 portionem

1744 5108 1911 5144 meam
1940 5095 2005 5145 de
2026 5095 2186 5147 curtis
2206 5096 2338 5161 juris
2363 5103 2463 5152 mei
2496 5102 2547 5152 in
2580 5102 2693 5152 loco
2710 5103 2793 5168 qui
2812 5112 3023 5157 vocatur
3038 5106 3292 5173 Scptaris,

1741 5200 1862 5237 cum
1908 5186 2177 5252 edificiaa,
2227 5190 2408 5245 vineas
2452 5193 2701 5257 olivetas,
2752 5195 2909 5249 silvas
2938 5236 2951 5259 ,
3003 5200 3292 5251 territurias

1740 5276 1904 5327 cultas
1948 5286 2003 5328 et
2053 5276 2271 5333 incultas
2324 5297 2421 5333 una
2477 5297 2595 5334 cum
2646 5298 2794 5336 casas
2831 5288 3160 5338 massaricias
3207 5287 3291 5338 vel

1740 5379 1896 5415 omne
1942 5364 2230 5430 adjacentia
2260 5370 2321 5421 ad
2355 5370 2463 5436 ipse
2493 5386 2613 5423 t-ase
2664 5375 2742 5425 vel
2772 5374 2927 5426 Curte
2976 5374 3283 5439 pertinente.

1744 5456 1803 5504 Et
1831 5455 1983 5507 abeat
2012 5455 2214 5508 insimul
2260 5450 2377 5510 casa
2434 5458 2785 5525 Mugniacioli,
2826 5475 2875 5514 et
2922 5476 3040 5513 casa
3095 5463 3283 5513 Tendi-

1743 5544 1892 5608 perti,
1933 5552 1985 5596 et
2011 5560 2128 5609 casa
2163 5546 2542 5619 Wipertnli.et
2568 5565 2707 5614 casa,
2736 5552 2819 5617 qui
2853 5550 2947 5600 fuit
2980 5553 3213 5618 l‘asquali
3236 5553 3283 5603 in

1743 5633 1908 5709 fundo
1926 5634 2129 5701 Magno,
2159 5650 2275 5702 cum
2315 5650 2470 5687 omne
2496 5638 2779 5706 adjacentia
2802 5639 2865 5689 ad
2896 5639 3005 5705 ipse
3026 5653 3145 5691 case
3171 5656 3291 5707 per-

1742 5723 1958 5777 tinente.
1994 5724 2221 5792 Itemque
2248 5725 2314 5779 do
2341 5740 2391 5781 et
2415 5728 2578 5781 olIero
2609 5730 2669 5780 ad
2697 5731 2861 5794 ipsum
2899 5732 3149 5793 pietatem
3184 5747 3291 5783 lli0~

2827 5816 2900 5870 13's
