3820 6236
495 389 623 446 15⁸91

496 588 640 642 Valet
655 591 802 641 ianus
825 597 878 641 et
899 588 1213 642 Liodoaldns
1236 589 1488 655 germani,
1515 589 1602 641 lilii
1622 590 1880 656 quondam
1905 592 2030 644 Leo-

497 680 600 740 uis,
624 679 944 730 habitatores
973 678 1104 729 intra
1138 693 1314 729 muros
1359 679 1582 731 civitatis
1637 679 1914 744 Brixiante,
1945 681 2034 732 tibi

429 773 433 776 ‘
500 768 829 833 Auselpergre
858 767 1038 818 dicatas
1070 766 1178 819 Deo
1202 765 1478 819 abbatissae
1506 769 1810 820 monasterii
1833 769 2033 822 Domini

497 854 779 905 Salvatoris
814 854 950 905 intra
979 853 1265 918 civitatem‘
1295 843 1611 914 Brixianam'
1654 856 1941 922 fundatum,
1971 858 2037 910 de

498 942 759 994 curriculo
791 941 899 1002 illo,
930 956 1020 1008 per
1047 957 1200 1009 quem
1231 943 1464 1009 graditur
1492 957 1623 1010 aqua
1666 945 1730 997 ad
1776 957 2040 1027 monaste-

501 1034 634 1083 rium
671 1041 924 1095 vestrutn,
954 1043 1005 1108 et
1033 1041 1165 1084 estat
1219 1048 1286 1085 ex
1330 1042 1476 1100 parte
1520 1030 1857 1088 constitutum
1905 1039 2038 1089 intra

505 1137 682 1172 casam
714 1123 792 1173 vel
823 1131 1023 1174 curtem
1051 1123 1385 1178 habitationis
1426 1136 1636 1189 nostrae,
1671 1143 1831 1194 usque
1857 1129 1920 1180 ad
1949 1145 2040 1194 pe-

504 1210 598 1263 des
620 1209 986 1277 quinquaginta
1019 1225 1106 1264 sex
1139 1210 1307 1279 juxta,
1341 1219 1395 1264 ut
1410 1213 1662 1279 deinceps
1693 1225 1746 1267 et
1773 1216 1824 1266 in
1855 1227 2041 1282 perpe-

507 1309 650 1351 tuum
679 1300 796 1352 sine
821 1309 1003 1353 nostra
1029 1301 1383 1368 beredumque
1406 1303 1698 1356 nostrorum
1721 1305 2043 1357 interdictio-

513 1405 577 1441 ne
608 1400 916 1454 permaneat
945 1384 1150 1459 semper
1170 1394 1310 1444 omni
1342 1405 1596 1460 tempore,
1621 1394 1756 1450 inter
1783 1408 1838 1446 se
1864 1395 2046 1462 quale-

512 1479 583 1530 bit
604 1479 1078 1543 conturbationem,
1110 1481 1188 1532 vel
1223 1491 1510 1546 rupturam,
1541 1491 1629 1534 aut
1662 1483 1907 1535 lesionem
1946 1483 2046 1535 alia

515 1569 824 1634 accesserit,
857 1568 1070 1620 liberam
1103 1569 1360 1620 licentiam
1385 1550 1572 1622 habeat
1601 1584 1719 1636 pars
1747 1570 2048 1624 monasterii

518 1658 674 1710 vestri
706 1659 843 1710 omni
863 1642 1110 1724 tempore
1167 1657 1341 1711 fodere
1392 1667 1444 1712 et
1469 1659 1670 1726 aperire
1710 1668 1926 1723 terram,
1952 1674 2054 1726 que

516 1761 636 1813 erga
661 1745 829 1814 ipsum
861 1755 1016 1808 estat,
1045 1747 1105 1797 ad
1136 1747 1600 1812 ri‘cooperandum,
1634 1749 1684 1800 in
1715 1763 1817 1814 quo
1845 1757 2056 1800 contur-

1620 388 2217 446 LANGOBARDOMJM
2257 386 2489 442 REGUM

491 499 688 553 Christi
747 497 973 558 nomine,
1015 496 1366 564 promittimus
1421 507 1577 566 atque
1609 502 1912 566 spondimus
1937 516 2030 554 nos
2065 503 2111 559 Λ

3543 388 3666 441 1εηῖ

2208 498 2245 566 ’ξ-
2294 498 2401 551 Leo
2451 507 2660 564 rogatus
2705 511 2734 549 a
2793 497 3068 550 Valeriano
3115 506 3168 550 et
3217 497 3498 551 Llodoaldo
3551 515 3665 564 ger-

2139 586 2302 639 manis
2341 589 2391 640 in
2445 587 2540 640 hac
2600 587 2781 654 pagina
2835 587 3192 654 promissionis
3241 597 3297 640 et
3344 589 3668 655 obligationis

2091 703 2094 708 ι
2138 675 2285 727 testis
2334 675 2640 743 subscripsi,
2694 685 2747 727 et
2791 675 3175 742 suprascriptas
3229 690 3316 730 res
3366 677 3668 729 Launicbilil

2138 762 2266 815 dare
2290 763 2417 816 vidi.

2210 852 2467 907 Pollecius
2497 863 2707 921 rogatus
2734 867 2762 906 a
2787 853 3064 912 Valeriano
3101 863 3154 908 et
3183 854 3434 910 Liodoald
3464 871 3666 924 germa-

2142 942 2239 998 nis.
2268 953 2394 1008 etc.,
2418 955 2470 996 ut
2489 961 2663 1011 supra.

2210 1032 2240 1099 -ξ
2277 1034 2382 1099 Ego
2402 1036 2754 1099 suprascripto
2808 1035 3102 1089 Tanoaldus
3148 1038 3269 1090 huic
3316 1040 3505 1107 pagine
3555 1055 3670 1107 pro-

2143 1121 2407 1175 missionis
2432 1122 2617 1186 scripsi
2666 1132 2718 1176 et
2746 1124 3050 1192 subscripsi,
3083 1141 3236 1192 quam
3281 1140 3397 1194 post
3441 1131 3673 1181 traditam

2143 1208 2418 1275 complevi.

2824 1302 2987 1356 XXX.

2153 1383 2362 1438 Donatio
2419 1385 2598 1456 Cirttl/i
2654 1391 2823 1517 regis,
2888 1393 3322 1529 ρζίέὃξαηὶικηεὲ
3383 1401 3677 1450 monasterio

2759 1475 2950 1511 mmor
3061 1500 3076 1515 .

2759 1475 2892 1511 anno
2937 1475 3076 1515 ιῠδ).

2327 1541 2416 1604 (Ex
2442 1543 2590 1605 Tostl,
2616 1544 2776 1594 Storia
2794 1547 2920 1595 della
2946 1549 3081 1597 badia
3103 1550 3151 1599 di
3178 1551 3509 1641 [ceu-Cass.)

2383 1647 2487 1700 Nos
2534 1649 2611 1702 vir
2652 1650 3058 1717 gloriosissimus
3094 1627 3324 1710 Gisoll'us
3372 1659 3461 1714 Dei
3513 1627 3682 1734 provi-

2156 1734 2329 1795 dentia
2370 1750 2600 1791 summus
2639 1739 2740 1791 dux
2792 1740 3250 1813 Leiigohardorum
3290 1749 3475 1812 gentis,
3521 1761 3683 1802 motus

521 1799 694 1886 baiuli;
719 1833 891 1886 fuerit.
920 1833 984 1901 Et
1004 1799 1054 1886 'si
1080 1833 1194 1900 quis
1216 1849 1277 1885 ex
1295 1799 1480 1898 'nobis,
1512 1799 1600 1903 qui
1643 1799 1796 1903 supra
1831 1799 2058 1890 valeria-
2083 1799 2088 1814 ‘

2197 1825 2256 1878 lci
2287 1825 2658 1890 omnipotentis
2687 1807 3066 1895 misericordia,
3099 1842 3151 1883 et
3179 1833 3248 1884 ob
3290 1799 3475 1888 animi;
3505 1851 3684 1892 nostra:

519 1937 615 1974 nus
638 1931 690 1974 et
717 1919 1033 1972 Liodoaldns
1067 1921 1286 1974 heredes
1325 1924 1375 1973 in
1413 1924 1598 1991 .aliquo
1623 1924 2060 1979 disturbationem

525 2010 798 2062 fecerimus
829 2023 894 2060 ex
926 2009 1038 2075 ipso
1065 2008 1346 2071 curriculo,
1389 2021 1478 2062 aut
1528 2012 1667 2077 quali
1725 2011 1775 2064 in
1827 2022 2061 2080 tempore

524 2099 814 2167 oportuerit
864 2098 928 2151 ad
983 2091 1426 2165 recooperandutn
1473 2114 1592 2151 eum
1620 2099 2060 2166 interdixerinius,

521 2191 573 2242 in
603 2203 706 2255 quo
734 2188 979 2256 superius
1000 2185 1209 2254 legitur,
1240 2195 1292 2239 et
1311 2195 1492 2241 contra
1525 2186 1654 2239 hanc
1677 2189 1922 2241 cartulam
1945 2205 2064 2256 pro-

532 2281 808 2334 missionis
840 2281 914 2332 ire
940 2279 1250 2347 quandoque
1275 2279 1701 2346 temptaverimus
1741 2293 1832 2344 per
1860 2293 1958 2338 nos
1980 2285 2067 2329 aut

528 2370 942 2437 qualencumque
969 2380 1266 2433 personam,
1326 2364 1542 2432 principi
1589 2375 1678 2418 aut
1716 2364 1875 2432 judici
1907 2367 2068 2431 supli-

532 2459 776 2521 randum,
813 2471 907 2523 pro
936 2471 1038 2523 quo
1087 2454 1418 2507 manifestum
1476 2453 1651 2520 fuerit,
1698 2468 2069 2519 componamus

530 2549 593 2600 ad
623 2555 820 2613 partem
847 2545 1200 2612 suprascripto
1253 2542 1572 2595 monasterio
1619 2529 2070 2608 tibi‘Anselpergaa

533 2635 834 2697 abbatissae,
885 2642 938 2685 et
983 2631 1373 2685 successoribus
1404 2629 1524 2690 tuis,
1558 2631 1670 2706 auri
1700 2630 1894 2682 solidos
1924 2631 2074 2697 quin-

534 2725 801 2792 quaginta,
833 2730 1027 2792 etpost
1082 2735 1214 2788 pene
1262 2720 1573 2772 solutioni-m
1627 2733 1842 2785 presens
1890 2721 2072 2786 pagina

536 2812 770 2863 obtineat
792 2809 1034 2862 ruborem
1061 2825 1072 2859 :
1099 2809 1172 2867 sic
1196 2807 1262 2861 ita
1288 2817 1342 2860 ut
1365 2809 1408 2860 si
1442 2821 1569 2872 aqua
1590 2822 1651 2859 ex
1687 2807 1800 2874 ipso
1821 2808 2078 2860 curriculo

539 2900 680 2952 foras
713 2899 932 2968 ruperit,
967 2913 1067 2950 non
1100 2898 1168 2950 sit
1189 2896 1496 2966 negligentia
1516 2895 1621 2964 jam
1652 2896 1774 2948 dicti
1810 2905 2078 2949 monaste-

542 2987 604 3041 rii
634 2989 790 3040 vestri
822 2986 884 3038 ad
937 2985 1406 3052 recoopcrandum,
1452 2975 1516 3036 ne
1545 2983 1693 3036 vobis
1720 2998 1878 3051 grave
1905 2991 1960 3036 et
1986 2985 2082 3036 im-

2165 1916 2427 1984 totiusque
2450 1930 2640 1971 nostra:
2668 1922 2838 1988 gentis
2863 1922 3102 1983 salutem,
3133 1939 3287 1991 quam
3317 1934 3370 1978 et
3399 1941 3486 1992 per
3514 1943 3685 1994 rogum

2164 2002 2380 2069 Majonis
2428 2005 2632 2059 comitis
2673 2009 2837 2076 nostri
2881 2012 3234 2065 concessimus
3275 2015 3324 2065 in
3383 2018 3689 2069 monasterio

2165 2089 2330 2144 beatae
2359 2102 2409 2145 et
2450 2093 2690 2162 gloriosae
2731 2096 2819 2149 Dei
2847 2097 3110 2162 genitricis
3152 2113 3462 2169 semperque
3490 2102 3690 2170 virginis

2165 2179 2362 2244 Mariae,
2393 2184 2529 2248 quod
2561 2183 2626 2235 ab
2642 2185 2765 2234 olim
2813 2195 3168 2239 constructum
3197 2195 3280 2240 est
3310 2189 3359 2240 in
3391 2190 3580 2253 locum,
3609 2192 3688 2258 qui

2166 2267 2459 2318 nominatur
2483 2267 2684 2337 Cipgla,
2717 2272 2766 2322 in
2797 2279 2900 2338 qtm
2928 2274 3186 2326 Acetruila
3228 2275 3333 2326 Deo
3361 2275 3511 2342 digna
3531 2278 3691 2330 abba-

2168 2357 2291 2406 tissa
2338 2370 2560 2423 praeesse
2603 2357 2826 2423 videtur,
2866 2361 3067 2415 inclitas
3107 2364 3236 2414 duas
3278 2372 3449 2417 curtes
3477 2375 3693 2431 uestras,

2167 2459 2296 2512 quas
2339 2445 2589 2500 babemus
2643 2449 2696 2502 in
2735 2450 2924 2505 liuibus
2967 2452 3142 2506 Teano
3173 2454 3288 2506 loco
3323 2455 3613 2519 Bairanum,
3653 2470 3698 2510 i-t

2172 2541 2293 2585 sunt
2345 2533 2502 2586 atnbo
2551 2536 2868 2604 conjuuclzr,
2919 2553 3136 2606 quarum
3182 2558 3279 2594 una
3325 2545 3615 2597 nominatur
3642 2549 3697 2596 ad

2173 2623 2412 2677 Gruttule
2458 2634 2509 2676 et
2551 2625 2716 2678 altera
2755 2627 2819 2680 ad
2849 2629 3002 2690 Tura,
3049 2629 3269 2683 habente
3299 2633 3413 2686 linis
3440 2636 3701 2700 praedictas

2173 2722 2376 2775 curtes,
2426 2715 2491 2768 ab
2533 2729 2634 2768 una
2675 2729 2824 2796 parte
2865 2721 3084 2786 qualiter
3119 2723 3256 2775 vadit
3297 2738 3386 2791 per
3432 2727 3612 2790 pedem
3646 2733 3702 2778 de

2177 2814 2353 2858 monte
2400 2807 2570 2860 sancti
2600 2808 2917 2874 Leuttherii;
2965 2823 3016 2864 et
3063 2813 3129 2864 ab
3168 2814 3289 2868 inde
3326 2815 3548 2880 qualiter
3567 2816 3703 2883 juxta

2177 2896 2399 2947 eundem
2453 2887 2680 2950 montem
2727 2898 2996 2954 descendit
3036 2902 3086 2954 iu
3126 2903 3284 2955 lluvio
3331 2904 3607 2965 Bulturno,
3649 2909 3707 2956 ab

2180 2982 2278 3035 alia
2334 2995 2480 3050 parte
2531 2985 2755 3051 qualiter
2821 2989 3051 3041 ascendit
3096 3003 3187 3055 per
3232 2991 3459 3043 medium
3510 2992 3705 3043 libelli"

544 3078 688 3139 pium
718 3075 905 3128 inferat
934 3078 1200 3136 damnum,
1224 3074 1358 3141 quod
1392 3073 1636 3141 possibile
1686 3074 1924 3125 videatur
1963 3087 2081 3126 esse
2107 3118 2155 3180 Ο
2186 3074 2413 3138 praedicti
2467 3073 2694 3128 llutninis
2745 3091 2907 3144 usque
2943 3079 2991 3130 in
3045 3078 3164 3132 ribo
3201 3082 3287 3147 qui
3333 3082 3628 3133 nominatur
3653 3082 3709 3131 de

552 3179 638 3220 aut
662 3166 1030 3230 intullerabile,
1062 3165 1455 3232 prolongaverat
1475 3163 1797 3216 dilationem.
1827 3162 1978 3216 Unde
1997 3178 2082 3214 ac-

550 3259 784 3324 cepimus
810 3270 904 3308 nos
935 3254 1243 3306 Valerianus
1285 3263 1336 3306 et
1378 3252 1692 3305 Liodoaldns
1726 3247 2085 3320 promissionis

558 3343 882 3403 Launichild,
916 3342 1198 3396 secundum
1232 3341 1395 3407 legem
1428 3351 1674 3402 nostram,
1727 3355 1755 3391 a
1804 3348 1856 3392 te
1907 3341 2088 3394 Ansel-

556 3449 710 3502 perga
763 3433 1026 3485 abbatissa
1069 3444 1129 3482 ex
1181 3431 1406 3490 sacculo,
1457 3438 1512 3481 ut
1558 3443 1734 3494 supra,
1792 3429 2090 3481 monasterii

557 3524 735 3586 vestri,
767 3523 874 3573 auri
906 3522 1098 3573 solidos
1124 3533 1342 3572 numero
1373 3533 1491 3584 sex,
1521 3529 1571 3571 et
1617 3519 1721 3571 duo
1741 3519 2006 3582 tremiSse,
2040 3527 2095 3570 ut

560 3611 762 3664 stabilis
796 3619 1116 3676 permaneat.
1145 3609 1306 3672 Quam
1330 3623 1450 3660 vero
1472 3607 1704 3674 paginam
1731 3607 2095 3674 promissionis

559 3704 668 3755 Ton
686 3701 824 3753 oaldi
854 3700 1180 3753 scribendum
1211 3700 1523 3766 rogavimus,
1541 3697 1625 3764 qui
1643 3705 1696 3750 et
1716 3711 1810 3765 ego
1826 3713 1886 3750 ex
1906 3697 2096 3749 dictato

565 3791 844 3844 Laurentio
867 3790 1066 3841 notario
1091 3788 1291 3854 scripsi.

633 3881 819 3932 Actum
847 3877 1016 3936 Brixia
1047 3877 1287 3930 feliciter.

643 3969 859 4034 Signum
893 3965 932 4033 τ
966 3979 1148 4017 manus
1173 3964 1436 4017 Liodoaldi
1467 3966 1887 4032 recognoscentis
1912 3965 1975 4017 ad
1994 3979 2105 4016 om-

577 4058 657 4110 nia
686 4055 1061 4120 suprascripta.

644 4145 683 4212 -ι-
718 4144 1019 4195 Valerianus
1047 4145 1175 4196 hanc
1205 4143 1442 4210 paginam
1472 4143 1827 4212 promissionis
1855 4145 2109 4199 cautionis

582 4249 608 4285 a
635 4233 784 4284 nobis
815 4235 998 4283 laetam
1028 4231 1450 4296 subscripsimus,
1474 4231 1679 4283 relecta:
1702 4235 1930 4285 scribere
1959 4232 2112 4285 obtu-

586 4326 641 4387 li,
669 4323 906 4376 roboravi
935 4332 986 4376 et
1007 4321 1312 4388 subscripsi,
1338 4322 1448 4374 auri
1473 4320 1666 4374 solidos
1688 4336 1778 4374 sex
1801 4332 1853 4375 et
1879 4323 1984 4375 duo
2009 4334 2112 4376 tre-

581 4413 737 4462 misse
769 4410 962 4475 accepi.

585 4523 647 4576 ad
668 4521 865 4588 aliquot
883 4536 1067 4582 annos,
1089 4535 1281 4587 eosque
1311 4520 1564 4573 interdum
1587 4521 1800 4582 multos,
1825 4523 2113 4589 baptismus

2188 3163 2416 3229 Bagnula‘
2438 3161 2504 3216 de
2547 3165 2697 3220 tertia
2729 3173 2875 3230 parte
2906 3165 3156 3232 praedicto
3187 3167 3323 3231 ribo,
3355 3170 3443 3234 qui
3488 3169 3709 3222 decernit

2185 3253 2318 3305 inter
2369 3251 2461 3306 bas
2503 3261 2676 3306 curtes
2734 3263 2786 3306 et
2831 3263 2966 3306 terra
3013 3254 3212 3321 pra-lati
3265 3258 3612 3320 monasterii,
3653 3260 3709 3308 de

2184 3351 2368 3408 quarta
2396 3350 2542 3408 parte
2563 3343 2666 3394 line
2696 3342 2910 3405 ribulus,
2937 3343 3024 3409 qui
3055 3344 3208 3394 intrat
3235 3344 3285 3396 in
3315 3346 3561 3410 praedicto
3589 3347 3711 3406 ribo,

2188 3441 2243 3482 et
2262 3430 2483 3497 qualiter
2512 3431 2745 3483 ascendit
2768 3432 3013 3497 praedicto
3035 3426 3232 3484 ribulus
3247 3447 3409 3500 usque
3430 3435 3479 3484 iu
3511 3449 3572 3486 eo
3588 3434 3712 3494 loco,

2193 3519 2325 3573 unde
2375 3521 2677 3586 egreditur,
2731 3531 2784 3574 et
2817 3523 2882 3574 ab
2919 3523 3039 3574 inde
3077 3522 3127 3574 in
3182 3524 3291 3590 ipsa
3337 3537 3616 3592 Surgettle,
3659 3539 3712 3574 ex

2194 3608 2379 3674 quibus
2403 3623 2535 3677 aqua
2561 3612 2673 3661 viva
2701 3609 2984 3677 egreditur,
3014 3619 3065 3662 et
3093 3610 3159 3661 ab
3186 3611 3306 3663 inde
3350 3613 3399 3662 in
3430 3613 3602 3678 praedi.
3621 3623 3713 3662 tum

2199 3704 2377 3768 pedem
2430 3705 2495 3756 de
2531 3713 2707 3757 monte
2754 3704 2918 3756 sancti
2967 3701 3282 3765 Leuttherii,
3339 3705 3425 3770 qui
3477 3715 3554 3757 est
3589 3707 3712 3767 prior

2201 3793 2339 3844 linis.
2370 3791 2472 3844 Has
2502 3799 2672 3843 autem
2705 3791 2981 3857 praedictas
3014 3801 3188 3843 curtes
3213 3792 3432 3856 qua‘iter
3455 3792 3518 3843 de
3549 3791 3644 3842 line
3673 3794 3713 3840 in

2202 3879 2306 3932 line
2351 3881 2753 3946 praenotabimus
2800 3895 2916 3932 cum
2970 3879 3188 3931 diversis
3216 3880 3499 3944 cespitibus
3527 3880 3650 3941 suis,
3676 3889 3718 3930 et

2203 3983 2318 4020 cum
2351 3968 2446 4022 biis
2476 3976 2528 4020 et
2571 3967 2742 4034 aquis,
2775 3982 2892 4020 cum
2923 3967 3160 4020 omnibus
3186 3967 3511 4034 pertinentiis
3538 3983 3717 4020 earum.

2208 4056 2419 4109 lnsimul
2473 4072 2590 4109 cum
2633 4058 2741 4120 ipsa
2794 4056 3018 4111 ecclesia
3050 4058 3213 4110 sancti
3240 4056 3418 4109 Cecilii
3449 4058 3575 4109 infra
3606 4074 3719 4121 οπερ

2209 4147 2371 4198 dictas
2417 4145 2546 4199 lines
2585 4145 2858 4208 adilicata,
2888 4155 3084 4199 etcum
3133 4156 3327 4211 septem
3372 4149 3646 4200 condomas
3669 4147 3721 4196 de

2213 4235 2400 4288 nostris
2429 4234 2592 4288 serbis
2622 4234 2671 4287 in
2694 4233 2956 4300 praedictis
2999 4235 3231 4288 curtibus
3276 4233 3650 4287 habitantibus:
3680 4234 3719 4283 id

2214 4329 2295 4374 est
2331 4321 2422 4373 lilii
2460 4330 2512 4374 et
2556 4331 2771 4388 nepotes
2811 4319 3092 4374 Gaidosolii
3139 4335 3258 4373 cum
3305 4321 3425 4372 ﬁliis
3462 4332 3512 4373 et
3548 4321 3724 4373 ﬁliabus

2138 4443 2190 4502 Β
2215 4427 2394 4467 eorum
2419 4420 2472 4464 et
2500 4409 2586 4463 lilii
2615 4422 2669 4464 et
2699 4420 2916 4478 nepotes
2940 4411 3210 4474 Siuoaddi,
3261 4418 3312 4462 et
3339 4409 3428 4461 lilii
3455 4423 3504 4463 et
3534 4420 3726 4478 nepotes

2219 4536 2272 4577 et
2313 4536 2490 4578 nosne
2517 4524 2828 4588 prmsertim,
2859 4521 3164 4591 improbitas
3207 4522 3498 4582 hominum,
3542 4532 3592 4574 et
3628 4523 3727 4589 qui-

587 4591 904 4651 ilill‘erretur,
938 4593 1084 4654 isque
1114 4591 1330 4642 solemni
1356 4592 1453 4640 ritu
1504 4589 1553 4639 in
1601 4591 1866 4655 pervigilio
1914 4604 2112 4644 tantum

588 4661 852 4712 Paschalis
881 4671 931 4712 et
962 4660 1294 4711 Pentecostes
1346 4658 1719 4719 celebraretur,
1782 4661 1877 4711 nisi
1914 4660 2118 4724 pericu-

591 4733 695 4781 lum
750 4732 867 4778 vitae
915 4729 1190 4796 imminens
1233 4727 1629 4796 ministrandum
1689 4736 1806 4778 ante
1857 4728 2118 4781 suaderet.

593 4799 739 4849 'l‘uuc
769 4810 890 4859 ergo
919 4805 1036 4846 ante
1067 4793 1376 4860 baptismum
1428 4793 1706 4845 infantibus
1750 4811 1936 4848 nomen
1963 4799 2122 4848 daba-

597 4876 701 4918 tur.
737 4865 859 4915 Vide
894 4865 1166 4917 Beroldutn
1201 4868 1248 4915 in
1279 4865 1645 4915 dissertatione
1695 4879 1791 4914 LVII
1834 4866 1896 4914 de
1927 4866 2125 4917 Ritibus

604 4936 978 4987 Ambrosianis.
1013 4932 1172 4984 Porro
1199 4931 1506 5000 adeoinsita
1534 4942 1613 4983 est
1651 4931 1700 4981 in
1733 4934 1930 5000 populis
1971 4935 2127 4984 libido

604 5012 656 5056 et
698 5005 1016 5054 consuetudo
1073 4999 1365 5064 huiusmodi
1396 5003 1746 5051 vetustissima
1797 4999 2126 5066 agnoininnm

608 5070 1059 5136 imponendorti‘m,
1109 5081 1162 5120 ut
1209 5069 1378 5120 adltuc
1427 5069 1846 5120 constatttissima
1891 5069 2133 5132 perduret

611 5143 744 5191 inter
774 5141 1020 5204 plurimos
1059 5139 1213 5190 Italia:
1245 5137 1483 5202 pupulos.
1530 5138 1566 5186 A
1620 5136 1894 5188 Mutinensi
1928 5139 2132 5201 quidem

609 5212 735 5260 urbe
775 5221 903 5274 pene
934 5221 1145 5270 prorsus
1175 5205 1416 5264 excessit,
1450 5215 1501 5254 ut
1544 5218 1651 5254 rem
1683 5207 1968 5257 domestico
1997 5215 2137 5256 testi-

613 5273 787 5328 monio
807 5276 1130 5329 conﬁrmem.
1166 5275 1354 5325 Verum
1388 5275 1435 5323 in
1469 5273 1716 5333 caSIellis,
1746 5284 1797 5324 et
1838 5275 1940 5324 ruri
1981 5275 2137 5338 potis-

612 5349 825 5406 simum,
859 5346 1048 5395 multus
1076 5353 1155 5393 est
1203 5358 1320 5393 usus
1370 5340 1720 5405 agnominum,
1779 5345 1965 5404 visque
2009 5343 2140 5391 ullus

616 5415 872 5464 interdum
921 5421 1000 5463 est
1043 5429 1071 5462 e
1117 5412 1316 5461 rusticis
1347 5413 1393 5459 in
1418 5408 1587 5474 aliquo
1612 5409 1743 5469 vico,
1769 5413 1852 5474 qui
1883 5426 1942 5461 ex
1987 5424 2142 5473 agno-

621 5486 777 5542 Initie,
808 5495 959 5546 quam
1009 5495 1070 5533 ex
1115 5480 1341 5537 "Omine,
1372 5475 1568 5526 non'i‘sit
1598 5476 1767 5546 notior
1813 5477 1990 5546 vicinis
2015 5476 2138 5545 suis.

622 5549 757 5599 idem
786 5545 1002 5600 a’GaIIis
1035 5551 1082 5599 in
1108 5546 1287 5597 militia
1317 5546 1502 5604 factum
1527 5545 1886 5594 animadverti.
1913 5545 2031 5594 Have
2053 5559 2143 5592 an—

627 5628 727 5666 tem
758 5620 1051 5681 agnomina,
1084 5627 1373 5681 quanquam
1425 5612 1709 5681 necessitas
1759 5610 2033 5681 aliquando
2069 5611 2146 5663 in-

630 5679 843 5737 Vexisse
873 5679 1124 5747 videatur,
1158 5692 1383 5734 attamen
1426 5679 1868 5746 progredientibus
1919 5681 2146 5741 seculis.

2221 4594 2340 4646 dam
2366 4595 2498 4645 male
2525 4594 2738 4645 feriatus
2753 4593 2929 4654 ardor,
2953 4592 3133 4644 eadem
3161 4591 3437 4643 instituere
3461 4601 3726 4654 censuerit.

2223 4663 2419 4728 Nempe
2450 4660 2499 4714 in
2527 4675 2677 4713 sacro
2705 4652 2925 4713 lavacro
2959 4674 3109 4711 suum
3139 4661 3327 4727 cuique
3358 4652 3544 4712 nomhn
3587 4660 3731 4722 impo-

2226 4735 2484 4783 nebatur:
2537 4729 2627 4780 sed
2679 4729 2869 4794 saepius
2913 4728 3226 4794 prandebat
3274 4728 3495 4780 alterum
3543 4741 3728 4780 nomen.

2226 4799 2362 4865 quod
2391 4807 2479 4848 aut
2509 4809 2629 4850 ante
2652 4797 3091 4864 baptismum,aut
3115 4808 3291 4862 postea
3321 4797 3609 4858 domestici,
3632 4795 3731 4865 rici-

2231 4864 2454 4928 nive,ex
2489 4866 2703 4918 arbitrio
2744 4880 2839 4918 suo
2895 4867 3069 4918 invitis
3116 4865 3423 4930 plerumque
3467 4864 3732 4917 hominibus

2230 4936 2577 4998 apponebant.
2612 4938 2855 4998 Honesta,
2889 4933 3144 4998 fateor,et
3165 4945 3308 5000 grata
3333 4949 3394 4986 ex
3429 4934 3493 4986 iis
3514 4944 3733 5000 perquam

2232 5005 2392 5056 multa
2431 5003 2605 5064 luere;
2652 5003 2742 5055 sed
2773 5018 2875 5054 non
2908 5016 3071 5069 pauca
3097 5001 3494 5068 vituperationis
3516 5011 3566 5055 et
3589 5014 3735 5054 aeota-

2237 5074 2392 5123 matis
2433 5075 2660 5135 Speciem
2700 5072 3010 5124 referebant.
3043 5072 3121 5123 An
3169 5071 3368 5135 antiqui
3420 5069 3735 5138 Langobardi.

2235 5141 2403 5191 donec
2435 5155 2613 5191 eorum
2634 5153 2849 5202 regnum
2872 5154 2932 5193 ac
2958 5141 3156 5192 iortuna
3189 5139 3240 5190 in
3271 5138 3412 5190 Italia
3437 5139 3599 5204 stetit,
3621 5138 3740 5190 hisce

2239 5208 2472 5259 ludibriis
2520 5208 2926 5270 delectarentur,
2976 5210 3204 5260 nondum
3253 5206 3592 5274 deprehendi.
3621 5205 3740 5260 Ultra

2240 5276 2375 5326 enim
2423 5290 2577 5340 quam
2631 5275 2876 5336 creditur,
2929 5275 3176 5341 quidquid
3216 5277 3502 5330 nobilitatis
3541 5274 3741 5329 coloret»

2242 5343 2430 5395 laedere
2487 5351 2706 5408 poterat,
2758 5343 2829 5395 illi
2883 5347 3283 5405 aversabantur;
3335 5358 3503 5408 neque
3555 5345 3744 5398 fortasse

2242 5414 2512 5477 quisquam
2543 5413 2813 5464 tolerasset
2840 5414 3094 5479 ejusmodi
3138 5413 3366 5470 nomina.
3389 5413 3432 5465 si
3454 5410 3742 5479 dicteriin-

2245 5490 2346 5528 tam
2381 5479 2767 5542 importassent.
2801 5477 2988 5532 Verum
3020 5482 3118 5533 sub
3157 5482 3414 5534 Carolinis
3461 5477 3742 5533 (Latiaribus.

2245 5558 2304 5596 ac
2333 5545 2518 5621 deinde
2540 5549 2864 5621 irequentins
2891 5549 2989 5621 sub
3015 5551 3570 5621 regibiissubsecutis,
3591 5549 3744 5600 eadem

2247 5615 2523 5680 agnomina
2555 5618 2606 5668 in
2636 5630 2731 5670 usu
2753 5615 2920 5678 fuisse
2935 5618 3274 5685 deprehendi.
