3820 6236
140 384 153 433 l
163 383 252 436 295

1148 384 1529 439 DIPLOMA'I‘A
1572 386 1842 441 access.
1885 364 2216 442 semen.

3153 359 3301 437 ιδεμ

134 494 426 567 ilarauccoli,
463 504 517 546 et
566 494 657 547 filii
702 502 756 547 ct
785 503 997 572 nepotes
1044 494 1251 561 Lupicis
1277 509 1395 548 cum
1440 494 1562 549 ﬁliis
1587 504 1639 549 et
1671 501 1717 555 Α
1744 496 1906 549 dente
1954 510 2045 563 per
2093 495 2205 563 ipso
2244 495 2399 547 ﬂuvio
2444 508 2606 561 usque
2650 495 2713 547 ad
2742 508 2927 556 aquam
2964 508 3065 559 que
3093 494 3281 545 dicitur

131 588 311 638 tiliabns
328 602 523 649 eorum,
555 598 607 638 et
637 586 727 639 lilii
754 595 806 639 ct
836 596 1051 654 nepotes
1076 587 1363 650 Luperissi,
1393 595 1446 641 et
1472 588 1561 639 lilii
1583 597 1634 640 et

129 686 321 741 nepotes
366 678 595 741 Sanduli,
640 688 693 732 et
733 678 821 731 lilii
860 687 914 731 et
957 687 1173 745 nepotes
1220 679 1485 742 Bonusoli,
1516 695 1631 732 cum

130 764 231 816 ﬁliis
266 774 317 816 et
342 764 765 819 iiliabus‘eorntn.
807 765 928 820 Hac
955 768 1129 820 omnia
1152 784 1267 839 qua
1298 768 1635 833 pra-diximus

128 862 281 905 nostra
318 848 749 908 excellentissimi
792 867 1019 924 potestas
1075 858 1127 911 in
1178 859 1429 926 praedicto
1454 868 1636 912 sancto

126 941 341 995 cmunbio
389 944 623 1005 concessi
674 945 736 998 ad
783 948 1152 1013 perpetualiter
1206 948 1535 1012 habendum,
1584 958 1637 1001 et

127 1030 485 1097 possidendum.
537 1029 749 1101 Scripto
802 1046 1062 1104 pracepto
1116 1036 1229 1103 ipse
1280 1051 1373 1105 per
1436 1036 1636 1089 Bertari

127 1118 326 1171 notario.

88 1260 91 1261 ν
185 1212 349 1262 Actum
372 1209 420 1261 in
444 1209 581 1263 hunc
606 1224 807 1265 sacrum
833 1212 1251 1273 Beuebentauum
1284 1222 1517 1267 nostrum
1547 1228 1636 1282 pa-

126 1299 304 1364 latium,
326 1298 858 1382 mense’Septembrio,
874 1302 1157 1359 indictione
1168 1314 1348 1372 quarta
1365 1304 1633 1357 decima...

751 1409 938 1464 XXXI.

127 1497 401 1573 Prmcrptunt
880 1500 1333 1573 Langobardorum
1358 1502 1632 1573 profiteo-

181 1568 382 1621 dcalario
405 1570 581 1623 abbate
608 1568 917 1625 Cossinius“
931 1568 1217 1626 mea
1240 1572 1395 1641 (anno
1413 1568 1562 1640 768).

356 1732 373 1739 ,
637 1682 655 1740 (
680 1680 748 1729 Ex
772 1678 926 1742 Teati,
949 1681 1087 1741 ibid.)

185 1758 235 1811 In
261 1760 456 1815 nomine
482 1776 701 1815 summa:
726 1773 778 1817 et
810 1762 1085 1816 individua
1111 1762 1412 1829 Trinitatis,
1442 1750 1628 1828 Patris,

123 1858 167 1901 et
207 1846 333 1913 Filii,
358 1860 409 1903 et
449 1850 673 1918 Spiritus
701 1853 887 1905 sancti.
934 1852 1231 1908 Desiderius
1265 1856 1448 1909 mterni
1493 1858 1631 1922 regis

123 1937 406 2005 sulragaute
468 1939 696 2008 potentia
773 1942 1229 2017 Longobardorum
1288 1958 1404 1998 rex.
1469 1943 1629 2007 Regni

96 2026 267 2080 'nostri
292 2038 493 2091 statum,
523 2038 577 2082 et
603 2032 723 2083 vitae
750 2041 1083 2098 augmentum
1137 2032 1201 2085 ad
1249 2032 1347 2086 hoc
1376 2033 1631 2102 prolicere

124 2117 377 2182 credimus,
418 2116 463 2170 si
509 2117 843 2173 ecclesiarum
875 2118 1172 2172 Deictirarn
1222 2112 1459 2189 gerentes
1504 2136 1628 2173 cou-

108 2198 261 2267 tinuis
306 2216 437 2265 eam,
492 2216 717 2272 suosque
760 2207 1049 2259 servitnres
1090 2203 1317 2259 ditcmus
1365 2208 1629 2263 beneficiis

124 2300 257 2354 atque
275 2293 585 2348 muneribus.
614 2293 866 2361 Quocirca
898 2306 1193 2350 nostrorum
1236 2296 1459 2352 ildelium
1482 2312 1630 2367 saga-

126 2377 238 2431 ritas
278 2381 487 2445 noverit,
538 2382 765 2450 qualiter
796 2385 1191 2452 adpetitionem
1249 2400 1341 2440 nos
1390 2388 1629 2456 religioso

126 2466 224 2519 viro
244 2468 585 2523 ‘l'tienttnrnari
611 2472 783 2526 abbati
804 2488 865 2524 ex
888 2475 1205 2542 monasterio
1228 2476 1391 2527 sancti
1421 2476 1628 2529 confes-

126 2559 243 2609 soris
262 2556 439 2611 Christi
481 2559 764 2625 Benedicti,
793 2561 930 2628 quod
954 2571 1035 2614 est
1054 2570 1410 2615 constructum
1437 2561 1487 2614 in
1516 2544 1631 2616 loco

122 2646 195 2710 qui
246 2645 424 2699 dicitur
467 2634 714 2703 Casinum
756 2649 997 2703 Castrum
1026 2689 1040 2712 ,
1087 2651 1172 2705 ubi
1223 2652 1630 2705 sacratissimum

124 2750 287 2802 corpus
306 2735 412 2805 ejus
438 2739 704 2793 humatum
743 2728 846 2807 est,
874 2742 979 2796 tale
1002 2742 1310 2801 beneficium
1354 2744 1487 2797 circa
1516 2758 1631 2798 mo-

127 2829 379 2881 nasterium
420 2829 588 2900 ipsum
630 2831 722 2885 visi
766 2830 958 2886 fuimus
985 2832 1327 2896 concessisse,
1358 2834 1496 2888 unde
1522 2850 1634 2889 mo-

127 2916 258 3002 nachi
276 2916 371 2987 [eo
395 2918 697 2984 servientes,
725 2928 779 2974 et
807 2936 901 2994 pro
938 2911 1110 2985 nobis,
1132 2932 1186 2975 et
1211 2930 1399 2977 cuncto
1444 2926 1634 2989 populo

123 3000 383 3059 Christiano
405 3016 704 3071 esorantes,
731 3009 911 3062 vivere
939 3007 1161 3063 valeant.
1196 3008 1249 3061 Id
1273 3021 1353 3063 est
1381 3020 1566 3076 terras,
1583 3022 1637 3066 et

124 3082 261 3147 silvas
285 3096 411 3150 sacri
438 3097 602 3150 nostri
659 3097 831 3165 palatii
877 3098 1195 3165 pertinentes
1237 3115 1329 3167 per
1356 3100 1447 3153 bas
1478 3102 1627 3156 lines.

126 3187 157 3234 Α
186 3182 329 3249 prima
362 3186 471 3237 iine‘
489 3186 557 3238 de
578 3185 691 3253 ipso
731 3186 994 3263 Carnellu,
1022 3198 1073 3240 et
1097 3190 1359 3257 quomodo
1380 3191 1501 3243 salit
1540 3207 1630 3260 per

126 3272 217 3337 ipsa
241 3273 437 3338 Bsntra,
466 3280 629 3342 usque
657 3275 707 3327 in
737 3275 847 3328 rivo
870 3276 1033 3342 sicco,
1055 3286 1107 3329 et
1130 3279 1347 3331 saliente
1375 3284 1535 3345 usque
1564 3284 1641 3335 ad

118 3354 359 3419 ecclesiam
389 3366 553 3420 sancti
599 3367 824 3428 Martini,
847 3377 900 3421 et
924 3366 1184 3434 quomodo
1205 3368 1367 3435 pergit
1393 3385 1485 3437 per
1514 3370 1626 3437 ipse

118 3455 257 3511 criste
295 3457 356 3511 de
395 3454 572 3513 monte
594 3461 762 3513 sancti
811 3459 967 3513 Petri.
1002 3459 1077 3513 De
1103 3458 1327 3512 secunda
1348 3470 1493 3528 parte
1524 3463 1626 3515 line

119 3560 241 3600 serra
262 3550 321 3603 de
349 3560 523 3603 monte
551 3551 638 3617 qui
662 3551 852 3604 dicitur
874 3551 1073 3615 Cismn,
1098 3562 1150 3605 et
1170 3550 1439 3620 quomodo,
1458 3552 1625 3627 pergit

120 3651 341 3700 perserra
366 3639 430 3692 tle
459 3650 635 3693 monte
678 3640 763 3709 qui
793 3634 1284 3708 dicitur’Aqnilone,
1313 3649 1365 3694 et
1394 3642 1533 3695 vadit
1559 3643 1623 3694 ad

118 3724 263 3777 locum
289 3728 370 3794 qui
420 3726 611 3781 dicitur
636 3728 700 3782 de
729 3727 944 3795 Pupplo,
983 3740 1035 3782 et
1081 3730 1339 3796 quomodo
1370 3731 1534 3800 pergit
1560 3731 1623 3784 ad

116 3814 259 3866 locum
314 3815 642 3880 Viticusum,
696 3827 750 3871 et
788 3819 940 3872 ‘vadit
990 3819 1244 3872 directum
1298 3819 1363 3871 ad
1425 3806 1622 3888 Aquam

116 3903 367 3971 fundatam,
419 3918 472 3961 et
514 3908 777 3975 quomodo
820 3908 1056 3965 ascendit
1078 3924 1169 3977 per
1192 3909 1359 3974 ipsum
1394 3920 1622 3963 montem

113 3995 183 4056 Qui
207 4009 281 4050 est
305 4014 459 4066 super
489 3998 697 4063 Casale,
726 4010 780 4054 et
800 4002 1055 4067 ‘pervenit
1088 4003 1151 4054 ad
1183 4001 1369 4055 badttm
1399 4001 1625 4056 ﬂuminis

114 4083 187 4147 qui
212 4084 390 4139 dicitur
418 4088 624 4154 Rapidi,
654 4098 707 4141 et
736 4091 971 4153 pervenit
993 4090 1049 4143 in
1068 4105 1253 4158 aquam
1280 4090 1531 4154 Melariui,
1570 4101 1623 4143 et

112 4175 345 4234 quomodo
392 4177 559 4243 pergit
602 4192 693 4241 per
738 4177 876 4244 ipsas
905 4180 1091 4231 cristas
1129 4181 1403 4242 montium,
1426 4190 1476 4241 et
1498 4194 1619 4246 per-

113 4263 232 4314 venit
254 4262 313 4315 ad
342 4274 529 4318 terram
558 4266 729 4319 albam
756 4282 770 4327 ;
801 4266 923 4321 inde
953 4267 1094 4321 venit
1120 4268 1182 4320 ad
1236 4269 1431 4321 furcam
1456 4269 1619 4323 sancti

1733 583 1885 647 Cosa,
1906 594 1957 638 et
1976 584 2094 638 salit
2112 598 2199 651 per
2222 584 2386 651 ipsum
2405 593 2633 637 montem
2656 584 2741 651 qui
2763 579 2963 635 dicitur
2980 586 3143 635 sancti
3174 581 3277 633 Do-

1736 657 1861 723 nati.
1888 670 1961 724 De
1977 680 2159 738 quarta
2178 679 2321 739 parte
2343 670 2445 724 line
2473 672 2639 724 media
2658 684 2803 724 serra
2826 670 2889 723 de
2907 680 3082 723 monte
3107 672 3275 723 sancti

1734 759 1945 822 Donati,
1996 774 2047 815 et
2072 761 2332 829 quomodo
2360 761 2633 817 descendit
2659 774 2816 827 super
2846 759 2941 826 ipsi
2990 760 3277 813 monticelli

1733 849 1799 901 de
1828 851 2006 917 Marri,
2036 861 2090 905 et
2111 852 2251 909 vadit
2270 852 2331 904 ad
2362 852 2457 919 ipsi
2487 851 2646 918 pescli
2685 850 2772 918 qui
2810 860 2928 902 sunt
2957 849 3021 901 ad
3053 850 3184 916 pede
3210 850 3278 904 de

1735 950 1911 995 monte
1956 940 2047 1007 qui
2100 942 2290 996 dicitur
2344 942 2499 995 Balba
2527 949 2637 1008 ,κει
2676 943 2939 1008 quomodo
2973 942 3110 995 vatlit
3144 941 3277 994 inde

1734 1043 1891 1094 super
1917 1031 2049 1083 duos
2076 1030 2276 1093 leones,
2329 1041 2382 1085 et
2425 1030 2545 1085 inde
2574 1031 2695 1085 salit
2738 1046 2893 1096 super
2915 1032 3023 1098 ipse
3047 1045 3190 1083 serre
3210 1033 3277 1090 de

1734 1116 1938 1184 Casale,
1972 1130 2025 1173 et
2054 1121 2173 1174 inde
2200 1122 2466 1175 descendit
2484 1135 2639 1188 super
2669 1122 2836 1187 ipsum
2864 1132 3092 1174 montem
3116 1136 3276 1187 super

1737 1206 1846 1274 ipsa
1886 1209 2005 1263 villa
2054 1211 2120 1264 de
2163 1210 2461 1276 Gareliano,
2489 1221 2542 1265 et
2571 1212 2690 1265 inde
2726 1210 2865 1264 vadit
2910 1226 3065 1277 super
3108 1212 3274 1278 ipsum

1740 1300 1971 1366 pesclum
2000 1301 2088 1369 qui
2121 1302 2421 1355 nominatur
2444 1302 2617 1368 Cripta
2648 1301 2998 1369 imperatoris,
3033 1316 3193 1369 usque
3222 1302 3278 1353 in

1735 1388 1893 1441 ﬂuvio
1936 1392 2023 1458 qui
2062 1391 2359 1458 nominatur
2402 1391 2702 1454 Gareliano,
2731 1402 2784 1445 et
2812 1391 3126 1443 ascendente
3180 1406 3272 1457 per

1735 1480 1848 1546 ipso
1868 1479 2024 1533 ﬂuvio
2045 1494 2207 1549 usque
2232 1481 2294 1533 ad
2318 1482 2517 1549 priores
2543 1480 2693 1533 ﬂues.
2722 1478 3101 1534 Conﬂrmamus
3116 1480 3276 1531 etiam

1735 1569 1786 1621 in
1826 1578 2136 1636 perpetuum
2180 1570 2352 1642 eidem
2392 1569 2675 1624 venerabili
2719 1569 2832 1622 loco
2861 1567 3108 1622 ecclesias
3142 1567 3270 1622 bas:

1733 1648 1901 1713 sancti
1941 1659 2119 1714 Jacobi
2152 1660 2204 1714 in
2250 1660 2486 1725 Tremiti,
2530 1662 2697 1715 sancti
2721 1659 2937 1715 Joannis
2965 1660 3014 1711 in
3051 1659 3271 1725 Venere,

1734 1757 1928 1802 sancta
1945 1749 2117 1804 Maria
2142 1749 2193 1802 in
2210 1748 2411 1819 Cingla,
2427 1760 2619 1803 saucue
2649 1749 2822 1823 Hatria
2844 1750 2893 1802 in
2922 1750 3268 1813 Plutnbarola,

1664 1821 1708 1879 Β
1733 1838 1899 1892 sancti
1933 1837 2108 1892 Focati
2130 1839 2180 1891 in
2206 1838 2394 1893 Lesina
2419 1853 2539 1892 cum
2566 1828 2781 1905 piscaria
2803 1854 2916 1893 sua.
2943 1838 2997 1892 In
3019 1841 3270 1893 comitatu

1712 1940 1862 1993 vero
1914 1927 2201 1982 Marsorum
2261 1928 2391 1982 cella
2444 1928 2607 1983 sancti
2669 1928 2931 1982 Benedicti
2995 1930 3045 1981 in
3102 1929 3271 1991 Tilia,

1733 2020 1948 2072 sanctus
1971 2019 2261 2073 Victorinus
2283 2017 2334 2071 in
2356 2017 2568 2071 Celano.
2600 2018 2655 2071 ln
2681 2019 2847 2073 .Teate
2873 2030 3083 2073 sanctus
3112 2019 3269 2073 Libe-

1731 2116 1872 2159 rator
1898 2121 2067 2175 super,
2082 2107 2295 2162 ﬂuvium
2320 2107 2595 2171 Laentum,
2616 2108 2779 2174 sancti
2806 2108 2984 2175 Angeli
3014 2109 3065 2160 in
3096 2118 3275 2161 monte

1729 2193 1932 2261 Plano,
1973 2196 2246 2259 castellum
2298 2196 2465 2249 sancti
2514 2196 2696 2265 Angeli
2723 2236 2738 2260 ,
2782 2197 3053 2250 castellum
3102 2200 3271 2250 sancti

1728 2285 1889 2351 Petri,
1942 2294 2147 2341 curtem
2176 2288 2341 2340 sancti
2368 2286 2602 2342 Januarii
2644 2302 2761 2341 cum
2789 2286 3115 2354 pertinentiis
3156 2286 3268 2340 suis

1731 2378 1866 2432 inter
1916 2378 2010 2431 bas
2055 2377 2219 2441 lines;
2261 2382 2327 2431 ab
2371 2393 2475 2431 uno
2510 2378 2676 2434 latere
2702 2378 2805 2431 ﬂne
2842 2378 3005 2446 cripta
3032 2376 3269 2431 Latronis

1727 2484 1844 2537 quae
1868 2480 1950 2523 est
1976 2470 2074 2523 sub
2094 2470 2395 2524 montlcrllo
2423 2471 2783 2536 Sarraccnico,
2814 2480 2869 2525 et
2887 2472 3008 2527 inde
3036 2472 3271 2525 ascendtt

1731 2558 1782 2611 in
1832 2558 2065 2612 Stadium
2115 2559 2182 2613 de
2229 2561 2478 2629 ﬂagella;
2530 2559 2596 2613 de
2646 2561 2749 2613 alio
2794 2561 2957 2615 latere
3009 2560 3269 2629 quomodo

1732 2647 2000 2700 descendit
2036 2647 2088 2700 in
2139 2660 2326 2714 aquam
2356 2647 2757 2715 Frassiningam,
2779 2648 2845 2701 ed
2874 2648 2994 2701 inde
3018 2648 3176 2701 mittit
3214 2648 3267 2702 in
3364 2696 3377 2713 ,

1732 2722 1900 2797 rivum
1922 2756 1925 2757 '
1950 2739 2233 2792 Bacinnum
2274 2746 2328 2792 et
2363 2720 2502 2791 vadit
2536 2739 2590 2792 in
2625 2746 2832 2807 puteum
2868 2739 2935 2792 de
2983 2736 3297 2805 Capetano,‘

1734 2826 1859 2881 inde
1879 2828 1933 2881 in
1962 2826 2213 2881 fossatum
2232 2810 2397 2881 sancti
2419 2828 2672 2895 Januarii,
2711 2820 2845 2882 etin
2875 2827 3181 2891 Bosentem;
3203 2828 3271 2882 de

1736 2916 1841 2969 alio
1869 2916 2033 2969 latere
2060 2915 2179 2968 linis
2208 2914 2383 2968 Bisara
2414 2915 2463 2967 in
2493 2916 2630 2970 viam
2654 2930 2755 2985 que
2784 2916 2923 2969 vadit
2950 2917 3003 2969 in
3032 2916 3266 2969 lacunam

1736 3020 1893 3073 supra
1930 3014 2165 3059 sanctum
2190 3004 2483 3071 Donatum;
2514 3005 2635 3059 hinc
2675 3006 2728 3059 in
2772 2990 3050 3074 Figar‘um,‘
3074 3007 3193 3059 inde
3216 3008 3295 3067 in,

1738 3096 1986 3149 fossatum
2015 3100 2083 3151 de
2101 3105 2279 3151 saneta
2308 3096 2487 3161 Lucis,
2522 3104 2579 3149 et
2603 3087 2835 3152 ascendit
2860 3112 2952 3164 per
2970 3112 3154 3163 aquam
3179 3098 3273 3151 iri-

1732 3187 1905 3255 gidam
1951 3186 2003 3239 in
2052 3187 2216 3253 limite
2241 3188 2310 3242 de
2336 3200 2512 3242 monte
2542 3188 2725 3253 Plano,
2754 3197 2808 3243 et
2834 3188 2967 3243 sicut
2995 3189 3135 3243 vadit
3172 3191 3273 3243 sub

1730 3278 1856 3342 ipsis
1908 3277 2156 3331 limitibus
2204 3279 2257 3331 in
2292 3276 2486 3332 iossatu
2532 3277 2782 3341 Garifuli,
2810 3285 2883 3332 ’et
2920 3278 2992 3332 ita
3030 3278 3169 3332 vadit
3218 3280 3268 3331 iu

1728 3365 1937 3419 Mento.
1970 3366 2110 3421 Inter
2134 3370 2265 3433 quos
2293 3367 2421 3419 fines
2447 3365 2570 3419 nulli
2593 3366 2788 3419 homini
2803 3366 2993 3439 aliquid
3009 3366 3267 3430 dedimus,

1664 3464 1667 3467 ‘
1726 3456 1817 3508 sed
1868 3455 2003 3509 sicut
2040 3454 2167 3509 fisco
2202 3450 2371 3523 regali
2421 3456 2712 3524 pertinebat
2755 3457 2929 3509 omnia
2984 3458 3035 3509 in
3086 3458 3269 3512 eodem

1724 3544 1970 3599 emnobio
2022 3544 2325 3599 obtulimus.
2370 3545 2571 3602 Dehinc
2622 3545 2840 3599 ecclesia
2873 3538 3067 3600 sancite
3093 3545 3268 3599 lat-ite

1727 3637 1779 3689 in
1820 3637 2076 3701 Bacinno;
2109 3638 2281 3691 sancti
2305 3636 2490 3692 Felicis
2514 3636 2566 3689 in
2609 3635 2925 3700 Pastoricio;
2973 3640 3138 3689 sancti
3177 3636 3270 3690 lle-

1727 3728 1995 3782 nedictiin
2016 3722 2201 3791 'l‘erri;
2248 3728 2414 3781 sancti
2444 3726 2546 3780 Viti
2570 3741 2733 3795 supra
2754 3728 2945 3782 numen
2982 3727 3230 3782 Lavinum
3248 3746 3270 3782 ζ

1724 3816 1889 3868 sancti
1937 3816 2097 3870 Helia
2141 3817 2192 3869 in
2242 3816 2577 3884 Selangario;
2640 3818 2805 3869 sancti
2856 3816 3064 3869 Comitii
3118 3817 3266 3883 juxta

1724 3908 1890 3960 rivum
1914 3906 2166 3969 'l‘rulum;
2198 3906 2361 3959 sancti
2390 3906 2549 3959 Felici
2579 3907 2629 3959 in
2660 3906 2928 3969 Pulverio;
2956 3908 3129 3960 sancti
3160 3890 3264 3961 Ca—

1723 3996 1827 4049 listi
1878 3998 1929 4048 in
1987 3996 2180 4059 Ilianor;
2243 3996 2404 4049 sancti
2466 3994 2753 4049 Mamtnetis
2810 3995 3032 4058 ibidem;
3076 4006 3271 4049 sancite

1723 4083 1899 4136 Mariae
1950 4084 2003 4135 in
2055 4083 2367 4146 Ponctiano;
2409 4084 2572 4136 sancti
2623 4083 2775 4136 llarei
2824 4084 3046 4147 ibidem;
3102 4086 3269 4137 sancti

1726 4172 2013 4227 Eleutherii
2061 4174 2113 4226 itt
2162 4172 2323 4241 Bupi;
2379 4174 2545 4226 sancti
2601 4172 2709 4225 Pali
2766 4172 2959 4225 ibidem
3000 4187 3099 4225 una
3144 4187 3265 4226 cum

1722 4259 1910 4314 Castro
1951 4261 2220 4325 Calcaria;
2272 4261 2438 4314 sancti
2494 4260 2698 4314 Erasmi
2742 4261 2794 4314 in
2826 4259 3029 4315 Cerritu
3077 4262 3267 4330 plano;

114 4344 363 4415 Valentini,
396 4356 448 4405 et
486 4353 749 4420 quomodo
776 4355 1009 4408 ascendit
1045 4370 1136 4420 per
1162 4354 1344 4407 cristas
1371 4357 1620 4407 montium
1725 4351 1889 4405 sancti
1914 4350 2164 4405 Salvatori
2194 4360 2247 4404 et
2276 4351 2439 4405 sancti
2468 4350 2671 4405 Martini
2702 4351 2926 4416 ibidem;
2974 4349 3136 4405 saucii
3171 4355 3264 4405 lie-

110 4440 177 4500 qui
215 4451 328 4493 sunt
367 4441 504 4496 inter
527 4434 679 4496 Atina
707 4452 761 4496 et
807 4442 1101 4506 Vallelucis,
1156 4454 1207 4497 et
1236 4454 1382 4497 recto
1408 4430 1617 4497 tramite
1651 4481 1699 4537 υ
1726 4433 1939 4507 dedicti,
1987 4448 2182 4492 sancta:
2232 4426 2423 4498 Mariae,
2467 4448 2520 4491 et
2557 4440 2729 4493 sancti.
2770 4438 2982 4492 Comitii
3009 4442 3058 4491 iu
3089 4440 3268 4505 0rno.;

109 4530 316 4589 Pervenit
361 4531 423 4583 ad
464 4544 661 4599 pretam
708 4534 975 4599 scriptam,
1004 4541 1057 4586 et
1078 4533 1314 4585 ascendit
1336 4533 1400 4585 ad
1420 4548 1615 4587 serram
1652 4528 1690 4537 '
1723 4529 1889 4582 sancti
1934 4528 2135 4591 Calisti,
2176 4528 2343 4582 sancti
2397 4528 2535 4582 Petri
2578 4531 2628 4582 in
2693 4531 3035 4594 Mallianclla;
3101 4534 3269 4585 sancti

110 4617 289 4675 montis,
314 4621 398 4687 qui
438 4621 629 4673 dicitur
679 4621 948 4685 Urdicosa,
995 4634 1046 4675 et
1089 4624 1255 4689 pergit
1304 4625 1617 4689 superjpse
1700 4619 1908 4690 ‘Mauri,
1936 4629 1990 4673 et
2011 4621 2175 4672 sancti
2206 4619 2390 4674 Renati
2413 4622 2463 4673 in
2481 4622 2926 4684 Taratonlano,et
2957 4623 3103 4691 picztt
3130 4625 3264 4677 Cor-

111 4708 337 4769 pesclora,
383 4710 471 4777 qui
519 4710 710 4763 dicitur
760 4710 1051 4773 Falconari,
1080 4713 1390 4779 etpervenit
1418 4713 1480 4765 ad
1506 4714 1619 4778 ipse
1723 4711 1957 4775 varium;
2020 4710 2187 4763 sancti
2253 4710 2430 4764 Calisti
2488 4710 2537 4761 iu
2594 4710 2726 4762 valle
2778 4726 2932 4777 supra
2977 4712 3265 4776 Laentumc

111 4792 204 4847 linis
249 4798 332 4864 qui
376 4806 499 4851 sunt
543 4798 679 4852 inter
720 4809 947 4859 montes.
977 4813 1007 4851 e
1029 4798 1220 4865 quibus
1250 4814 1383 4853 unus
1407 4810 1616 4853 vocatur
1722 4809 1915 4852 sancta:
1940 4800 2117 4853 Maria:
2155 4813 2309 4866 supra
2355 4801 2520 4851 favum
2546 4800 2610 4853 de
2636 4799 2864 4864 Laenio;
2893 4803 3055 4854 sancti
3089 4802 3267 4855 Suvini

109 4883 368 4951 Spinacius,
420 4896 475 4941 et
528 4887 660 4940 alter
710 4887 1007 4951 Porcacius,
1039 4896 1093 4942 et
1143 4873 1264 4941 inde
1292 4889 1523 4942 ascendit
1551 4888 1617 4941 atl

108 4971 263 5027 cristas
286 4977 474 5029 montis
503 4978 591 5043 qui
613 4985 825 5030 vocatur
848 4975 1019 5039 Caira,
1050 4988 1101 5031 et
1128 4978 1364 5044 pervenit
1402 4978 1468 5030 ad
1510 4980 1620 5043 ipse

112 5071 228 5125 putre
272 5080 427 5131 super
450 5080 582 5135 aqua
613 5060 896 5130 vivolafet
922 5068 1159 5121 ascendit
1202 5069 1265 5120 ad
1315 5070 1502 5123 collem
1532 5060 1641 5135 qui

109 5164 290 5209 vocatur
311 5155 605 5211 Gimbiruti.
626 5158 697 5212 De
717 5158 868 5211 tertia
902 5171 1045 5227 parte
1069 5162 1332 5228 quomodo
1352 5162 1624 5215 descendit

108 5256 179 5305 per
203 5247 361 5315 ipsum
393 5245 775 5314 querquituldm
805 5260 857 5302 et
884 5248 1027 5301 vadit
1072 5249 1329 5304 directum
1358 5252 1408 5304 in
1453 5250 1621 5318 ipsum

109 5341 321 5395 fossatum
360 5344 503 5409 juxta
555 5342 833 5396 ecclesiam
883 5344 1049 5396 sancti
1102 5344 1329 5409 Damasi,
1374 5353 1426 5397 et
1459 5345 1624 5410 pergit

105 5428 322 5485 directum
367 5434 416 5487 in
463 5433 611 5487 silice
661 5432 725 5485 ad
772 5433 940 5485 locum
994 5432 1080 5501 qui
1133 5434 1320 5487 dicitur
1375 5438 1508 5487 Arcu
1560 5436 1623 5487 de

105 5514 293 5585 Giszuli,
324 5532 375 5575 et
400 5523 661 5591 quomodo
686 5521 827 5576 vadit
851 5518 915 5574 aii
963 5523 1131 5576 lacum
1176 5523 1523 5589 Badeprandi,
1567 5537 1619 5577 et

106 5608 202 5661 inde
226 5612 385 5679 pergit
408 5616 470 5663 ad
502 5615 671 5666 rivum
702 5611 789 5680 qui
819 5624 1031 5666 vocatur
1060 5613 1377 5677 Marone,et
1395 5616 1616 5682 qualiter

104 5699 339 5757 descendit
364 5704 414 5758 in
438 5703 654 5759 ﬂuvium
682 5702 772 5774 qui
800 5711 1013 5759 vocatur
1039 5703 1307 5772 Catuellu,
1334 5715 1389 5760 et
1428 5720 1610 5760 ascen-

1725 4892 1773 4943 in
1804 4890 2116 4954 Trevanico,
2163 4891 2326 4943 sancti
2369 4891 2625 4943 Clementi
2672 4892 2721 4943 in
2756 4891 3040 4955 Plnmbata,
3073 4903 3266 4945 sancta:

1726 4982 1898 5035 Maria!
1930 4984 1978 5035 in
2007 4982 2164 5034 ﬂuvio
2209 4969 2367 5045 Foco,
2414 4982 2578 5033 sancti
2629 4981 2765 5034 Petri
2797 4983 2845 5033 in
2876 4982 3123 5048 Lolliano,
3156 5000 3265 5034 nn»

1728 5072 2016 5125 nasterinm
2042 5071 2208 5123 sancti
2235 5071 2505 5133 Severini;
2538 5081 2732 5123 sancta:
2780 5070 2952 5125 Maria:
2995 5072 3045 5125 in
3098 5072 3263 5141 Bipat;

1726 5162 1892 5215 sancti
1922 5162 2143 5215 Andreae
2190 5161 2241 5213 in
2281 5160 2415 5215 colle
2441 5162 2505 5213 de
2530 5160 2677 5225 Albo,
2706 5162 2877 5216 sancti
2896 5162 3110 5215 Petriin
3152 5163 3263 5223 Ari,

1727 5253 1894 5305 Sancti
1924 5252 2103 5319 Angeli
2134 5262 2253 5305 ante
2296 5252 2556 5304 civitatem
2595 5253 2863 5303 Ortonam.
2898 5252 3173 5306 Castellqu
3202 5252 3269 5305 dc

1731 5341 1897 5409 Ungo,
1923 5341 2190 5394 castellum
2219 5342 2285 5394 de
2313 5340 2485 5399 Prato.
2536 5350 2729 5393 sanctae
2767 5338 2946 5393 Crueis
2987 5341 3036 5391 in
3086 5339 3268 5393 Castro

1725 5432 1929 5491 Casale,
1962 5432 2335 5484 monasterium
2360 5430 2528 5482 sancti
2561 5431 2832 5492 Pancratii,
2865 5431 3029 5482 sancti
3060 5430 3195 5481 Petri
3215 5432 3264 5483 itt

1723 5520 1929 5571 civitate
1956 5520 2166 5572 ’l‘eatina
2201 5532 2392 5581 vetere,
2426 5520 2589 5572 sancti
2620 5519 2761 5571 Pauli
2814 5517 3025 5577 ibidem,
3072 5530 3265 5570 sanctae

1720 5610 1886 5662 Tecla:
1931 5611 1980 5662 in
2014 5610 2223 5662 civitate
2250 5611 2465 5661 'l‘eatina
2496 5626 2646 5670 nova,
2696 5608 2861 5661 sancti
2904 5608 3181 5671 Theodori,
3215 5620 3268 5662 et

1716 5706 1881 5759 sancti
1909 5674 2274 5759 Salvatoris’in
2320 5705 2513 5756 Aternu
2539 5717 2658 5754 cuin
2680 5710 2829 5767 portu
2856 5714 2972 5752 sue.
3015 5700 3069 5754 in
3111 5702 3269 5754 conti:
