1898 3189
50 273 96 299 ςδιη

548 255 736 300 ultumam
758 272 897 302 mnes.
915 274 1083 302 sstecrt.

1559 278 1625 305 1598

46 331 162 354 tiamth
174 334 225 354 seu»
233 327 337 354 inutiles
350 335 415 361 quos
427 328 588 362 scriptiones
599 330 639 356 rei
651 335 800 357 commuta-
814 333 838 359 Α
853 330 967 358 lanettsis
980 331 1101 359 eodem
1117 340 1123 359 :
1148 336 1175 359 et
1187 332 1209 359 si
1222 331 1310 358 datum
1331 331 1442 366 “ipsa
1460 339 1559 359 sancta:
1574 334 1624 359 Mc-

48 372 111 397 uones
127 376 303 401 evacucntur.
324 375 351 397 et
369 371 402 397 ad
422 371 480 407 ejus
503 372 545 398 vel
570 376 700 406 potestate
723 373 806 407 ipsius

47 417 174 442 iii-masterii
198 416 358 442 restituatur.
386 416 418 444 Ut
434 424 498 443 cum
518 417 574 445 luet:
593 423 682 444 '10:"!
709 418 806 452 regalis

48 463 157 495 peuceptio
173 470 219 496 per
230 461 313 488 futura
326 467 442 495 tempora
457 463 600 490 ﬁrmiorem
609 463 727 490 obtineat
737 464 806 498 vigo-

46 515 97 538 rem,
113 507 190 532 anulo
208 510 298 532 noser
315 507 405 533 subter
424 506 552 542 insignirii
583 508 754 541 precepimus.

74 552 154 578 l‘aulns
179 551 308 578 Diui-onus
321 558 348 579 et
364 553 482 579 notarius
495 560 542 580 aes
561 553 680 586 jussione
701 553 802 581 domini

46 596 112 621 nostri
124 595 250 623 Desiderii
260 597 421 623 serenissimi
437 597 505 631 regis
516 597 622 632 scripsi.

73 641 154 667 Actum
189 642 296 668 civitate
325 642 413 677 Papia.
444 642 507 669 Data
538 650 601 670 vero
627 650 698 672 anno
729 643 805 677 regni

44 684 144 718 ejusdem
165 686 347 720 gloriosissimi
367 688 437 722 regis
454 688 564 722 quinto,
585 695 676 715 mense
696 688 805 716 Decem-

46 728 91 755 brio
104 749 111 761 ,
137 737 185 763 per
211 730 379 758 indictionetn
409 731 591 758 duodecimam
605 732 804 760 —Desiderius

45 774 115 807 gntia
130 774 174 802 Dei
187 782 232 803 rex
247 775 494 810 Langobardorum.

364 832 470 859 XXXII.

45 874 192 909 llunigundis
215 876 389 911 Langobardi:
411 881 586 904 testamentum
608 886 654 911 pro
679 878 803 905 εναιίοΜ

127 911 247 945 puellaris
259 911 406 938 monasterii
421 911 519 938 Cnirtttt'
532 912 610 946 (anno
626 912 702 947 768).

199 956 244 986 (Ex
257 956 358 987 labi“,
370 956 433 981 Δια.
443 957 497 982 0rd.
509 957 533 982 S.
547 958 652 987 Bened.)

853 375 1014 403 diolatteosis
1022 376 1150 409 ecclesiae,
1158 376 1225 403 sicut
1236 383 1317 410 supra
1329 377 1465 410 judicavit,
1479 378 1548 412 quod
1562 378 1627 405 αλιι-ῖς

852 419 933 447 debet
942 421 1027 454 dapar
1036 426 1135 448 sancta
1149 421 1299 448 Ticinensis
1313 421 1437 449 ecclesia
1446 442 1454 453 ,
1469 426 1496 448 et
1510 422 1588 449 debet
1601 428 1628 449 ct

853 464 940 492 lacere
954 465 1018 493 dare
1040 471 1067 493 et
1080 466 1235 500 consignare
1254 466 1386 492 abbatissa
1397 486 1405 497 ,
1429 473 1485 499 qua:
1498 462 1546 499 pro
1559 472 1627 493 tctu-

854 516 918 542 pore
940 510 1116 543 praeordinata
1140 502 1217 541 Erat.
1241 510 1274 536 ad
1296 510 1403 537 domum
1427 510 1508 544 ipsius
1530 516 1628 536 sanctm

854 554 1056 582 It-diolanensis
1077 555 1198 582 ecclesiae
1221 555 1346 581 antistitis
1360 575 1369 587 ,
1394 562 1440 588 per
1464 560 1526 581 ante
1544 555 1628 581 dictas

853 596 933 626 larisa
942 599 977 626 tle
990 593 1092 627 Domini
1115 601 1261 627 nativitate.
1290 600 1321 626 Et
1336 600 1359 627 si
1372 600 1453 633 dapar
1468 600 1548 633 ipsius
1562 606 1629 625 sun—

853 648 902 669 cta:
922 643 1124 671 Ilediolauensis
1147 645 1266 671 ecclesltn
1291 644 1416 671 antistitis
1431 644 1481 671 alia
1499 644 1628 677 superim-

855 688 939 721 posita
953 687 1020 715 facta
1035 688 1216 723 fuerilﬂtuam
1232 696 1310 722 supra
1324 688 1448 723 judicavit
1462 698 1468 714 :
1489 693 1550 715 tune
1567 688 1628 715 volo
1650 696 1656 699 '

854 738 881 760 et
883 734 996 767 judico,
1009 738 1037 760 ut
1051 734 1146 761 habeat
1158 738 1316 768 potestatem
1332 733 1589 760 commendatiOnem
1602 738 1631 760 t-t

854 779 1081 806 consecrationem
1099 779 1124 805 in
1138 779 1242 813 qualem
1256 778 1408 812 episcopum
1425 778 1458 804 ivi
1478 779 1535 811 ipsa
1548 776 1626 804 abh-

856 824 929 853 Iissa,
946 830 1005 856 qua:
1019 830 1068 857 pro
1082 827 1201 857 tempore
1218 822 1390 855 pmordinata
1403 826 1476 854 erat,
1499 829 1557 848 cum
1573 823 1627 854 ipsa

856 874 975 898 munera,
999 867 1112 900 qualiter
1132 866 1251 900 superius
1271 865 1416 901 judicavit,
1432 865 1483 892 alia
1495 865 1628 899 superim-

857 912 939 946 posita
951 912 991 938 eis
1002 911 1034 938 da
1050 912 1121 939 nulla
1137 919 1183 945 par
1194 919 1245 937 non
1261 910 1316 939 fiat.
1336 909 1370 937 Et
1384 911 1405 936 si
1424 910 1482 944 quis
1501 910 1567 936 alios
1582 910 1631 936 bo-

858 964 901 984 mo
914 962 959 983 aut
971 956 1097 991 pontifex,
1112 961 1155 983 aut
1167 957 1307 990 episcopus
1320 976 1328 988 ,
1342 955 1570 988 archiepiscopus,
1584 959 1630 981 aut

47 1001 54 1007 ‘
72 997 95 1023 In
116 997 177 1024 Iesu
196 997 293 1025 Christi
315 998 439 1031 nomine,
463 1004 590 1033 regnante
602 999 699 1025 domno
714 1003 805 1026 nostro
820 991 843 1021 Β
858 1001 971 1035 qualibet
986 1005 1103 1035 potestas
1116 1001 1154 1027 eis
1165 1001 1285 1031 fecerint,
1301 999 1558 1026 Dominumi‘atrem
1571 1007 1629 1027 om-

43 1042 190 1074 Lnuprando
208 1046 233 1069 et
252 1042 436 1075 lleldoprando
462 1043 559 1070 nostris
578 1044 806 1071 excellentissimis
858 1045 1018 1079 inpotentem
1040 1045 1134 1072 habeat
1155 1043 1373 1075 retributionem,
1407 1050 1432 1071 et
1452 1052 1512 1071 cum
1535 1044 1629 1071 ludam

41 1083 153 1119 regibus,
176 1095 247 1114 anno
267 1095 358 1114 eorum
382 1088 506 1122 vigesimo
522 1089 616 1121 tertio,
631 1096 720 1115 mense
735 1081 819 1121 Julii,
858 1091 1009 1118 traditorem
1034 1095 1095 1117 ante
1124 1089 1238 1121 tribunal
1260 1089 1358 1116 Christi
1383 1089 1480 1125 habent
1501 1089 1630 1116 rationem

43 1132 174 1159 indictione
188 1133 277 1164 quinta
293 1132 413 1160 feliciter.
432 1133 488 1166 Ego
502 1133 673 1168 lanigundn,
699 1141 746 1167 per
760 1134 806 1162 Dei
859 1139 920 1163 ante
934 1136 992 1169 ejus
1008 1135 1172 1168 majestatem
1186 1135 1218 1161 ad
1233 1134 1319 1161 omnia
1329 1153 1337 1166 ,
1352 1134 1419 1160 sicut
1439 1142 1518 1167 supra
1528 1134 1631 1167 judica-

43 1176 238 1203 misericordiam
252 1176 297 1204 Dei
309 1177 415 1210 ancilla,
429 1182 456 1204 et
467 1181 540 1205 veste
551 1177 703 1205 mauialinm
715 1179 806 1205 induta
858 1180 905 1212 vit,
920 1181 990 1206 omni
1005 1185 1124 1213 tempore
1140 1179 1222 1206 tlrmis
1236 1183 1263 1206 et
1277 1178 1377 1205 stabilis
1392 1183 1555 1211 permaneat.
1568 1179 1630 1213 quis

40 1227 92 1247 sum
97 1241 112 1261 ,ι
133 1228 193 1255 qua
214 1221 268 1248 visa
289 1228 348 1248 sum
372 1222 465 1249 vivens
487 1222 545 1256 lege
564 1221 804 1257 Langobardorum,

43 1265 210 1298 praesentibus
223 1265 297 1293 dixi:
315 1266 440 1293 Dominus
463 1266 628 1299 omnipotens
651 1274 682 1294 ac
706 1267 808 1293 redem-

41 1315 95 1342 ptor
110 1316 200 1338 noster
214 1311 324 1343 animas,
339 1310 547 1345 quas'condidit,
562 1313 594 1338 ad
607 1312 722 1339 studium
739 1311 809 1343 salu-

41 1355 70 1380 tis
83 1361 188 1388 semper
202 1355 310 1393 invitat.~
327 1356 358 1382 Et
371 1356 430 1389 ideo
443 1363 492 1390 ego
505 1364 563 1391 qua!
577 1364 655 1391 supra
671 1357 808 1392 Maniguu-

38 1400 67 1425 da
82 1400 141 1426 volo
155 1405 182 1428 et
194 1400 283 1435 judico
296 1408 344 1435 pro
358 1409 448 1430 amore
459 1402 562 1430 Domini
573 1403 623 1430 mei
631 1403 692 1431 Jesu
700 1404 808 1437 Christi,

38 1451 60 1469 et
72 1444 129 1478 ejus
140 1438 275 1479 genitricis
290 1445 400 1480 virginis
410 1446 507 1479 laris,
520 1446 606 1474 lacere
621 1448 809 1475 monasterium

39 1492 61 1515 in
72 1489 126 1517 suis
141 1490 356 1524 proprietatibus,
372 1491 399 1518 in
413 1491 473 1519 loco
484 1490 614 1523 Cariadac,
627 1491 700 1526 juxta
713 1491 810 1520 ﬂumen

38 1534 129 1566 Olona,
142 1535 267 1561 comitatu
280 1534 440 1568 Sepriense;
460 1540 489 1563 et
502 1536 538 1563 ibi
556 1537 589 1563 ab
605 1537 662 1571 ipso
676 1542 810 1564 monaste-

39 1579 76 1605 rio
90 1579 152 1607 volo
168 1579 256 1607 facere
265 1588 312 1613 pro
326 1588 417 1608 amore
433 1581 536 1609 Domini
556 1583 607 1609 mei
626 1583 687 1610 .lesu
700 1583 809 1616 Christi,

38 1629 62 1649 ct
76 1624 197 1657 ejusdem
221 1625 331 1658 virginis
355 1625 441 1653 Mariae
455 1646 462 1658 ,
485 1630 511 1653 et
531 1627 624 1654 animm
639 1635 719 1660 metu,
733 1633 812 1662 atque

37 1671 166 1702 genitoris
181 1675 208 1697 et
220 1670 355 1704 genitricis
370 1679 446 1704 mea},
461 1676 538 1704 atque
552 1672 663 1699 aliorum
675 1678 811 1706 parentum

36 1721 156 1740 meorum
171 1714 317 1741 remedium
336 1714 370 1741 ab
385 1714 443 1749 ipso
458 1716 633 1748 monasterio;
655 1718 738 1748 casis,
754 1724 812 1743 cur-

34 1759 77 1792 tis,
92 1760 240 1787 actiminas
250 1779 258 1792 ,
272 1765 300 1788 et
319 1761 441 1788 omnibus
455 1760 534 1796 rebus
545 1781 554 1793 ,
576 1761 716 1788 territoriis
730 1766 757 1789 et
777 1762 813 1787 la-

33 1804 114 1831 tniliis
131 1804 204 1839 juris
222 1804 289 1837 mei,
309 1805 404 1840 quibus
427 1805 524 1833 habere
540 1806 598 1833 visi
606 1813 664 1834 sum
680 1807 706 1833 in
717 1807 812 1834 eodem

34 1850 92 1874 vico
106 1854 135 1875 et
151 1849 234 1876 l'r-do
246 1849 365 1876 Cariada
379 1853 406 1876 et
418 1850 445 1877 in
461 1849 697 1887 ejus'territoreas,
711 1855 756 1877 aut
769 1851 813 1878 ubi

31 1900 79 1925 per
93 1893 164 1920 alias
183 1894 248 1920 locis
270 1893 336 1920 intra
355 1893 452 1928 ipsum-
464 1901 572 1928 regnum
586 1894 701 1921 Italicum
714 1892 814 1922 habere

33 1939 87 1964 tisa
101 1945 178 1965 sum.
204 1937 236 1965 Et
249 1938 343 1966 iterum
358 1940 417 1966 Volo
437 1944 463 1966 et
479 1938 569 1973 judico
583 1939 640 1966 illas
660 1940 812 1972 monachae,

30 1991 91 2015 qua:
108 1982 136 2009 in
166 1983 225 2016 ipso
251 1984 411 2010 monasterio
434 1983 626 2018 praeordinatas
646 1989 750 2017 essent,
765 1984 812 2010 ba-

32 2029 115 2054 beant
130 2027 169 2055 de
186 2028 319 2061 pradictis
333 2028 402 2055 casis
420 2032 447 2055 et
464 2029 604 2056 territoriis
617 2029 713 2056 victum
728 2033 755 2056 et
770 2037 813 2057 ve-

28 2073 136 2105 sliltun,
153 2073 280 2107 quicquid
295 2080 381 2100 annue
402 2072 528 2100 Dominus
548 2073 662 2105 dederit,
680 2074 813 2107 perpetuis

28 2118 203 2149 temporibus
212 2118 244 2144 ad
259 2126 365 2145 suorum
379 2125 454 2152 usum
471 2123 498 2145 et
521 2118 730 2146 benedictionem
744 2119 812 2153 quod

26 2164 196 2196 Voluerunt,
213 2171 261 2197 pro
277 2163 370 2190 animae
385 2172 450 2191 mete
465 2169 491 2191 et
503 2168 680 2198 ‘parentorum
695 2171 812 2191 meorum

25 2201 167 2236 ιῖειιιεᾶίο.
188 2209 222 2235 Et
235 2208 296 2235 νυιο
309 2213 336 2235 et
354 2208 459 2243 judico,
475 2215 522 2235 seu
537 2215 584 2242 pro
597 2215 666 2235 nunc
677 2207 808 2243 m'eumju-

24 2256 154 2283 dicatum
166 2255 305 2287 continuo,
321 2260 348 2281 ut
363 2255 421 2287 ipso
435 2254 595 2285 monasterio
607 2254 641 2281 sit
656 2254 681 2281 in
694 2254 738 2280 tali
751 2261 815 2281 vero

858 1224 896 1250 sic
909 1224 1027 1250 decrevit
1039 1230 1096 1250 mea
1112 1223 1179 1249 bona
1193 1222 1314 1249 voluntas
1330 1222 1432 1248 llrmum
1448 1228 1518 1248 stare
1530 1222 1632 1255 judica—

859 1273 913 1296 tttm
936 1269 961 1296 in
981 1269 1131 1303 supradicto
1160 1268 1217 1295 Ioco
1236 1268 1362 1295 Cariadae.
1391 1266 1443 1302 Ego
1464 1267 1630 1301 Mattigttnda,

859 1314 913 1340 Deo
927 1314 1024 1344 dicata,
1040 1318 1111 1339 veste
1125 1313 1248 1339 monialis
1269 1312 1357 1339 induta
1371 1320 1441 1344 sum,
1463 1313 1487 1339 in
1503 1313 1552 1338 hoc
1562 1312 1633 1345 judi~

858 1363 917 1385 cato
931 1365 946 1384 a
961 1365 1003 1384 me
1018 1358 1088 1384 facto
1103 1357 1257 1390 subscripsi.
1275 1356 1382 1390 Signum
1402 1356 1521 1383 manibus
1544 1349 1631 1382 Valle-

859 1402 925 1429 rami
939 1402 973 1429 de
987 1402 1098 1429 Abbiate
1109 1422 1116 1434 ,
1137 1407 1164 1428 et
1177 1401 1352 1435 lleldeprandi
1370 1401 1403 1427 de
1417 1400 1566 1434 Venegono.
1586 1400 1632 1427 Isti
1680 1430 1683 1433 λ

860 1451 940 1474 testes
954 1446 1113 1481 Rimegasus
1125 1446 1152 1473 in
1165 1445 1215 1472 hoc
1227 1445 1345 1479 judicato
1358 1450 1463 1480 rogatus
1476 1446 1549 1472 subs.
1577 1445 1632 1475 Ur-

860 1498 905 1519 sus
922 1491 1024 1525 iudices
1044 1491 1079 1518 de
1102 1492 1181 1518 douto
1203 1491 1272 1524 regis
1293 1496 1398 1525 rogatus
1414 1491 1504 1517 subsc.
1524 1491 1631 1523 Signum

860 1537 982 1564 manibus
994 1535 1155 1564 Gundelredi
1169 1536 1202 1563 ile
1221 1537 1278 1562 vico
1293 1536 1425 1568 Caristia,
1446 1541 1473 1562 et
1487 1536 1587 1570 Agnclli
1600 1537 1633 1562 de

861 1582 917 1614 ipso
937 1581 995 1607 vico
1017 1584 1107 1607 testes.
1137 1579 1247 1613 Signum
1271 1580 1391 1606 manibus
1417 1579 1591 1613 Brunengoni,
1607 1584 1634 1606 et

862 1625 1003 1652 blumbritii
1018 1624 1051 1652 de
1075 1624 1134 1652 vico
1152 1624 1258 1657 Seprio,
1282 1628 1373 1651 testes.
1407 1624 1461 1659 Ego
1484 1624 1634 1651 Dntninicus

863 1669 1003 1704 presbyter
1026 1673 1054 1696 et
1072 1669 1192 1696 notarius
1212 1669 1281 1695 hunc
1303 1668 1418 1702 indicato
1438 1668 1471 1694 ad
1489 1669 1542 1701 jam
1565 1668 1635 1695 dicta

861 1714 1018 1749 Manigunda
1030 1717 1136 1748 rogatus
1147 1714 1241 1747 serlpsi
1250 1734 1258 1745 ,
1272 1718 1331 1748 post
1351 1714 1444 1740 tradita
1463 1711 1597 1748 complevi
1608 1719 1636 1741 et

861 1760 933 1786 dedi.
953 1759 1146 1793 Theuprandus
1164 1758 1245 1793 judex
1265 1759 1343 1786 retuli
1359 1759 1480 1792 exempla
1499 1767 1530 1785 ex
1545 1763 1635 1786 auten-

862 1806 915 1832 tico
935 1805 1007 1835 edita
1028 1805 1192 1840 subscripsi,
1215 1810 1243 1832 et
1266 1806 1399 1833 autetttlco
1418 1805 1497 1839 hujus
1518 1806 1637 1840 exempla

861 1850 928 1882 vidi,
942 1854 969 1877 et
982 1850 1051 1884 legi:
1068 1855 1095 1877 et
1108 1849 1147 1877 sic
1160 1853 1232 1881 tenet
1246 1850 1272 1876 in
1288 1850 1344 1882 ipso
1358 1850 1492 1879 autentieu
1504 1871 1514 1885 ,
1528 1849 1596 1878 sicut
1608 1851 1637 1878 in

863 1895 912 1921 ista
929 1894 1023 1928 legitur
1034 1893 1153 1927 exempla
1163 1893 1173 1926 ,‘
1188 1898 1261 1920 extra
1280 1893 1381 1929 litteras
1395 1893 1452 1926 plus
1465 1893 1561 1920 minus
1584 1891 1637 1921 Ατ-

863 1938 974 1970 naldus,
1001 1938 1046 1971 qui
1072 1941 1100 1965 et
1124 1938 1204 1971 Beso,
1226 1937 1305 1971 iudex
1327 1938 1396 1964 sacri
1416 1938 1519 1971 palal'l,
1544 1938 1636 1966 initae

862 1982 985 2014 exemplo
997 1989 1029 2009 ex
1044 1982 1175 2008 autentlco
1187 1981 1260 2013 subs,
1271 1985 1299 2008 et
1310 1979 1448 2008 autentico‘
1456 1979 1535 2016 huius
1544 1988 1636 2009 διαι-
1678 1995 1680 1998 ·

855 2018 898 2062 ’ρΙὶ
910 2027 974 2060 vidi,
990 2032 1016 2053 et
1039 2027 1079 2053 sic
1102 2030 1174 2053 tenet
1193 2027 1219 2052 in
1233 2026 1291 2060 ipso
1304 2027 1450 2058 autentioo,
1465 2026 1534 2054 sicut
1547 2027 1573 2054 in
1587 2027 1637 2054 ista

864 2075 960 2109 legitur
975 2073 1097 2108 exempla
1109 2078 1183 2099 extra
1197 2073 1298 2099 litteras
1310 2073 1369 2107 plus
1384 2072 1482 2100 minus.
1500 2072 1637 2105 Natarins,

864 2121 908 2154 qui
923 2124 951 2146 et
963 2119 1066 2151 Amisit,
1079 2119 1157 2152 jndex
1171 2138 1180 2151 ,
1202 2118 1335 2145 antentico
1359 2118 1437 2152 hujus
1450 2119 1569 2151 exempla
1585 2118 1639 2145 vidi

862 2169 891 2192 et
904 2165 967 2199 legi.
982 2169 1009 2192 et
1023 2165 1091 2192 sicut
1114 2164 1151 2191 ibi
1173 2159 1366 2195 continebatur,
1390 2164 1430 2189 sic
1443 2163 1469 2189 in
1481 2163 1529 2189 ista
1543 2163 1639 2196 legitur

863 2210 983 2243 exempla
1004 2213 1078 2236 extra
1101 2209 1201 2235 litteras
1221 2208 1280 2242 plus
1300 2209 1397 2234 minus.
1417 2207 1472 2242 Ego
1485 2208 1579 2240 Adam,
1592 2208 1638 2242 qui

864 2259 891 2281 et
913 2254 1056 2281 Husbcrtus
1067 2273 1076 2286 ,
1100 2255 1217 2280 notarius
1228 2273 1235 2286 ,
1253 2254 1308 2279 haec
1325 2253 1443 2287 exempla
1458 2260 1490 2279 cx
1506 2252 1639 2280 antentlco

24 2300 128 2327 ordine
168 2300 197 2326 in
229 2303 358 2333 potestate
388 2302 415 2326 et
427 2299 635 2326 consecratione
657 2298 813 2326 Annextasii
827 2307 853 2336 ι)
866 2299 1024 2333 exemplari,
1039 2303 1065 2325 et
1077 2299 1208 2325 autentico
1223 2297 1301 2331 hujus
1314 2299 1436 2331 exempla
1450 2298 1515 2331 vidi,
1526 2303 1552 2324 et
1566 2298 1617 2332 legi
1630 2307 1636 2324 :

25 2348 156 2382 rpiscopi
174 2351 273 2373 sancta
287 2344 427 2372 Ticinense
439 2344 559 2372 ecclesiae
573 2344 692 2378 etipsius
702 2352 813 2372 venera-

25 2395 89 2420 bilis
107 2393 195 2423 loeis,
208 2396 234 2419 et
244 2391 303 2426 ejus
314 2388 512 2418 successoribus
523 2411 530 2423 ,
557 2395 586 2417 ut
602 2397 649 2424 pro
663 2391 735 2417 omni
747 2389 832 2420 anno,

22 2446 72 2470 per
99 2437 190 2465 ferias
212 2437 244 2463 de
267 2435 371 2463 Domini
395 2435 530 2462 nativitate
550 2435 663 2462 debeant
684 2435 749 2462 dare
772 2435 814 2461 illa

20 2482 185 2511 abbatissa,
199 2480 244 2514 qui
263 2487 310 2514 pro
325 2484 442 2513 tempere
458 2479 483 2506 in
506 2480 563 2513 ipso
578 2481 737 2508 monasterio
749 2488 813 2513 pne-

22 2529 159 2553 »ulinata
185 2530 240 2552 erat
254 2545 261 2557 ,
284 2524 416 2558 perpetuis
432 2525 594 2559 temporibus
616 2532 699 2558 usque
715 2525 742 2551 in
758 2532 817 2558 per-

22 2579 144 2598 {mtuum
173 2569 297 2596 candelas
319 2569 383 2596 duas
396 2589 403 2599 ,
420 2569 522 2596 valente
539 2564 668 2596 'denarios
691 2567 815 2603 quatuor,

23 2638 25 2640 .
44 2616 151 2642 undas
170 2615 238 2641 duas
251 2615 289 2641 de
299 2614 387 2641 vinum
402 2622 408 2640 :
425 2621 471 2640 seu
485 2619 511 2640 et
523 2614 625 2641 oblatas
637 2614 702 2640 duas
716 2614 761 2641 de.
772 2633 779 2641 .
791 2635 796 2640 .
809 2633 816 2641 .

24 2664 51 2687 ..ι
73 2665 176 2694 ipsum
194 2659 346 2693 episcopum
364 2663 462 2688 sancta:
476 2658 625 2686 Ticinensis
639 2660 758 2687 ecclesia:
768 2679 776 2691 ,
791 2659 817 2686 in

16 2710 107 2731 timo
126 2704 221 2736 ipsius
234 2708 333 2729 sancta
355 2702 502 2730 Ticinensis
521 2704 639 2731 ecclesiis
653 2714 659 2731 :
676 2708 704 2730 ut
716 2704 748 2731 de
764 2704 817 2731 illis

16 2749 183 2783 vri-iswpis,
199 2748 244 2782 qui
257 2755 308 2782 pro
323 2753 442 2782 tempore
454 2748 480 2775 in
491 2748 576 2783 ipsum
590 2749 740 2776 venerabile
760 2750 818 2776 loco

16 2793 214 2824 itrmordinati
228 2799 314 2825 erant,
328 2793 377 2820 alia
392 2801 471 2827 super
486 2794 607 2827 imposita
622 2795 730 2822 fecerint
742 2795 818 2829 plus-

12 2849 105 2877 quam
119 2839 359 2873 sicutjudicavit:
376 2844 436 2866 tunc
456 2840 517 2866 volo
531 2847 580 2874 ego
595 2848 653 2874 qua:
669 2849 747 2875 supra
765 2842 820 2868 Ma-

12 2881 153 2922 uigu‘nda
169 2903 179 2916 ,
206 2891 234 2910 ut
249 2885 306 2918 ipso
328 2886 490 2912 monasterio
504 2885 597 2912 habcal
611 2887 818 2913 commendatio-

12 2941 81 2961 nem
98 2935 135 2960 et
150 2930 382 2958 consecrationem
395 2930 419 2957 in
432 2933 587 2964 potestatem
602 2936 699 2958 sancite
715 2931 814 2959 Medio-

865 2348 894 2371 et
902 2345 975 2370 sicut
987 2343 1024 2370 ibi
1036 2342 1219 2370 continebatur
1229 2364 1236 2375 ,
1253 2347 1326 2369 extra
1340 2342 1441 2370 litteras
1456 2343 1514 2377 plus
1524 2345 1620 2371 minus.

1138 2409 1144 2412 ν
1194 2398 1311 2425 XXXIII.

869 2443 1039 2480 Hildeprandi
1057 2444 1121 2478 regis
1138 2447 1349 2503 ρτῇᾕςὲιιζίἒὲίο
1363 2442 1465 2470 ecclesia
1480 2442 1638 2470 Pltwentiu.

1166 2478 1247 2512 (arma
1263 2477 1337 2511 768).

1143 2522 1190 2553 (Ex
1204 2521 1304 2553 κειται..
1315 2522 1384 2552 ibid.)

903 2566 1008 2592 Flavius
1030 2564 1190 2598 ililprandus
1212 2571 1258 2590 rex
1284 2564 1401 2591 ecclesiae
1413 2562 1558 2590 beatissimi
1571 2571 1642 2590 mar-

867 2611 933 2645 tyris
947 2616 973 2638 et
985 2610 1147 2637 confessoris
1157 2609 1255 2636 Christi
1268 2608 1392 2635 Antonini
1407 2613 1433 2635 et
1447 2609 1559 2636 Victoris
1570 2629 1577 2640 ,
1591 2611 1642 2636 sita

868 2655 933 2681 loris
956 2654 1037 2680 muris
1060 2653 1177 2680 civitatis
1193 2653 1426 2684 Plscentiutc,-ubi
1440 2660 1532 2680 eorum
1549 2658 1640 2681 sancta

868 2706 979 2736 corpora
1001 2699 1170 2733 requiescunt
1194 2698 1298 2724 humata
1312 2718 1319 2728 ,
1345 2702 1372 2724 et
1394 2697 1546 2724 beatissimo
1570 2692 1644 2731 patre

870 2750 959 2773 nostro
980 2744 1088 2771 Thomte
1109 2744 1238 2778 episcopo
1261 2744 1362 2769 custodi
1384 2742 1451 2777 t-jus.
1473 2743 1598 2770 Dominus
1611 2750 1643 2770 ac
1678 2754 1683 2757 -

870 2792 1020 2825 redemptor
1031 2796 1121 2818 noSter
1135 2790 1213 2817 .Icsus
1227 2789 1345 2815 Christus
1357 2809 1364 2820 ,
1381 2790 1584 2829 νοΙεηεριιιιιω
1598 2796 1643 2823 per

869 2837 1022 2871 sanguinem
1052 2842 1127 2862 suum
1161 2833 1305 2868 pretiosum
1330 2834 1478 2867 redemptos
1507 2834 1643 2861 beatorum

870 2884 920 2909 vita
932 2887 1086 2915 aggregare,
1101 2885 1151 2907 ctc.
1166 2879 1267 2906 Idcirco
1278 2879 1442 2905 manifestum
1454 2883 1495 2905 est
1509 2877 1643 2909 omnibus,

870 2931 939 2963 quod
962 2937 1014 2956 non
1037 2933 1097 2956 ante
1120 2927 1227 2955 multum
1243 2922 1363 2959 tempus,
1378 2924 1540 2951 merentibus
1555 2925 1641 2953 utalia.
