  <div class='ocr_page' id='page_1' title='image "/cluster/home/n/w/nwhite01/storage/ocr_20150623/87-88/uva.x000827073/729.png"; bbox 0 0 3820 6236; ppageno 0'>
   <div class='ocr_carea' id='block_1_1' title="bbox 521 386 651 443">
    <p class='ocr_par' dir='ltr' id='par_1_1' title="bbox 521 386 651 443">
     <span class='ocr_line' id='line_1_1' title="bbox 521 386 651 443; baseline -0.023 0"><span class='ocrx_word' id='word_1_1' title='bbox 521 386 651 443; x_wconf 72' lang='grc'><strong>1390</strong></span> 
     </span>
    </p>
   </div>
   <div class='ocr_carea' id='block_1_2' title="bbox 1624 355 2506 453">
    <p class='ocr_par' dir='ltr' id='par_1_2' title="bbox 1624 355 2506 453">
     <span class='ocr_line' id='line_1_2' title="bbox 1624 355 2506 453; baseline -0.002 -19"><span class='ocrx_word' id='word_1_2' title='bbox 1624 355 2228 447; x_wconf 66' lang='lat' dir='ltr'><strong>LaneosAnDOttuu</strong></span> <span class='ocrx_word' id='word_1_3' title='bbox 2269 373 2506 453; x_wconf 67' lang='lat' dir='ltr'><strong>necum</strong></span> 
     </span>
    </p>
   </div>
   <div class='ocr_carea' id='block_1_3' title="bbox 3591 366 3736 421">
    <p class='ocr_par' dir='ltr' id='par_1_3' title="bbox 3591 366 3736 421">
     <span class='ocr_line' id='line_1_3' title="bbox 3591 366 3736 421; baseline 0.007 -2"><span class='ocrx_word' id='word_1_4' title='bbox 3591 366 3736 421; x_wconf 67' lang='lat'><strong>£100</strong></span> 
     </span>
    </p>
   </div>
   <div class='ocr_carea' id='block_1_4' title="bbox 489 484 3731 563">
    <p class='ocr_par' dir='ltr' id='par_1_4' title="bbox 489 484 3731 563">
     <span class='ocr_line' id='line_1_4' title="bbox 489 484 3731 563; baseline -0.006 -10"><span class='ocrx_word' id='word_1_5' title='bbox 489 498 820 557; x_wconf 69' lang='lat' dir='ltr'><strong>J‘lacvutina</strong></span> <span class='ocrx_word' id='word_1_6' title='bbox 871 504 953 550; x_wconf 89' lang='lat' dir='ltr'><strong>est</strong></span> <span class='ocrx_word' id='word_1_7' title='bbox 993 494 1117 549; x_wconf 85' lang='lat' dir='ltr'><strong>urbs</strong></span> <span class='ocrx_word' id='word_1_8' title='bbox 1165 495 1298 563; x_wconf 91' lang='lat' dir='ltr'><strong>ignis</strong></span> <span class='ocrx_word' id='word_1_9' title='bbox 1338 491 1586 546; x_wconf 70' lang='lat' dir='ltr'><strong>inccndio</strong></span> <span class='ocrx_word' id='word_1_10' title='bbox 1636 498 1995 547; x_wconf 76' lang='lat' dir='ltr'><strong>concremata.</strong></span> <span class='ocrx_word' id='word_1_11' title='bbox 2027 495 2081 539; x_wconf 92' lang='lat' dir='ltr'><strong>et</strong></span> <span class='ocrx_word' id='word_1_12' title='bbox 2105 486 2153 541; x_wconf 74' lang='grc' dir='ltr'><strong>Δ</strong></span> <span class='ocrx_word' id='word_1_13' title='bbox 2184 488 2529 556; x_wconf 87' lang='lat' dir='ltr'><strong>anertianns</strong></span> <span class='ocrx_word' id='word_1_14' title='bbox 2577 489 2857 556; x_wconf 88' lang='lat' dir='ltr'><strong>episcopus</strong></span> <span class='ocrx_word' id='word_1_15' title='bbox 2900 488 3130 543; x_wconf 90' lang='lat' dir='ltr'><strong>dicens:</strong></span> <span class='ocrx_word' id='word_1_16' title='bbox 3168 487 3306 557; x_wconf 82' lang='lat' dir='ltr'><strong>quod</strong></span> <span class='ocrx_word' id='word_1_17' title='bbox 3358 484 3731 553; x_wconf 84' lang='lat' dir='ltr'><strong>baptisterium</strong></span> 
     </span>
    </p>
   </div>
   <div class='ocr_carea' id='block_1_5' title="bbox 520 580 2072 647">
    <p class='ocr_par' dir='ltr' id='par_1_5' title="bbox 520 580 2072 647">
     <span class='ocr_line' id='line_1_5' title="bbox 520 580 2072 647; baseline -0.009 -6"><span class='ocrx_word' id='word_1_18' title='bbox 520 602 706 641; x_wconf 82' lang='lat' dir='ltr'><strong>omnes</strong></span> <span class='ocrx_word' id='word_1_19' title='bbox 753 586 1036 639; x_wconf 77' lang='lat' dir='ltr'><strong>munimina</strong></span> <span class='ocrx_word' id='word_1_20' title='bbox 1068 583 1308 637; x_wconf 64' lang='lat' dir='ltr'><strong>ecclesiae</strong></span> <span class='ocrx_word' id='word_1_21' title='bbox 1333 592 1521 635; x_wconf 66' lang='lat' dir='ltr'><strong>vestrae</strong></span> <span class='ocrx_word' id='word_1_22' title='bbox 1543 621 1558 644; x_wconf 89' lang='lat'><strong>,</strong></span> <span class='ocrx_word' id='word_1_23' title='bbox 1586 594 1705 647; x_wconf 74' lang='lat' dir='ltr'><strong>qua:</strong></span> <span class='ocrx_word' id='word_1_24' title='bbox 1734 580 1800 633; x_wconf 87' lang='lat' dir='ltr'><strong>ab</strong></span> <span class='ocrx_word' id='word_1_25' title='bbox 1826 587 2072 630; x_wconf 85' lang='lat' dir='ltr'><strong>anteces-</strong></span> 
     </span>
    </p>
   </div>
   <div class='ocr_carea' id='block_1_6' title="bbox 522 665 2072 739">
    <p class='ocr_par' dir='ltr' id='par_1_6' title="bbox 522 665 2072 739">
     <span class='ocr_line' id='line_1_6' title="bbox 522 665 2072 739; baseline -0.01 -10"><span class='ocrx_word' id='word_1_26' title='bbox 522 691 702 729; x_wconf 74' lang='lat' dir='ltr'><strong>sornm</strong></span> <span class='ocrx_word' id='word_1_27' title='bbox 726 674 1023 727; x_wconf 68' lang='lat' dir='ltr'><strong>nostrorum</strong></span> <span class='ocrx_word' id='word_1_28' title='bbox 1054 680 1294 739; x_wconf 78' lang='lat' dir='ltr'><strong>tempere</strong></span> <span class='ocrx_word' id='word_1_29' title='bbox 1317 685 1453 723; x_wconf 91' lang='lat' dir='ltr'><strong>nunc</strong></span> <span class='ocrx_word' id='word_1_30' title='bbox 1476 683 1643 737; x_wconf 84' lang='lat' dir='ltr'><strong>usque</strong></span> <span class='ocrx_word' id='word_1_31' title='bbox 1673 667 1880 720; x_wconf 88' lang='lat' dir='ltr'><strong>fuerant</strong></span> <span class='ocrx_word' id='word_1_32' title='bbox 1900 665 2072 726; x_wconf 65' lang='lat' dir='ltr'><strong>factm,</strong></span> 
     </span>
    </p>
   </div>
   <div class='ocr_carea' id='block_1_7' title="bbox 522 751 2074 835">
    <p class='ocr_par' dir='ltr' id='par_1_7' title="bbox 522 751 2074 835">
     <span class='ocr_line' id='line_1_7' title="bbox 522 751 2074 835; baseline -0.01 -18"><span class='ocrx_word' id='word_1_33' title='bbox 522 765 591 817; x_wconf 86' lang='lat' dir='ltr'><strong>ab</strong></span> <span class='ocrx_word' id='word_1_34' title='bbox 618 764 801 817; x_wconf 88' lang='lat' dir='ltr'><strong>eodem</strong></span> <span class='ocrx_word' id='word_1_35' title='bbox 833 760 1077 814; x_wconf 91' lang='lat' dir='ltr'><strong>incendio</strong></span> <span class='ocrx_word' id='word_1_36' title='bbox 1120 769 1243 823; x_wconf 91' lang='lat' dir='ltr'><strong>sunt</strong></span> <span class='ocrx_word' id='word_1_37' title='bbox 1286 760 1575 825; x_wconf 67' lang='lat' dir='ltr'><strong>combustae</strong></span> <span class='ocrx_word' id='word_1_38' title='bbox 1600 797 1615 819; x_wconf 90' lang='lat'><strong>,</strong></span> <span class='ocrx_word' id='word_1_39' title='bbox 1666 769 1761 824; x_wconf 90' lang='lat' dir='ltr'><strong>per</strong></span> <span class='ocrx_word' id='word_1_40' title='bbox 1791 753 1977 835; x_wconf 54' lang='lat' dir='ltr'><strong>quibus</strong></span> <span class='ocrx_word' id='word_1_41' title='bbox 2008 751 2074 804; x_wconf 88' lang='lat' dir='ltr'><strong>ibi</strong></span> 
     </span>
    </p>
   </div>
   <div class='ocr_carea' id='block_1_8' title="bbox 522 842 2077 923">
    <p class='ocr_par' dir='ltr' id='par_1_8' title="bbox 522 842 2077 923">
     <span class='ocr_line' id='line_1_8' title="bbox 522 842 2077 923; baseline -0.01 -15"><span class='ocrx_word' id='word_1_42' title='bbox 522 854 745 923; x_wconf 78' lang='lat' dir='ltr'><strong>singulis</strong></span> <span class='ocrx_word' id='word_1_43' title='bbox 796 852 941 905; x_wconf 87' lang='lat' dir='ltr'><strong>fuere</strong></span> <span class='ocrx_word' id='word_1_44' title='bbox 989 851 1146 904; x_wconf 88' lang='lat' dir='ltr'><strong>rebus</strong></span> <span class='ocrx_word' id='word_1_45' title='bbox 1189 848 1412 902; x_wconf 86' lang='lat' dir='ltr'><strong>collatis.</strong></span> <span class='ocrx_word' id='word_1_46' title='bbox 1476 846 1625 901; x_wconf 89' lang='lat' dir='ltr'><strong>Unde</strong></span> <span class='ocrx_word' id='word_1_47' title='bbox 1660 857 1832 898; x_wconf 88' lang='lat' dir='ltr'><strong>vestra</strong></span> <span class='ocrx_word' id='word_1_48' title='bbox 1864 842 2077 907; x_wconf 77' lang='lat' dir='ltr'><strong>almitas</strong></span> 
     </span>
    </p>
   </div>
   <div class='ocr_carea' id='block_1_9' title="bbox 522 932 2079 1014">
    <p class='ocr_par' dir='ltr' id='par_1_9' title="bbox 522 932 2079 1014">
     <span class='ocr_line' id='line_1_9' title="bbox 522 932 2079 1014; baseline -0.006 -17"><span class='ocrx_word' id='word_1_49' title='bbox 522 944 809 1014; x_wconf 85' lang='lat' dir='ltr'><strong>postulavit</strong></span> <span class='ocrx_word' id='word_1_50' title='bbox 854 941 1221 998; x_wconf 72' lang='lat' dir='ltr'><strong>excellentiam</strong></span> <span class='ocrx_word' id='word_1_51' title='bbox 1272 951 1502 992; x_wconf 81' lang='lat' dir='ltr'><strong>nostrain</strong></span> <span class='ocrx_word' id='word_1_52' title='bbox 1530 980 1544 1003; x_wconf 89' lang='lat'><strong>,</strong></span> <span class='ocrx_word' id='word_1_53' title='bbox 1593 946 1649 991; x_wconf 90' lang='lat' dir='ltr'><strong>ut</strong></span> <span class='ocrx_word' id='word_1_54' title='bbox 1681 951 1771 1003; x_wconf 88' lang='lat' dir='ltr'><strong>per</strong></span> <span class='ocrx_word' id='word_1_55' title='bbox 1800 932 2079 988; x_wconf 89' lang='lat' dir='ltr'><strong>serenissi-</strong></span> 
     </span>
    </p>
   </div>
   <div class='ocr_carea' id='block_1_10' title="bbox 514 1026 2079 1110">
    <p class='ocr_par' dir='ltr' id='par_1_10' title="bbox 514 1026 2079 1110">
     <span class='ocr_line' id='line_1_10' title="bbox 514 1026 2079 1110; baseline -0.008 -22"><span class='ocrx_word' id='word_1_56' title='bbox 514 1051 663 1110; x_wconf 42' lang='lat' dir='ltr'><strong>‘inum</strong></span> <span class='ocrx_word' id='word_1_57' title='bbox 724 1044 960 1086; x_wconf 83' lang='lat' dir='ltr'><strong>nostrum</strong></span> <span class='ocrx_word' id='word_1_58' title='bbox 1018 1042 1339 1097; x_wconf 66' lang='lat' dir='ltr'><strong>praeceptum</strong></span> <span class='ocrx_word' id='word_1_59' title='bbox 1403 1030 1579 1082; x_wconf 86' lang='lat' dir='ltr'><strong>omnia</strong></span> <span class='ocrx_word' id='word_1_60' title='bbox 1628 1026 1879 1097; x_wconf 85' lang='lat' dir='ltr'><strong>quidquid</strong></span> <span class='ocrx_word' id='word_1_61' title='bbox 1939 1040 2079 1076; x_wconf 88' lang='lat' dir='ltr'><strong>nunc</strong></span> 
     </span>
    </p>
   </div>
   <div class='ocr_carea' id='block_1_11' title="bbox 524 1116 2080 1194">
    <p class='ocr_par' dir='ltr' id='par_1_11' title="bbox 524 1116 2080 1194">
     <span class='ocr_line' id='line_1_11' title="bbox 524 1116 2080 1194; baseline -0.008 -17"><span class='ocrx_word' id='word_1_62' title='bbox 524 1141 691 1194; x_wconf 90' lang='lat' dir='ltr'><strong>usque</strong></span> <span class='ocrx_word' id='word_1_63' title='bbox 723 1124 999 1184; x_wconf 72' lang='lat' dir='ltr'><strong>habuistis.</strong></span> <span class='ocrx_word' id='word_1_64' title='bbox 1032 1122 1378 1190; x_wconf 64' lang='lat' dir='ltr'><strong>praescribere</strong></span> <span class='ocrx_word' id='word_1_65' title='bbox 1405 1121 1643 1175; x_wconf 71' lang='lat' dir='ltr'><strong>ecclesiae</strong></span> <span class='ocrx_word' id='word_1_66' title='bbox 1663 1130 1852 1173; x_wconf 79' lang='lat' dir='ltr'><strong>vesme</strong></span> <span class='ocrx_word' id='word_1_67' title='bbox 1878 1116 1957 1170; x_wconf 89' lang='lat' dir='ltr'><strong>vel</strong></span> <span class='ocrx_word' id='word_1_68' title='bbox 1991 1132 2080 1167; x_wconf 82' lang='lat' dir='ltr'><strong>vo-</strong></span> 
     </span>
    </p>
   </div>
   <div class='ocr_carea' id='block_1_12' title="bbox 521 1203 2078 1277">
    <p class='ocr_par' dir='ltr' id='par_1_12' title="bbox 521 1203 2078 1277">
     <span class='ocr_line' id='line_1_12' title="bbox 521 1203 2078 1277; baseline -0.007 -5"><span class='ocrx_word' id='word_1_69' title='bbox 521 1217 605 1272; x_wconf 87' lang='lat' dir='ltr'><strong>bis</strong></span> <span class='ocrx_word' id='word_1_70' title='bbox 629 1203 941 1269; x_wconf 72' lang='lat' dir='ltr'><strong>deberemus</strong></span> <span class='ocrx_word' id='word_1_71' title='bbox 967 1214 1199 1273; x_wconf 79' lang='lat' dir='ltr'><strong>ﬁrmare,</strong></span> <span class='ocrx_word' id='word_1_72' title='bbox 1229 1220 1355 1277; x_wconf 89' lang='lat' dir='ltr'><strong>etc.,</strong></span> <span class='ocrx_word' id='word_1_73' title='bbox 1387 1223 1439 1266; x_wconf 91' lang='lat' dir='ltr'><strong>et</strong></span> <span class='ocrx_word' id='word_1_74' title='bbox 1472 1212 1743 1267; x_wconf 88' lang='lat' dir='ltr'><strong>lirmantes</strong></span> <span class='ocrx_word' id='word_1_75' title='bbox 1769 1213 1818 1263; x_wconf 92' lang='lat' dir='ltr'><strong>in</strong></span> <span class='ocrx_word' id='word_1_76' title='bbox 1853 1225 1948 1263; x_wconf 90' lang='lat' dir='ltr'><strong>vos</strong></span> <span class='ocrx_word' id='word_1_77' title='bbox 1977 1209 2078 1275; x_wconf 83' lang='lat' dir='ltr'><strong>pri-</strong></span> 
     </span>
    </p>
   </div>
   <div class='ocr_carea' id='block_1_13' title="bbox 531 1300 2080 1369">
    <p class='ocr_par' dir='ltr' id='par_1_13' title="bbox 531 1300 2080 1369">
     <span class='ocr_line' id='line_1_13' title="bbox 531 1300 2080 1369; baseline -0.005 -11"><span class='ocrx_word' id='word_1_78' title='bbox 531 1320 673 1359; x_wconf 92' lang='lat' dir='ltr'><strong>mum</strong></span> <span class='ocrx_word' id='word_1_79' title='bbox 702 1304 878 1356; x_wconf 88' lang='lat' dir='ltr'><strong>omnia</strong></span> <span class='ocrx_word' id='word_1_80' title='bbox 927 1301 1173 1368; x_wconf 89' lang='lat' dir='ltr'><strong>quidquid</strong></span> <span class='ocrx_word' id='word_1_81' title='bbox 1219 1301 1285 1354; x_wconf 87' lang='lat' dir='ltr'><strong>ab</strong></span> <span class='ocrx_word' id='word_1_82' title='bbox 1326 1301 1553 1369; x_wconf 76' lang='lat' dir='ltr'><strong>antiquis</strong></span> <span class='ocrx_word' id='word_1_83' title='bbox 1586 1300 1912 1368; x_wconf 92' lang='lat' dir='ltr'><strong>temporibus</strong></span> <span class='ocrx_word' id='word_1_84' title='bbox 1944 1312 2080 1351; x_wconf 90' lang='lat' dir='ltr'><strong>nunc</strong></span> 
     </span>
    </p>
   </div>
   <div class='ocr_carea' id='block_1_14' title="bbox 530 1391 2081 1462">
    <p class='ocr_par' dir='ltr' id='par_1_14' title="bbox 530 1391 2081 1462">
     <span class='ocr_line' id='line_1_14' title="bbox 530 1391 2081 1462; baseline -0.002 -19"><span class='ocrx_word' id='word_1_85' title='bbox 530 1408 695 1462; x_wconf 82' lang='lat' dir='ltr'><strong>usque</strong></span> <span class='ocrx_word' id='word_1_86' title='bbox 723 1394 947 1447; x_wconf 75' lang='lat' dir='ltr'><strong>ecclesia</strong></span> <span class='ocrx_word' id='word_1_87' title='bbox 977 1391 1087 1459; x_wconf 90' lang='lat' dir='ltr'><strong>ipsa</strong></span> <span class='ocrx_word' id='word_1_88' title='bbox 1121 1392 1347 1457; x_wconf 86' lang='lat' dir='ltr'><strong>possedit</strong></span> <span class='ocrx_word' id='word_1_89' title='bbox 1375 1392 1423 1444; x_wconf 92' lang='lat' dir='ltr'><strong>in</strong></span> <span class='ocrx_word' id='word_1_90' title='bbox 1449 1391 1606 1455; x_wconf 86' lang='lat' dir='ltr'><strong>casis,</strong></span> <span class='ocrx_word' id='word_1_91' title='bbox 1643 1391 1859 1461; x_wconf 87' lang='lat' dir='ltr'><strong>peculiis</strong></span> <span class='ocrx_word' id='word_1_92' title='bbox 1881 1430 1897 1453; x_wconf 88' lang='lat'><strong>,</strong></span> <span class='ocrx_word' id='word_1_93' title='bbox 1923 1398 2081 1457; x_wconf 88' lang='lat' dir='ltr'><strong>atque</strong></span> 
     </span>
    </p>
   </div>
   <div class='ocr_carea' id='block_1_15' title="bbox 524 1480 2082 1548">
    <p class='ocr_par' dir='ltr' id='par_1_15' title="bbox 524 1480 2082 1548">
     <span class='ocr_line' id='line_1_15' title="bbox 524 1480 2082 1548; baseline -0.001 -13"><span class='ocrx_word' id='word_1_94' title='bbox 524 1482 738 1535; x_wconf 79' lang='lat' dir='ltr'><strong>familiis</strong></span> <span class='ocrx_word' id='word_1_95' title='bbox 768 1483 1037 1548; x_wconf 89' lang='lat' dir='ltr'><strong>utriusque</strong></span> <span class='ocrx_word' id='word_1_96' title='bbox 1067 1495 1227 1534; x_wconf 78' lang='lat' dir='ltr'><strong>sexus</strong></span> <span class='ocrx_word' id='word_1_97' title='bbox 1273 1482 1355 1535; x_wconf 91' lang='lat' dir='ltr'><strong>vel</strong></span> <span class='ocrx_word' id='word_1_98' title='bbox 1404 1481 1572 1534; x_wconf 66' lang='lat' dir='ltr'><strong>aetatis</strong></span> <span class='ocrx_word' id='word_1_99' title='bbox 1595 1523 1611 1547; x_wconf 91' lang='lat'><strong>,</strong></span> <span class='ocrx_word' id='word_1_100' title='bbox 1652 1482 1805 1535; x_wconf 90' lang='lat' dir='ltr'><strong>simul</strong></span> <span class='ocrx_word' id='word_1_101' title='bbox 1836 1480 1996 1534; x_wconf 84' lang='lat' dir='ltr'><strong>etiam</strong></span> <span class='ocrx_word' id='word_1_102' title='bbox 2027 1490 2082 1533; x_wconf 91' lang='lat' dir='ltr'><strong>et</strong></span> 
     </span>
    </p>
   </div>
   <div class='ocr_carea' id='block_1_16' title="bbox 526 1568 2083 1636">
    <p class='ocr_par' dir='ltr' id='par_1_16' title="bbox 526 1568 2083 1636">
     <span class='ocr_line' id='line_1_16' title="bbox 526 1568 2083 1636; baseline -0.003 -11"><span class='ocrx_word' id='word_1_103' title='bbox 526 1570 841 1625; x_wconf 81' lang='lat' dir='ltr'><strong>monasteria</strong></span> <span class='ocrx_word' id='word_1_104' title='bbox 870 1610 887 1632; x_wconf 81' lang='lat'><strong>,</strong></span> <span class='ocrx_word' id='word_1_105' title='bbox 936 1569 984 1623; x_wconf 92' lang='lat' dir='ltr'><strong>id</strong></span> <span class='ocrx_word' id='word_1_106' title='bbox 1014 1580 1097 1623; x_wconf 89' lang='lat' dir='ltr'><strong>est</strong></span> <span class='ocrx_word' id='word_1_107' title='bbox 1130 1568 1417 1623; x_wconf 74' lang='lat' dir='ltr'><strong>beatissimi</strong></span> <span class='ocrx_word' id='word_1_108' title='bbox 1451 1571 1500 1622; x_wconf 89' lang='lat' dir='ltr'><strong>in</strong></span> <span class='ocrx_word' id='word_1_109' title='bbox 1542 1568 1751 1624; x_wconf 75' lang='lat' dir='ltr'><strong>Chri~to</strong></span> <span class='ocrx_word' id='word_1_110' title='bbox 1782 1569 2001 1636; x_wconf 84' lang='lat' dir='ltr'><strong>apostoli</strong></span> <span class='ocrx_word' id='word_1_111' title='bbox 2031 1577 2083 1621; x_wconf 93' lang='lat' dir='ltr'><strong>et</strong></span> 
     </span>
    </p>
   </div>
   <div class='ocr_carea' id='block_1_17' title="bbox 527 1658 2078 1732">
    <p class='ocr_par' dir='ltr' id='par_1_17' title="bbox 527 1658 2078 1732">
     <span class='ocr_line' id='line_1_17' title="bbox 527 1658 2078 1732; baseline -0.002 -19"><span class='ocrx_word' id='word_1_112' title='bbox 527 1663 777 1732; x_wconf 62' lang='lat' dir='ltr'><strong>martyris</strong></span> <span class='ocrx_word' id='word_1_113' title='bbox 808 1660 1026 1719; x_wconf 72' lang='lat' dir='ltr'><strong>&#39;l‘lioma:</strong></span> <span class='ocrx_word' id='word_1_114' title='bbox 1054 1671 1212 1728; x_wconf 84' lang='lat' dir='ltr'><strong>atque</strong></span> <span class='ocrx_word' id='word_1_115' title='bbox 1247 1659 1365 1729; x_wconf 84' lang='lat' dir='ltr'><strong>Syri</strong></span> <span class='ocrx_word' id='word_1_116' title='bbox 1409 1661 1730 1714; x_wconf 79' lang='lat' dir='ltr'><strong>confessoris</strong></span> <span class='ocrx_word' id='word_1_117' title='bbox 1761 1675 1920 1729; x_wconf 77' lang='lat' dir='ltr'><strong>prope</strong></span> <span class='ocrx_word' id='word_1_118' title='bbox 1948 1658 2078 1710; x_wconf 90' lang='lat' dir='ltr'><strong>civi-</strong></span> 
     </span>
    </p>
   </div>
   <div class='ocr_carea' id='block_1_18' title="bbox 523 1746 2080 1815">
    <p class='ocr_par' dir='ltr' id='par_1_18' title="bbox 523 1746 2080 1815">
     <span class='ocr_line' id='line_1_18' title="bbox 523 1746 2080 1815; baseline -0.004 -11"><span class='ocrx_word' id='word_1_119' title='bbox 523 1762 683 1806; x_wconf 85' lang='lat' dir='ltr'><strong>tatem</strong></span> <span class='ocrx_word' id='word_1_120' title='bbox 734 1762 968 1805; x_wconf 82' lang='lat' dir='ltr'><strong>nostram</strong></span> <span class='ocrx_word' id='word_1_121' title='bbox 1017 1750 1414 1815; x_wconf 76' lang='lat' dir='ltr'><strong>Placentinam,</strong></span> <span class='ocrx_word' id='word_1_122' title='bbox 1464 1763 1556 1803; x_wconf 89' lang='lat' dir='ltr'><strong>seu</strong></span> <span class='ocrx_word' id='word_1_123' title='bbox 1606 1746 1918 1802; x_wconf 86' lang='lat' dir='ltr'><strong>monasteria</strong></span> <span class='ocrx_word' id='word_1_124' title='bbox 1962 1746 2080 1799; x_wconf 84' lang='lat' dir='ltr'><strong>Flo-</strong></span> 
     </span>
    </p>
   </div>
   <div class='ocr_carea' id='block_1_19' title="bbox 2173 574 3727 643">
    <p class='ocr_par' dir='ltr' id='par_1_19' title="bbox 2173 574 3727 643">
     <span class='ocr_line' id='line_1_19' title="bbox 2173 574 3727 643; baseline 0 -12"><span class='ocrx_word' id='word_1_125' title='bbox 2173 581 2350 631; x_wconf 80' lang='lat' dir='ltr'><strong>sancti</strong></span> <span class='ocrx_word' id='word_1_126' title='bbox 2365 578 2584 642; x_wconf 83' lang='lat' dir='ltr'><strong>Felicis;</strong></span> <span class='ocrx_word' id='word_1_127' title='bbox 2615 579 2977 643; x_wconf 87' lang='lat' dir='ltr'><strong>baptisterium</strong></span> <span class='ocrx_word' id='word_1_128' title='bbox 3008 585 3205 631; x_wconf 75' lang='lat' dir='ltr'><strong>sancta:</strong></span> <span class='ocrx_word' id='word_1_129' title='bbox 3232 574 3482 630; x_wconf 68' lang='lat' dir='ltr'><strong>Maricin</strong></span> <span class='ocrx_word' id='word_1_130' title='bbox 3511 575 3727 631; x_wconf 79' lang='lat' dir='ltr'><strong>Pacius.</strong></span> 
     </span>
    </p>
   </div>
   <div class='ocr_carea' id='block_1_20' title="bbox 2175 668 3728 737">
    <p class='ocr_par' dir='ltr' id='par_1_20' title="bbox 2175 668 3728 737">
     <span class='ocr_line' id='line_1_20' title="bbox 2175 668 3728 737; baseline -0.004 -14"><span class='ocrx_word' id='word_1_131' title='bbox 2175 670 2537 737; x_wconf 85' lang='lat' dir='ltr'><strong>baptisterium</strong></span> <span class='ocrx_word' id='word_1_132' title='bbox 2565 672 2731 724; x_wconf 92' lang='lat' dir='ltr'><strong>sancti</strong></span> <span class='ocrx_word' id='word_1_133' title='bbox 2762 671 2862 723; x_wconf 83' lang='lat' dir='ltr'><strong>Viti</strong></span> <span class='ocrx_word' id='word_1_134' title='bbox 2885 668 3331 737; x_wconf 78' lang='lat' dir='ltr'><strong>juxla&#39;Vescona,</strong></span> <span class='ocrx_word' id='word_1_135' title='bbox 3366 668 3728 734; x_wconf 75' lang='lat' dir='ltr'><strong>baptisterium</strong></span> 
     </span>
    </p>
   </div>
   <div class='ocr_carea' id='block_1_21' title="bbox 2175 756 3749 826">
    <p class='ocr_par' dir='ltr' id='par_1_21' title="bbox 2175 756 3749 826">
     <span class='ocr_line' id='line_1_21' title="bbox 2175 756 3749 826; baseline -0.003 -15"><span class='ocrx_word' id='word_1_136' title='bbox 2175 762 2338 812; x_wconf 87' lang='lat' dir='ltr'><strong>sancti</strong></span> <span class='ocrx_word' id='word_1_137' title='bbox 2368 758 2620 822; x_wconf 83' lang='lat' dir='ltr'><strong>Joannis;</strong></span> <span class='ocrx_word' id='word_1_138' title='bbox 2665 759 3028 826; x_wconf 84' lang='lat' dir='ltr'><strong>baptisterium</strong></span> <span class='ocrx_word' id='word_1_139' title='bbox 3060 770 3253 813; x_wconf 68' lang='lat' dir='ltr'><strong>sanctae</strong></span> <span class='ocrx_word' id='word_1_140' title='bbox 3284 759 3466 811; x_wconf 88' lang='lat' dir='ltr'><strong>matris</strong></span> <span class='ocrx_word' id='word_1_141' title='bbox 3492 756 3749 809; x_wconf 58' lang='lat' dir='ltr'><strong>coris-sia:-</strong></span> 
     </span>
    </p>
   </div>
   <div class='ocr_carea' id='block_1_22' title="bbox 2176 848 3729 918">
    <p class='ocr_par' dir='ltr' id='par_1_22' title="bbox 2176 848 3729 918">
     <span class='ocr_line' id='line_1_22' title="bbox 2176 848 3729 918; baseline -0.001 -17"><span class='ocrx_word' id='word_1_142' title='bbox 2176 849 2229 901; x_wconf 91' lang='lat' dir='ltr'><strong>in</strong></span> <span class='ocrx_word' id='word_1_143' title='bbox 2258 848 2545 912; x_wconf 88' lang='lat' dir='ltr'><strong>Sesciano;</strong></span> <span class='ocrx_word' id='word_1_144' title='bbox 2577 850 2947 918; x_wconf 79' lang='lat' dir='ltr'><strong>baptisterium</strong></span> <span class='ocrx_word' id='word_1_145' title='bbox 2993 851 3160 903; x_wconf 86' lang='lat' dir='ltr'><strong>sancti</strong></span> <span class='ocrx_word' id='word_1_146' title='bbox 3199 850 3423 902; x_wconf 74' lang='lat' dir='ltr'><strong>Audrem</strong></span> <span class='ocrx_word' id='word_1_147' title='bbox 3465 849 3514 901; x_wconf 88' lang='lat' dir='ltr'><strong>in</strong></span> <span class='ocrx_word' id='word_1_148' title='bbox 3537 848 3729 901; x_wconf 63' lang='lat' dir='ltr'><strong>Mali-e-</strong></span> 
     </span>
    </p>
   </div>
   <div class='ocr_carea' id='block_1_23' title="bbox 2179 938 3727 1008">
    <p class='ocr_par' dir='ltr' id='par_1_23' title="bbox 2179 938 3727 1008">
     <span class='ocr_line' id='line_1_23' title="bbox 2179 938 3727 1008; baseline -0.001 -19"><span class='ocrx_word' id='word_1_149' title='bbox 2179 952 2276 1000; x_wconf 88' lang='lat' dir='ltr'><strong>no;</strong></span> <span class='ocrx_word' id='word_1_150' title='bbox 2328 938 2687 1005; x_wconf 81' lang='lat' dir='ltr'><strong>baptisterium</strong></span> <span class='ocrx_word' id='word_1_151' title='bbox 2732 940 2901 993; x_wconf 88' lang='lat' dir='ltr'><strong>sancti</strong></span> <span class='ocrx_word' id='word_1_152' title='bbox 2936 940 3158 994; x_wconf 65' lang='lat' dir='ltr'><strong>Andreae</strong></span> <span class='ocrx_word' id='word_1_153' title='bbox 3196 941 3425 994; x_wconf 81' lang='lat' dir='ltr'><strong>Asciano</strong></span> <span class='ocrx_word' id='word_1_154' title='bbox 3474 938 3583 1008; x_wconf 72' lang='grc' dir='ltr'><strong>[ΑΙ.</strong></span> <span class='ocrx_word' id='word_1_155' title='bbox 3621 943 3727 989; x_wconf 75' lang='lat' dir='ltr'><strong>Ac-</strong></span> 
     </span>
    </p>
   </div>
   <div class='ocr_carea' id='block_1_24' title="bbox 2178 1028 3728 1100">
    <p class='ocr_par' dir='ltr' id='par_1_24' title="bbox 2178 1028 3728 1100">
     <span class='ocr_line' id='line_1_24' title="bbox 2178 1028 3728 1100; baseline -0.001 -17"><span class='ocrx_word' id='word_1_156' title='bbox 2178 1028 2389 1100; x_wconf 88' lang='lat' dir='ltr'><strong>ciano];</strong></span> <span class='ocrx_word' id='word_1_157' title='bbox 2420 1032 2779 1095; x_wconf 80' lang='lat' dir='ltr'><strong>baptisterium</strong></span> <span class='ocrx_word' id='word_1_158' title='bbox 2813 1042 3007 1085; x_wconf 72' lang='lat' dir='ltr'><strong>sancta:</strong></span> <span class='ocrx_word' id='word_1_159' title='bbox 3044 1033 3225 1085; x_wconf 80' lang='lat' dir='ltr'><strong>matris</strong></span> <span class='ocrx_word' id='word_1_160' title='bbox 3257 1032 3509 1085; x_wconf 74' lang='lat' dir='ltr'><strong>Ecclesia:</strong></span> <span class='ocrx_word' id='word_1_161' title='bbox 3543 1030 3594 1083; x_wconf 87' lang='lat' dir='ltr'><strong>in</strong></span> <span class='ocrx_word' id='word_1_162' title='bbox 3628 1032 3728 1082; x_wconf 80' lang='lat' dir='ltr'><strong>Co-</strong></span> 
     </span>
    </p>
   </div>
   <div class='ocr_carea' id='block_1_25' title="bbox 2180 1121 3724 1194">
    <p class='ocr_par' dir='ltr' id='par_1_25' title="bbox 2180 1121 3724 1194">
     <span class='ocr_line' id='line_1_25' title="bbox 2180 1121 3724 1194; baseline 0.001 -21"><span class='ocrx_word' id='word_1_163' title='bbox 2180 1136 2342 1185; x_wconf 81' lang='lat' dir='ltr'><strong>snna;</strong></span> <span class='ocrx_word' id='word_1_164' title='bbox 2374 1122 2739 1190; x_wconf 79' lang='lat' dir='ltr'><strong>baptiSIerium</strong></span> <span class='ocrx_word' id='word_1_165' title='bbox 2788 1122 2954 1175; x_wconf 90' lang='lat' dir='ltr'><strong>sancti</strong></span> <span class='ocrx_word' id='word_1_166' title='bbox 3008 1122 3264 1176; x_wconf 80' lang='lat' dir='ltr'><strong>Valentini</strong></span> <span class='ocrx_word' id='word_1_167' title='bbox 3316 1121 3368 1175; x_wconf 88' lang='lat' dir='ltr'><strong>in</strong></span> <span class='ocrx_word' id='word_1_168' title='bbox 3411 1121 3585 1175; x_wconf 85' lang='lat' dir='ltr'><strong>Urimo</strong></span> <span class='ocrx_word' id='word_1_169' title='bbox 3616 1123 3724 1194; x_wconf 82' lang='grc' dir='ltr'><strong>[ΑΙ.</strong></span> 
     </span>
    </p>
   </div>
   <div class='ocr_carea' id='block_1_26' title="bbox 2184 1194 3725 1278">
    <p class='ocr_par' dir='ltr' id='par_1_26' title="bbox 2184 1194 3725 1278">
     <span class='ocr_line' id='line_1_26' title="bbox 2184 1194 3725 1278; baseline 0.003 -15"><span class='ocrx_word' id='word_1_170' title='bbox 2184 1209 2403 1275; x_wconf 89' lang='lat' dir='ltr'><strong>Urcino;</strong></span> <span class='ocrx_word' id='word_1_171' title='bbox 2449 1212 2816 1277; x_wconf 84' lang='lat' dir='ltr'><strong>baptisterium</strong></span> <span class='ocrx_word' id='word_1_172' title='bbox 2875 1224 3091 1278; x_wconf 63' lang='lat' dir='ltr'><strong>,sanctse</strong></span> <span class='ocrx_word' id='word_1_173' title='bbox 3145 1214 3329 1267; x_wconf 79' lang='lat' dir='ltr'><strong>matris</strong></span> <span class='ocrx_word' id='word_1_174' title='bbox 3382 1194 3618 1267; x_wconf 59' lang='lat' dir='ltr'><strong>ecclesia:</strong></span> <span class='ocrx_word' id='word_1_175' title='bbox 3677 1216 3725 1267; x_wconf 90' lang='lat' dir='ltr'><strong>in</strong></span> 
     </span>
    </p>
   </div>
   <div class='ocr_carea' id='block_1_27' title="bbox 2180 1303 3727 1372">
    <p class='ocr_par' dir='ltr' id='par_1_27' title="bbox 2180 1303 3727 1372">
     <span class='ocr_line' id='line_1_27' title="bbox 2180 1303 3727 1372; baseline 0 -15"><span class='ocrx_word' id='word_1_176' title='bbox 2180 1304 2409 1357; x_wconf 85' lang='lat' dir='ltr'><strong>Castello</strong></span> <span class='ocrx_word' id='word_1_177' title='bbox 2440 1303 2721 1369; x_wconf 86' lang='lat' dir='ltr'><strong>Politiano,</strong></span> <span class='ocrx_word' id='word_1_178' title='bbox 2764 1305 3132 1372; x_wconf 88' lang='lat' dir='ltr'><strong>baptisterium</strong></span> <span class='ocrx_word' id='word_1_179' title='bbox 3165 1305 3329 1358; x_wconf 85' lang='lat' dir='ltr'><strong>sancti</strong></span> <span class='ocrx_word' id='word_1_180' title='bbox 3368 1306 3465 1358; x_wconf 81' lang='lat' dir='ltr'><strong>Viti</strong></span> <span class='ocrx_word' id='word_1_181' title='bbox 3498 1306 3546 1358; x_wconf 91' lang='lat' dir='ltr'><strong>in</strong></span> <span class='ocrx_word' id='word_1_182' title='bbox 3577 1305 3727 1358; x_wconf 80' lang='lat' dir='ltr'><strong>Ruti—</strong></span> 
     </span>
    </p>
   </div>
   <div class='ocr_carea' id='block_1_28' title="bbox 2183 1395 3729 1464">
    <p class='ocr_par' dir='ltr' id='par_1_28' title="bbox 2183 1395 3729 1464">
     <span class='ocr_line' id='line_1_28' title="bbox 2183 1395 3729 1464; baseline 0.002 -16"><span class='ocrx_word' id='word_1_183' title='bbox 2183 1395 2356 1460; x_wconf 91' lang='lat' dir='ltr'><strong>liano;</strong></span> <span class='ocrx_word' id='word_1_184' title='bbox 2389 1396 2755 1462; x_wconf 87' lang='lat' dir='ltr'><strong>baptisterium</strong></span> <span class='ocrx_word' id='word_1_185' title='bbox 2785 1397 2949 1449; x_wconf 82' lang='lat' dir='ltr'><strong>sancti</strong></span> <span class='ocrx_word' id='word_1_186' title='bbox 2985 1397 3180 1461; x_wconf 86' lang='lat' dir='ltr'><strong>Qnirici</strong></span> <span class='ocrx_word' id='word_1_187' title='bbox 3212 1398 3261 1449; x_wconf 91' lang='lat' dir='ltr'><strong>in</strong></span> <span class='ocrx_word' id='word_1_188' title='bbox 3288 1396 3531 1461; x_wconf 89' lang='lat' dir='ltr'><strong>Osenna;</strong></span> <span class='ocrx_word' id='word_1_189' title='bbox 3560 1398 3729 1464; x_wconf 80' lang='lat' dir='ltr'><strong>bapti-</strong></span> 
     </span>
    </p>
   </div>
   <div class='ocr_carea' id='block_1_29' title="bbox 2180 1484 3725 1553">
    <p class='ocr_par' dir='ltr' id='par_1_29' title="bbox 2180 1484 3725 1553">
     <span class='ocr_line' id='line_1_29' title="bbox 2180 1484 3725 1553; baseline 0.003 -17"><span class='ocrx_word' id='word_1_190' title='bbox 2180 1484 2393 1537; x_wconf 89' lang='lat' dir='ltr'><strong>sterium</strong></span> <span class='ocrx_word' id='word_1_191' title='bbox 2438 1492 2632 1536; x_wconf 75' lang='lat' dir='ltr'><strong>sancta:</strong></span> <span class='ocrx_word' id='word_1_192' title='bbox 2680 1485 2862 1538; x_wconf 89' lang='lat' dir='ltr'><strong>matris</strong></span> <span class='ocrx_word' id='word_1_193' title='bbox 2902 1485 3145 1538; x_wconf 74' lang='lat' dir='ltr'><strong>ecclesiae</strong></span> <span class='ocrx_word' id='word_1_194' title='bbox 3171 1486 3223 1538; x_wconf 91' lang='lat' dir='ltr'><strong>in</strong></span> <span class='ocrx_word' id='word_1_195' title='bbox 3256 1485 3430 1550; x_wconf 87' lang='lat' dir='ltr'><strong>Pava;</strong></span> <span class='ocrx_word' id='word_1_196' title='bbox 3480 1486 3725 1553; x_wconf 83' lang='lat' dir='ltr'><strong>baptiste-</strong></span> 
     </span>
    </p>
   </div>
   <div class='ocr_carea' id='block_1_30' title="bbox 2183 1573 3725 1640">
    <p class='ocr_par' dir='ltr' id='par_1_30' title="bbox 2183 1573 3725 1640">
     <span class='ocr_line' id='line_1_30' title="bbox 2183 1573 3725 1640; baseline 0.002 -15"><span class='ocrx_word' id='word_1_197' title='bbox 2183 1573 2315 1625; x_wconf 82' lang='lat' dir='ltr'><strong>riu&#39;m</strong></span> <span class='ocrx_word' id='word_1_198' title='bbox 2339 1582 2535 1625; x_wconf 66' lang='lat' dir='ltr'><strong>sanctm</strong></span> <span class='ocrx_word' id='word_1_199' title='bbox 2566 1573 2866 1637; x_wconf 78' lang='lat' dir='ltr'><strong>Restitntae,</strong></span> <span class='ocrx_word' id='word_1_200' title='bbox 2900 1574 3264 1640; x_wconf 84' lang='lat' dir='ltr'><strong>baptisterium</strong></span> <span class='ocrx_word' id='word_1_201' title='bbox 3301 1585 3502 1628; x_wconf 70' lang='lat' dir='ltr'><strong>san-ctze</strong></span> <span class='ocrx_word' id='word_1_202' title='bbox 3544 1579 3725 1629; x_wconf 76' lang='lat' dir='ltr'><strong>matris</strong></span> 
     </span>
    </p>
   </div>
   <div class='ocr_carea' id='block_1_31' title="bbox 2181 1663 3721 1737">
    <p class='ocr_par' dir='ltr' id='par_1_31' title="bbox 2181 1663 3721 1737">
     <span class='ocr_line' id='line_1_31' title="bbox 2181 1663 3721 1737; baseline 0.001 -22"><span class='ocrx_word' id='word_1_203' title='bbox 2181 1664 2419 1715; x_wconf 66' lang='lat' dir='ltr'><strong>ecclesias</strong></span> <span class='ocrx_word' id='word_1_204' title='bbox 2462 1664 2512 1716; x_wconf 85' lang='lat' dir='ltr'><strong>in</strong></span> <span class='ocrx_word' id='word_1_205' title='bbox 2548 1663 2740 1717; x_wconf 82' lang='lat' dir='ltr'><strong>&#39;Misula</strong></span> <span class='ocrx_word' id='word_1_206' title='bbox 2767 1706 2782 1727; x_wconf 84' lang='lat'><strong>,</strong></span> <span class='ocrx_word' id='word_1_207' title='bbox 2828 1679 2924 1717; x_wconf 90' lang='lat' dir='ltr'><strong>nec</strong></span> <span class='ocrx_word' id='word_1_208' title='bbox 2972 1678 3076 1718; x_wconf 89' lang='lat' dir='ltr'><strong>nou</strong></span> <span class='ocrx_word' id='word_1_209' title='bbox 3122 1665 3504 1719; x_wconf 79' lang='lat' dir='ltr'><strong>monasterium</strong></span> <span class='ocrx_word' id='word_1_210' title='bbox 3553 1667 3721 1737; x_wconf 75' lang='lat' dir='ltr'><strong>sancti</strong></span> 
     </span>
    </p>
   </div>
   <div class='ocr_carea' id='block_1_32' title="bbox 2186 1750 3726 1822">
    <p class='ocr_par' dir='ltr' id='par_1_32' title="bbox 2186 1750 3726 1822">
     <span class='ocr_line' id='line_1_32' title="bbox 2186 1750 3726 1822; baseline 0.004 -16"><span class='ocrx_word' id='word_1_211' title='bbox 2186 1750 2367 1822; x_wconf 83' lang='lat' dir='ltr'><strong>Angeli</strong></span> <span class='ocrx_word' id='word_1_212' title='bbox 2398 1753 2448 1805; x_wconf 91' lang='lat' dir='ltr'><strong>in</strong></span> <span class='ocrx_word' id='word_1_213' title='bbox 2481 1751 2653 1817; x_wconf 86' lang='lat' dir='ltr'><strong>Luco;</strong></span> <span class='ocrx_word' id='word_1_214' title='bbox 2699 1754 3075 1807; x_wconf 87' lang='lat' dir='ltr'><strong>monasterium</strong></span> <span class='ocrx_word' id='word_1_215' title='bbox 3102 1754 3269 1808; x_wconf 87' lang='lat' dir='ltr'><strong>saneti</strong></span> <span class='ocrx_word' id='word_1_216' title='bbox 3316 1754 3455 1808; x_wconf 84' lang='lat' dir='ltr'><strong>Petri</strong></span> <span class='ocrx_word' id='word_1_217' title='bbox 3502 1754 3550 1807; x_wconf 85' lang='lat' dir='ltr'><strong>in</strong></span> <span class='ocrx_word' id='word_1_218' title='bbox 3592 1755 3726 1812; x_wconf 77' lang='lat' dir='ltr'><strong>Aso.</strong></span> 
     </span>
    </p>
   </div>
   <div class='ocr_carea' id='block_1_33' title="bbox 523 1834 3724 1911">
    <p class='ocr_par' dir='ltr' id='par_1_33' title="bbox 523 1834 3724 1911">
     <span class='ocr_line' id='line_1_33' title="bbox 523 1834 3724 1911; baseline 0 -16"><span class='ocrx_word' id='word_1_219' title='bbox 523 1843 747 1896; x_wconf 82' lang='lat' dir='ltr'><strong>rentiola</strong></span> <span class='ocrx_word' id='word_1_220' title='bbox 793 1852 847 1895; x_wconf 90' lang='lat' dir='ltr'><strong>et</strong></span> <span class='ocrx_word' id='word_1_221' title='bbox 889 1841 1035 1894; x_wconf 81' lang='lat' dir='ltr'><strong>’l‘olla</strong></span> <span class='ocrx_word' id='word_1_222' title='bbox 1058 1880 1072 1903; x_wconf 88' lang='lat'><strong>,</strong></span> <span class='ocrx_word' id='word_1_223' title='bbox 1114 1848 1272 1905; x_wconf 87' lang='lat' dir='ltr'><strong>atque</strong></span> <span class='ocrx_word' id='word_1_224' title='bbox 1314 1839 1603 1903; x_wconf 76' lang='lat' dir='ltr'><strong>Graviaco,</strong></span> <span class='ocrx_word' id='word_1_225' title='bbox 1632 1848 1736 1892; x_wconf 91' lang='lat' dir='ltr'><strong>etc.</strong></span> <span class='ocrx_word' id='word_1_226' title='bbox 1778 1836 2070 1891; x_wconf 82' lang='lat' dir='ltr'><strong>Firmamus</strong></span> <span class='ocrx_word' id='word_1_227' title='bbox 2102 1834 2145 1892; x_wconf 86' lang='lat' dir='ltr'><strong>B</strong></span> <span class='ocrx_word' id='word_1_228' title='bbox 2175 1857 2273 1894; x_wconf 88' lang='lat' dir='ltr'><strong>una</strong></span> <span class='ocrx_word' id='word_1_229' title='bbox 2304 1858 2420 1895; x_wconf 74' lang='lat' dir='ltr'><strong>rum</strong></span> <span class='ocrx_word' id='word_1_230' title='bbox 2463 1842 2709 1895; x_wconf 85' lang='lat' dir='ltr'><strong>omnibus</strong></span> <span class='ocrx_word' id='word_1_231' title='bbox 2737 1842 3010 1907; x_wconf 90' lang='lat' dir='ltr'><strong>ecclesiis,</strong></span> <span class='ocrx_word' id='word_1_232' title='bbox 3048 1852 3100 1897; x_wconf 90' lang='lat' dir='ltr'><strong>et</strong></span> <span class='ocrx_word' id='word_1_233' title='bbox 3125 1844 3457 1911; x_wconf 87' lang='lat' dir='ltr'><strong>pertinentiis</strong></span> <span class='ocrx_word' id='word_1_234' title='bbox 3483 1845 3590 1897; x_wconf 83' lang='lat' dir='ltr'><strong>suis</strong></span> <span class='ocrx_word' id='word_1_235' title='bbox 3617 1862 3629 1896; x_wconf 93' lang='lat'>:</span> <span class='ocrx_word' id='word_1_236' title='bbox 3662 1844 3724 1896; x_wconf 85' lang='lat' dir='ltr'><strong>ad</strong></span> 
     </span>
    </p>
   </div>
   <div class='ocr_carea' id='block_1_34' title="bbox 527 1927 2076 1997">
    <p class='ocr_par' dir='ltr' id='par_1_34' title="bbox 527 1927 2076 1997">
     <span class='ocr_line' id='line_1_34' title="bbox 527 1927 2076 1997; baseline -0.003 -13"><span class='ocrx_word' id='word_1_237' title='bbox 527 1932 686 1985; x_wconf 85' lang='lat' dir='ltr'><strong>etiam</strong></span> <span class='ocrx_word' id='word_1_238' title='bbox 718 1930 865 1983; x_wconf 83' lang='lat' dir='ltr'><strong>vobis</strong></span> <span class='ocrx_word' id='word_1_239' title='bbox 891 1972 906 1995; x_wconf 87' lang='lat'><strong>,</strong></span> <span class='ocrx_word' id='word_1_240' title='bbox 960 1938 1015 1980; x_wconf 91' lang='lat' dir='ltr'><strong>ut</strong></span> <span class='ocrx_word' id='word_1_241' title='bbox 1063 1942 1248 1982; x_wconf 89' lang='lat' dir='ltr'><strong>omnes</strong></span> <span class='ocrx_word' id='word_1_242' title='bbox 1293 1930 1538 1982; x_wconf 79' lang='lat' dir='ltr'><strong>mulieres</strong></span> <span class='ocrx_word' id='word_1_243' title='bbox 1568 1927 1683 1981; x_wconf 90' lang='lat' dir='ltr'><strong>illas</strong></span> <span class='ocrx_word' id='word_1_244' title='bbox 1718 1927 1930 1991; x_wconf 88' lang='lat' dir='ltr'><strong>liberas,</strong></span> <span class='ocrx_word' id='word_1_245' title='bbox 1960 1945 2076 1997; x_wconf 79' lang='lat' dir='ltr'><strong>qua:</strong></span> 
     </span>
    </p>
   </div>
   <div class='ocr_carea' id='block_1_35' title="bbox 526 2020 2077 2090">
    <p class='ocr_par' dir='ltr' id='par_1_35' title="bbox 526 2020 2077 2090">
     <span class='ocr_line' id='line_1_35' title="bbox 526 2020 2077 2090; baseline -0.004 -15"><span class='ocrx_word' id='word_1_246' title='bbox 526 2038 693 2089; x_wconf 87' lang='lat' dir='ltr'><strong>usque</strong></span> <span class='ocrx_word' id='word_1_247' title='bbox 743 2038 920 2090; x_wconf 84' lang='lat' dir='ltr'><strong>nunc,</strong></span> <span class='ocrx_word' id='word_1_248' title='bbox 973 2024 1097 2076; x_wconf 93' lang='lat' dir='ltr'><strong>dum</strong></span> <span class='ocrx_word' id='word_1_249' title='bbox 1148 2022 1323 2075; x_wconf 75' lang='lat' dir='ltr'><strong>liberm</strong></span> <span class='ocrx_word' id='word_1_250' title='bbox 1367 2028 1583 2085; x_wconf 82' lang='lat' dir='ltr'><strong>essent,</strong></span> <span class='ocrx_word' id='word_1_251' title='bbox 1633 2020 1799 2075; x_wconf 77' lang='lat' dir='ltr'><strong>servis</strong></span> <span class='ocrx_word' id='word_1_252' title='bbox 1840 2020 2077 2073; x_wconf 70' lang='lat' dir='ltr'><strong>ecclesia</strong></span> 
     </span>
    </p>
   </div>
   <div class='ocr_carea' id='block_1_36' title="bbox 528 2109 2078 2174">
    <p class='ocr_par' dir='ltr' id='par_1_36' title="bbox 528 2109 2078 2174">
     <span class='ocr_line' id='line_1_36' title="bbox 528 2109 2078 2174; baseline -0.003 -9"><span class='ocrx_word' id='word_1_253' title='bbox 528 2123 717 2165; x_wconf 67' lang='lat' dir='ltr'><strong>vestrae</strong></span> <span class='ocrx_word' id='word_1_254' title='bbox 751 2113 800 2164; x_wconf 90' lang='lat' dir='ltr'><strong>in</strong></span> <span class='ocrx_word' id='word_1_255' title='bbox 831 2113 1170 2167; x_wconf 87' lang='lat' dir='ltr'><strong>matrimonio</strong></span> <span class='ocrx_word' id='word_1_256' title='bbox 1203 2111 1571 2174; x_wconf 87' lang='lat' dir='ltr'><strong>tradiderunt,</strong></span> <span class='ocrx_word' id='word_1_257' title='bbox 1604 2111 1686 2165; x_wconf 91' lang='lat' dir='ltr'><strong>vel</strong></span> <span class='ocrx_word' id='word_1_258' title='bbox 1716 2109 1834 2162; x_wconf 81' lang='lat' dir='ltr'><strong>ﬁliis</strong></span> <span class='ocrx_word' id='word_1_259' title='bbox 1863 2118 1917 2164; x_wconf 90' lang='lat' dir='ltr'><strong>et</strong></span> <span class='ocrx_word' id='word_1_260' title='bbox 1949 2110 2078 2162; x_wconf 86' lang='lat' dir='ltr'><strong>lilia-</strong></span> 
     </span>
    </p>
   </div>
   <div class='ocr_carea' id='block_1_37' title="bbox 527 2201 2075 2273">
    <p class='ocr_par' dir='ltr' id='par_1_37' title="bbox 527 2201 2075 2273">
     <span class='ocr_line' id='line_1_37' title="bbox 527 2201 2075 2273; baseline -0.003 -15"><span class='ocrx_word' id='word_1_261' title='bbox 527 2204 619 2258; x_wconf 88' lang='lat' dir='ltr'><strong>bus</strong></span> <span class='ocrx_word' id='word_1_262' title='bbox 646 2206 734 2273; x_wconf 90' lang='lat' dir='ltr'><strong>qui</strong></span> <span class='ocrx_word' id='word_1_263' title='bbox 762 2220 831 2258; x_wconf 82' lang='lat' dir='ltr'><strong>ex</strong></span> <span class='ocrx_word' id='word_1_264' title='bbox 878 2208 955 2258; x_wconf 85' lang='lat' dir='ltr'><strong>eis</strong></span> <span class='ocrx_word' id='word_1_265' title='bbox 994 2206 1103 2257; x_wconf 86' lang='lat' dir='ltr'><strong>nati</strong></span> <span class='ocrx_word' id='word_1_266' title='bbox 1149 2215 1292 2257; x_wconf 90' lang='lat' dir='ltr'><strong>sunt.</strong></span> <span class='ocrx_word' id='word_1_267' title='bbox 1335 2203 1405 2255; x_wconf 89' lang='lat' dir='ltr'><strong>lta</strong></span> <span class='ocrx_word' id='word_1_268' title='bbox 1436 2217 1563 2256; x_wconf 87' lang='lat' dir='ltr'><strong>sane</strong></span> <span class='ocrx_word' id='word_1_269' title='bbox 1593 2211 1648 2254; x_wconf 87' lang='lat' dir='ltr'><strong>ut</strong></span> <span class='ocrx_word' id='word_1_270' title='bbox 1674 2203 1781 2255; x_wconf 86' lang='lat' dir='ltr'><strong>sint</strong></span> <span class='ocrx_word' id='word_1_271' title='bbox 1811 2201 2075 2269; x_wconf 88' lang='lat' dir='ltr'><strong>proaldio-</strong></span> 
     </span>
    </p>
   </div>
   <div class='ocr_carea' id='block_1_38' title="bbox 524 2289 2076 2361">
    <p class='ocr_par' dir='ltr' id='par_1_38' title="bbox 524 2289 2076 2361">
     <span class='ocr_line' id='line_1_38' title="bbox 524 2289 2076 2361; baseline -0.003 -15"><span class='ocrx_word' id='word_1_272' title='bbox 524 2310 655 2357; x_wconf 85' lang='lat' dir='ltr'><strong>nes,</strong></span> <span class='ocrx_word' id='word_1_273' title='bbox 704 2305 757 2348; x_wconf 92' lang='lat' dir='ltr'><strong>et</strong></span> <span class='ocrx_word' id='word_1_274' title='bbox 804 2294 1033 2347; x_wconf 88' lang='lat' dir='ltr'><strong>habeant</strong></span> <span class='ocrx_word' id='word_1_275' title='bbox 1079 2308 1169 2361; x_wconf 86' lang='lat' dir='ltr'><strong>per</strong></span> <span class='ocrx_word' id='word_1_276' title='bbox 1218 2303 1375 2360; x_wconf 80' lang='lat' dir='ltr'><strong>caput</strong></span> <span class='ocrx_word' id='word_1_277' title='bbox 1403 2292 1761 2359; x_wconf 82' lang='lat' dir='ltr'><strong>unusquisque</strong></span> <span class='ocrx_word' id='word_1_278' title='bbox 1811 2289 2076 2343; x_wconf 83' lang='lat' dir='ltr'><strong>muudinm</strong></span> 
     </span>
    </p>
   </div>
   <div class='ocr_carea' id='block_1_39' title="bbox 521 2380 2080 2453">
    <p class='ocr_par' dir='ltr' id='par_1_39' title="bbox 521 2380 2080 2453">
     <span class='ocr_line' id='line_1_39' title="bbox 521 2380 2080 2453; baseline -0.003 -18"><span class='ocrx_word' id='word_1_279' title='bbox 521 2383 721 2435; x_wconf 89' lang='lat' dir='ltr'><strong>solidos</strong></span> <span class='ocrx_word' id='word_1_280' title='bbox 744 2396 924 2449; x_wconf 88' lang='lat' dir='ltr'><strong>senos,</strong></span> <span class='ocrx_word' id='word_1_281' title='bbox 950 2384 1084 2436; x_wconf 86' lang='lat' dir='ltr'><strong>sieut</strong></span> <span class='ocrx_word' id='word_1_282' title='bbox 1108 2382 1256 2437; x_wconf 87' lang='lat' dir='ltr'><strong>vobis</strong></span> <span class='ocrx_word' id='word_1_283' title='bbox 1278 2390 1429 2436; x_wconf 81' lang='lat' dir='ltr'><strong>antea</strong></span> <span class='ocrx_word' id='word_1_284' title='bbox 1459 2381 1671 2453; x_wconf 43' lang='lat' dir='ltr'><strong>a5bnnaa</strong></span> <span class='ocrx_word' id='word_1_285' title='bbox 1698 2380 2080 2435; x_wconf 89' lang='lat' dir='ltr'><strong>recordationis</strong></span> 
     </span>
    </p>
   </div>
   <div class='ocr_carea' id='block_1_40' title="bbox 526 2470 2076 2545">
    <p class='ocr_par' dir='ltr' id='par_1_40' title="bbox 526 2470 2076 2545">
     <span class='ocr_line' id='line_1_40' title="bbox 526 2470 2076 2545; baseline 0.001 -25"><span class='ocrx_word' id='word_1_286' title='bbox 526 2471 742 2523; x_wconf 88' lang='lat' dir='ltr'><strong>domino</strong></span> <span class='ocrx_word' id='word_1_287' title='bbox 781 2481 834 2524; x_wconf 90' lang='lat' dir='ltr'><strong>et</strong></span> <span class='ocrx_word' id='word_1_288' title='bbox 876 2481 1023 2538; x_wconf 84' lang='lat' dir='ltr'><strong>patre</strong></span> <span class='ocrx_word' id='word_1_289' title='bbox 1071 2479 1255 2545; x_wconf 59' lang='lat' dir='ltr'><strong>nostro</strong></span> <span class='ocrx_word' id='word_1_290' title='bbox 1299 2485 1549 2525; x_wconf 86' lang='lat' dir='ltr'><strong>concessa</strong></span> <span class='ocrx_word' id='word_1_291' title='bbox 1590 2478 1744 2524; x_wconf 88' lang='lat' dir='ltr'><strong>sunt.</strong></span> <span class='ocrx_word' id='word_1_292' title='bbox 1802 2470 2076 2537; x_wconf 87' lang='lat' dir='ltr'><strong>Similique</strong></span> 
     </span>
    </p>
   </div>
   <div class='ocr_carea' id='block_1_41' title="bbox 528 2560 2075 2631">
    <p class='ocr_par' dir='ltr' id='par_1_41' title="bbox 528 2560 2075 2631">
     <span class='ocr_line' id='line_1_41' title="bbox 528 2560 2075 2631; baseline 0.003 -20"><span class='ocrx_word' id='word_1_293' title='bbox 528 2561 684 2613; x_wconf 89' lang='lat' dir='ltr'><strong>modo</strong></span> <span class='ocrx_word' id='word_1_294' title='bbox 733 2560 1003 2616; x_wconf 79' lang='lat' dir='ltr'><strong>ﬁrmamus</strong></span> <span class='ocrx_word' id='word_1_295' title='bbox 1053 2562 1204 2617; x_wconf 88' lang='lat' dir='ltr'><strong>vobis</strong></span> <span class='ocrx_word' id='word_1_296' title='bbox 1255 2563 1558 2631; x_wconf 81' lang='lat' dir='ltr'><strong>pensionem</strong></span> <span class='ocrx_word' id='word_1_297' title='bbox 1593 2562 1733 2616; x_wconf 88' lang='lat' dir='ltr'><strong>illam</strong></span> <span class='ocrx_word' id='word_1_298' title='bbox 1763 2561 1830 2616; x_wconf 86' lang='lat' dir='ltr'><strong>de</strong></span> <span class='ocrx_word' id='word_1_299' title='bbox 1852 2575 2075 2626; x_wconf 84' lang='lat' dir='ltr'><strong>sapone,</strong></span> 
     </span>
    </p>
   </div>
   <div class='ocr_carea' id='block_1_42' title="bbox 529 2650 2079 2721">
    <p class='ocr_par' dir='ltr' id='par_1_42' title="bbox 529 2650 2079 2721">
     <span class='ocr_line' id='line_1_42' title="bbox 529 2650 2079 2721; baseline 0.001 -17"><span class='ocrx_word' id='word_1_300' title='bbox 529 2652 627 2705; x_wconf 89' lang='lat' dir='ltr'><strong>hoc</strong></span> <span class='ocrx_word' id='word_1_301' title='bbox 675 2664 760 2707; x_wconf 92' lang='lat' dir='ltr'><strong>est</strong></span> <span class='ocrx_word' id='word_1_302' title='bbox 809 2650 981 2707; x_wconf 66' lang='lat' dir='ltr'><strong>lzbras‘</strong></span> <span class='ocrx_word' id='word_1_303' title='bbox 1018 2665 1119 2707; x_wconf 69' lang='lat' dir='ltr'><strong>sx:</strong></span> <span class='ocrx_word' id='word_1_304' title='bbox 1169 2670 1286 2721; x_wconf 69' lang='lat' dir='ltr'><strong>qua:</strong></span> <span class='ocrx_word' id='word_1_305' title='bbox 1325 2654 1517 2721; x_wconf 88' lang='lat' dir='ltr'><strong>palatio</strong></span> <span class='ocrx_word' id='word_1_306' title='bbox 1566 2663 1747 2707; x_wconf 90' lang='lat' dir='ltr'><strong>nostro</strong></span> <span class='ocrx_word' id='word_1_307' title='bbox 1777 2668 1840 2706; x_wconf 81' lang='lat' dir='ltr'><strong>es</strong></span> <span class='ocrx_word' id='word_1_308' title='bbox 1868 2654 2079 2707; x_wconf 89' lang='lat' dir='ltr'><strong>civitate</strong></span> 
     </span>
    </p>
   </div>
   <div class='ocr_carea' id='block_1_43' title="bbox 526 2742 2076 2811">
    <p class='ocr_par' dir='ltr' id='par_1_43' title="bbox 526 2742 2076 2811">
     <span class='ocr_line' id='line_1_43' title="bbox 526 2742 2076 2811; baseline 0.001 -18"><span class='ocrx_word' id='word_1_309' title='bbox 526 2742 829 2797; x_wconf 75' lang='lat' dir='ltr'><strong>Placentina</strong></span> <span class='ocrx_word' id='word_1_310' title='bbox 877 2742 1258 2809; x_wconf 88' lang='lat' dir='ltr'><strong>inferebantur,</strong></span> <span class='ocrx_word' id='word_1_311' title='bbox 1307 2754 1357 2796; x_wconf 90' lang='lat' dir='ltr'><strong>et</strong></span> <span class='ocrx_word' id='word_1_312' title='bbox 1394 2745 1459 2796; x_wconf 90' lang='lat' dir='ltr'><strong>ah</strong></span> <span class='ocrx_word' id='word_1_313' title='bbox 1502 2742 1727 2811; x_wconf 76' lang='lat' dir='ltr'><strong>ipsemet</strong></span> <span class='ocrx_word' id='word_1_314' title='bbox 1764 2751 1949 2809; x_wconf 85' lang='lat' dir='ltr'><strong>patruo</strong></span> <span class='ocrx_word' id='word_1_315' title='bbox 1979 2757 2076 2795; x_wconf 90' lang='lat' dir='ltr'><strong>no-</strong></span> 
     </span>
    </p>
   </div>
   <div class='ocr_carea' id='block_1_44' title="bbox 521 2830 2078 2899">
    <p class='ocr_par' dir='ltr' id='par_1_44' title="bbox 521 2830 2078 2899">
     <span class='ocr_line' id='line_1_44' title="bbox 521 2830 2078 2899; baseline 0 -16"><span class='ocrx_word' id='word_1_316' title='bbox 521 2844 634 2885; x_wconf 87' lang='lat' dir='ltr'><strong>stro</strong></span> <span class='ocrx_word' id='word_1_317' title='bbox 658 2832 722 2884; x_wconf 87' lang='lat' dir='ltr'><strong>ad</strong></span> <span class='ocrx_word' id='word_1_318' title='bbox 767 2845 1022 2899; x_wconf 86' lang='lat' dir='ltr'><strong>pauperes</strong></span> <span class='ocrx_word' id='word_1_319' title='bbox 1067 2832 1345 2885; x_wconf 88' lang='lat' dir='ltr'><strong>lavandum</strong></span> <span class='ocrx_word' id='word_1_320' title='bbox 1392 2846 1640 2886; x_wconf 86' lang='lat' dir='ltr'><strong>concessa</strong></span> <span class='ocrx_word' id='word_1_321' title='bbox 1668 2840 1810 2886; x_wconf 91' lang='lat' dir='ltr'><strong>sunt.</strong></span> <span class='ocrx_word' id='word_1_322' title='bbox 1861 2830 2078 2895; x_wconf 83' lang='lat' dir='ltr'><strong>Verum,</strong></span> 
     </span>
    </p>
   </div>
   <div class='ocr_carea' id='block_1_45' title="bbox 522 2920 2081 2990">
    <p class='ocr_par' dir='ltr' id='par_1_45' title="bbox 522 2920 2081 2990">
     <span class='ocr_line' id='line_1_45' title="bbox 522 2920 2081 2990; baseline 0.001 -18"><span class='ocrx_word' id='word_1_323' title='bbox 522 2922 643 2989; x_wconf 84' lang='lat' dir='ltr'><strong>quia</strong></span> <span class='ocrx_word' id='word_1_324' title='bbox 688 2930 741 2975; x_wconf 90' lang='lat' dir='ltr'><strong>et</strong></span> <span class='ocrx_word' id='word_1_325' title='bbox 769 2920 1073 2990; x_wconf 82' lang='lat' dir='ltr'><strong>suggessisti</strong></span> <span class='ocrx_word' id='word_1_326' title='bbox 1118 2922 1270 2976; x_wconf 86' lang='lat' dir='ltr'><strong>nobis</strong></span> <span class='ocrx_word' id='word_1_327' title='bbox 1295 2966 1308 2989; x_wconf 94' lang='lat'><strong>,</strong></span> <span class='ocrx_word' id='word_1_328' title='bbox 1347 2923 1484 2990; x_wconf 89' lang='lat' dir='ltr'><strong>quod</strong></span> <span class='ocrx_word' id='word_1_329' title='bbox 1527 2937 1554 2975; x_wconf 90' lang='lat' dir='ltr'><strong>a</strong></span> <span class='ocrx_word' id='word_1_330' title='bbox 1585 2924 1732 2976; x_wconf 66' lang='lat' dir='ltr'><strong>bona:</strong></span> <span class='ocrx_word' id='word_1_331' title='bbox 1760 2921 2081 2977; x_wconf 88' lang='lat' dir='ltr'><strong>recordatio-</strong></span> 
     </span>
    </p>
   </div>
   <div class='ocr_carea' id='block_1_46' title="bbox 525 3011 2081 3081">
    <p class='ocr_par' dir='ltr' id='par_1_46' title="bbox 525 3011 2081 3081">
     <span class='ocr_line' id='line_1_46' title="bbox 525 3011 2081 3081; baseline -0.002 -13"><span class='ocrx_word' id='word_1_332' title='bbox 525 3014 607 3068; x_wconf 91' lang='lat' dir='ltr'><strong>uis</strong></span> <span class='ocrx_word' id='word_1_333' title='bbox 655 3011 872 3066; x_wconf 89' lang='lat' dir='ltr'><strong>domino</strong></span> <span class='ocrx_word' id='word_1_334' title='bbox 922 3020 1107 3065; x_wconf 88' lang='lat' dir='ltr'><strong>nostro</strong></span> <span class='ocrx_word' id='word_1_335' title='bbox 1151 3026 1400 3066; x_wconf 89' lang='lat' dir='ltr'><strong>concessa</strong></span> <span class='ocrx_word' id='word_1_336' title='bbox 1448 3012 1609 3066; x_wconf 88' lang='lat' dir='ltr'><strong>fuisse</strong></span> <span class='ocrx_word' id='word_1_337' title='bbox 1647 3026 1709 3065; x_wconf 78' lang='lat' dir='ltr'><strong>ex</strong></span> <span class='ocrx_word' id='word_1_338' title='bbox 1745 3022 1930 3078; x_wconf 90' lang='lat' dir='ltr'><strong>portu,</strong></span> <span class='ocrx_word' id='word_1_339' title='bbox 1963 3027 2081 3081; x_wconf 73' lang='lat' dir='ltr'><strong>quae</strong></span> 
     </span>
    </p>
   </div>
   <div class='ocr_carea' id='block_1_47' title="bbox 528 3100 2081 3169">
    <p class='ocr_par' dir='ltr' id='par_1_47' title="bbox 528 3100 2081 3169">
     <span class='ocr_line' id='line_1_47' title="bbox 528 3100 2081 3169; baseline -0.005 -11"><span class='ocrx_word' id='word_1_340' title='bbox 528 3104 722 3158; x_wconf 88' lang='lat' dir='ltr'><strong>dicitur</strong></span> <span class='ocrx_word' id='word_1_341' title='bbox 744 3101 1024 3163; x_wconf 87' lang='lat' dir='ltr'><strong>Codaleto,</strong></span> <span class='ocrx_word' id='word_1_342' title='bbox 1054 3103 1265 3169; x_wconf 86' lang='lat' dir='ltr'><strong>quando</strong></span> <span class='ocrx_word' id='word_1_343' title='bbox 1292 3103 1360 3155; x_wconf 90' lang='lat' dir='ltr'><strong>ibi</strong></span> <span class='ocrx_word' id='word_1_344' title='bbox 1393 3116 1553 3155; x_wconf 89' lang='lat' dir='ltr'><strong>naves</strong></span> <span class='ocrx_word' id='word_1_345' title='bbox 1595 3100 1883 3157; x_wconf 82' lang='lat' dir='ltr'><strong>militorutn</strong></span> <span class='ocrx_word' id='word_1_346' title='bbox 1913 3101 2081 3167; x_wconf 87' lang='lat' dir='ltr'><strong>appli-</strong></span> 
     </span>
    </p>
   </div>
   <div class='ocr_carea' id='block_1_48' title="bbox 2182 1932 3722 2003">
    <p class='ocr_par' dir='ltr' id='par_1_48' title="bbox 2182 1932 3722 2003">
     <span class='ocr_line' id='line_1_48' title="bbox 2182 1932 3722 2003; baseline 0.003 -20"><span class='ocrx_word' id='word_1_347' title='bbox 2182 1932 2552 1999; x_wconf 78' lang='lat' dir='ltr'><strong>przennininata</strong></span> <span class='ocrx_word' id='word_1_348' title='bbox 2600 1933 2900 2003; x_wconf 86' lang='lat' dir='ltr'><strong>baptisteria</strong></span> <span class='ocrx_word' id='word_1_349' title='bbox 2926 1974 2940 1998; x_wconf 93' lang='lat'><strong>,</strong></span> <span class='ocrx_word' id='word_1_350' title='bbox 2969 1936 2979 1951; x_wconf 90' lang='lat'>‘</span> <span class='ocrx_word' id='word_1_351' title='bbox 3009 1950 3039 1988; x_wconf 90' lang='lat' dir='ltr'><strong>a</strong></span> <span class='ocrx_word' id='word_1_352' title='bbox 3085 1944 3323 1999; x_wconf 90' lang='lat' dir='ltr'><strong>tempore</strong></span> <span class='ocrx_word' id='word_1_353' title='bbox 3374 1935 3722 1988; x_wconf 81' lang='lat' dir='ltr'><strong>Romanorum</strong></span> 
     </span>
    </p>
   </div>
   <div class='ocr_carea' id='block_1_49' title="bbox 2182 2024 3727 2095">
    <p class='ocr_par' dir='ltr' id='par_1_49' title="bbox 2182 2024 3727 2095">
     <span class='ocr_line' id='line_1_49' title="bbox 2182 2024 3727 2095; baseline 0.004 -21"><span class='ocrx_word' id='word_1_354' title='bbox 2182 2024 2557 2090; x_wconf 88' lang='lat' dir='ltr'><strong>imperatorum</strong></span> <span class='ocrx_word' id='word_1_355' title='bbox 2588 2040 2798 2091; x_wconf 78' lang='lat' dir='ltr'><strong>semper</strong></span> <span class='ocrx_word' id='word_1_356' title='bbox 2826 2026 2979 2079; x_wconf 87' lang='lat' dir='ltr'><strong>sedes</strong></span> <span class='ocrx_word' id='word_1_357' title='bbox 2999 2030 3165 2081; x_wconf 88' lang='lat' dir='ltr'><strong>sancti</strong></span> <span class='ocrx_word' id='word_1_358' title='bbox 3197 2029 3381 2081; x_wconf 89' lang='lat' dir='ltr'><strong>Donati</strong></span> <span class='ocrx_word' id='word_1_359' title='bbox 3404 2029 3541 2095; x_wconf 85' lang='lat' dir='ltr'><strong>ipsas</strong></span> <span class='ocrx_word' id='word_1_360' title='bbox 3559 2028 3727 2082; x_wconf 80' lang='lat' dir='ltr'><strong>eccle-</strong></span> 
     </span>
    </p>
   </div>
   <div class='ocr_carea' id='block_1_50' title="bbox 2178 2114 3721 2179">
    <p class='ocr_par' dir='ltr' id='par_1_50' title="bbox 2178 2114 3721 2179">
     <span class='ocr_line' id='line_1_50' title="bbox 2178 2114 3721 2179; baseline 0.003 -15"><span class='ocrx_word' id='word_1_361' title='bbox 2178 2114 2283 2165; x_wconf 75' lang='lat' dir='ltr'><strong>sias</strong></span> <span class='ocrx_word' id='word_1_362' title='bbox 2334 2114 2738 2179; x_wconf 68' lang='lat' dir='ltr'><strong>praenominatas</strong></span> <span class='ocrx_word' id='word_1_363' title='bbox 2784 2116 3073 2178; x_wconf 83' lang='lat' dir='ltr'><strong>ordinavit;</strong></span> <span class='ocrx_word' id='word_1_364' title='bbox 3144 2127 3195 2170; x_wconf 91' lang='lat' dir='ltr'><strong>et</strong></span> <span class='ocrx_word' id='word_1_365' title='bbox 3243 2126 3624 2171; x_wconf 84' lang='lat' dir='ltr'><strong>sacramentum</strong></span> <span class='ocrx_word' id='word_1_366' title='bbox 3676 2119 3721 2169; x_wconf 86' lang='lat' dir='ltr'><strong>in</strong></span> 
     </span>
    </p>
   </div>
   <div class='ocr_carea' id='block_1_51' title="bbox 2180 2202 3725 2273">
    <p class='ocr_par' dir='ltr' id='par_1_51' title="bbox 2180 2202 3725 2273">
     <span class='ocr_line' id='line_1_51' title="bbox 2180 2202 3725 2273; baseline 0.003 -19"><span class='ocrx_word' id='word_1_367' title='bbox 2180 2203 2517 2271; x_wconf 84' lang='lat' dir='ltr'><strong>presbyteros</strong></span> <span class='ocrx_word' id='word_1_368' title='bbox 2546 2202 2691 2266; x_wconf 86' lang='lat' dir='ltr'><strong>fecit,</strong></span> <span class='ocrx_word' id='word_1_369' title='bbox 2722 2215 2775 2258; x_wconf 93' lang='lat' dir='ltr'><strong>et</strong></span> <span class='ocrx_word' id='word_1_370' title='bbox 2803 2206 3034 2257; x_wconf 89' lang='lat' dir='ltr'><strong>chrisma</strong></span> <span class='ocrx_word' id='word_1_371' title='bbox 3065 2220 3277 2273; x_wconf 86' lang='lat' dir='ltr'><strong>semper</strong></span> <span class='ocrx_word' id='word_1_372' title='bbox 3306 2206 3373 2259; x_wconf 87' lang='lat' dir='ltr'><strong>de</strong></span> <span class='ocrx_word' id='word_1_373' title='bbox 3400 2206 3576 2259; x_wconf 82' lang='lat' dir='ltr'><strong>eadem</strong></span> <span class='ocrx_word' id='word_1_374' title='bbox 3602 2207 3725 2258; x_wconf 88' lang='lat' dir='ltr'><strong>sede</strong></span> 
     </span>
    </p>
   </div>
   <div class='ocr_carea' id='block_1_52' title="bbox 2182 2292 3720 2361">
    <p class='ocr_par' dir='ltr' id='par_1_52' title="bbox 2182 2292 3720 2361">
     <span class='ocr_line' id='line_1_52' title="bbox 2182 2292 3720 2361; baseline 0.003 -18"><span class='ocrx_word' id='word_1_375' title='bbox 2182 2292 2485 2357; x_wconf 87' lang='lat' dir='ltr'><strong>petierunt,</strong></span> <span class='ocrx_word' id='word_1_376' title='bbox 2519 2303 2573 2343; x_wconf 88' lang='lat' dir='ltr'><strong>et</strong></span> <span class='ocrx_word' id='word_1_377' title='bbox 2620 2292 2951 2360; x_wconf 88' lang='lat' dir='ltr'><strong>presbyteros</strong></span> <span class='ocrx_word' id='word_1_378' title='bbox 2979 2332 2994 2357; x_wconf 90' lang='lat'><strong>,</strong></span> <span class='ocrx_word' id='word_1_379' title='bbox 3045 2294 3132 2361; x_wconf 90' lang='lat' dir='ltr'><strong>qui</strong></span> <span class='ocrx_word' id='word_1_380' title='bbox 3176 2295 3336 2347; x_wconf 88' lang='lat' dir='ltr'><strong>modo</strong></span> <span class='ocrx_word' id='word_1_381' title='bbox 3368 2304 3649 2360; x_wconf 70' lang='lat' dir='ltr'><strong>prmeentes</strong></span> <span class='ocrx_word' id='word_1_382' title='bbox 3674 2297 3720 2347; x_wconf 91' lang='lat' dir='ltr'><strong>in</strong></span> 
     </span>
    </p>
   </div>
   <div class='ocr_carea' id='block_1_53' title="bbox 2181 2382 3721 2459">
    <p class='ocr_par' dir='ltr' id='par_1_53' title="bbox 2181 2382 3721 2459">
     <span class='ocr_line' id='line_1_53' title="bbox 2181 2382 3721 2459; baseline 0.002 -26"><span class='ocrx_word' id='word_1_383' title='bbox 2181 2382 2294 2433; x_wconf 85' lang='lat' dir='ltr'><strong>istis</strong></span> <span class='ocrx_word' id='word_1_384' title='bbox 2322 2382 2561 2435; x_wconf 91' lang='lat' dir='ltr'><strong>ecclesiis</strong></span> <span class='ocrx_word' id='word_1_385' title='bbox 2603 2398 2722 2438; x_wconf 86' lang='lat' dir='ltr'><strong>esse</strong></span> <span class='ocrx_word' id='word_1_386' title='bbox 2769 2394 3077 2450; x_wconf 83' lang='lat' dir='ltr'><strong>noscuntur,</strong></span> <span class='ocrx_word' id='word_1_387' title='bbox 3128 2396 3490 2459; x_wconf 84' lang='lat' dir='ltr'><strong>antecessores</strong></span> <span class='ocrx_word' id='word_1_388' title='bbox 3542 2386 3721 2445; x_wconf 87' lang='lat' dir='ltr'><strong>nostri,</strong></span> 
     </span>
    </p>
   </div>
   <div class='ocr_carea' id='block_1_54' title="bbox 2178 2472 3721 2543">
    <p class='ocr_par' dir='ltr' id='par_1_54' title="bbox 2178 2472 3721 2543">
     <span class='ocr_line' id='line_1_54' title="bbox 2178 2472 3721 2543; baseline 0.001 -19"><span class='ocrx_word' id='word_1_389' title='bbox 2178 2480 2231 2524; x_wconf 90' lang='lat' dir='ltr'><strong>et</strong></span> <span class='ocrx_word' id='word_1_390' title='bbox 2278 2486 2373 2525; x_wconf 88' lang='lat' dir='ltr'><strong>nos</strong></span> <span class='ocrx_word' id='word_1_391' title='bbox 2416 2472 2608 2526; x_wconf 89' lang='lat' dir='ltr'><strong>ibidem</strong></span> <span class='ocrx_word' id='word_1_392' title='bbox 2654 2474 3034 2529; x_wconf 87' lang='lat' dir='ltr'><strong>ordinavimus.</strong></span> <span class='ocrx_word' id='word_1_393' title='bbox 3105 2477 3184 2529; x_wconf 87' lang='lat' dir='ltr'><strong>Ad</strong></span> <span class='ocrx_word' id='word_1_394' title='bbox 3232 2477 3346 2530; x_wconf 75' lang='lat' dir='ltr'><strong>hzee</strong></span> <span class='ocrx_word' id='word_1_395' title='bbox 3384 2476 3721 2543; x_wconf 68' lang='lat' dir='ltr'><strong>respondebat</strong></span> 
     </span>
    </p>
   </div>
   <div class='ocr_carea' id='block_1_55' title="bbox 2180 2564 3722 2634">
    <p class='ocr_par' dir='ltr' id='par_1_55' title="bbox 2180 2564 3722 2634">
     <span class='ocr_line' id='line_1_55' title="bbox 2180 2564 3722 2634; baseline 0.004 -22"><span class='ocrx_word' id='word_1_396' title='bbox 2180 2564 2589 2628; x_wconf 72' lang='lat' dir='ltr'><strong>praenomiuatus</strong></span> <span class='ocrx_word' id='word_1_397' title='bbox 2634 2564 2892 2619; x_wconf 87' lang='lat' dir='ltr'><strong>Deodatus</strong></span> <span class='ocrx_word' id='word_1_398' title='bbox 2935 2567 3217 2634; x_wconf 86' lang='lat' dir='ltr'><strong>episcopus</strong></span> <span class='ocrx_word' id='word_1_399' title='bbox 3260 2564 3515 2623; x_wconf 82' lang='lat' dir='ltr'><strong>Senensis</strong></span> <span class='ocrx_word' id='word_1_400' title='bbox 3544 2568 3722 2620; x_wconf 80' lang='lat' dir='ltr'><strong>civiu-</strong></span> 
     </span>
    </p>
   </div>
   <div class='ocr_carea' id='block_1_56' title="bbox 2179 2650 3721 2724">
    <p class='ocr_par' dir='ltr' id='par_1_56' title="bbox 2179 2650 3721 2724">
     <span class='ocr_line' id='line_1_56' title="bbox 2179 2650 3721 2724; baseline 0.003 -22"><span class='ocrx_word' id='word_1_401' title='bbox 2179 2651 2246 2703; x_wconf 88' lang='lat' dir='ltr'><strong>tis</strong></span> <span class='ocrx_word' id='word_1_402' title='bbox 2272 2668 2285 2714; x_wconf 92' lang='lat'><strong>;</strong></span> <span class='ocrx_word' id='word_1_403' title='bbox 2316 2653 2454 2719; x_wconf 90' lang='lat' dir='ltr'><strong>quod</strong></span> <span class='ocrx_word' id='word_1_404' title='bbox 2483 2653 2718 2707; x_wconf 79' lang='lat' dir='ltr'><strong>ecclesia:</strong></span> <span class='ocrx_word' id='word_1_405' title='bbox 2743 2654 2856 2707; x_wconf 66' lang='lat' dir='ltr'><strong>ista:</strong></span> <span class='ocrx_word' id='word_1_406' title='bbox 2886 2655 2967 2707; x_wconf 89' lang='lat' dir='ltr'><strong>vel</strong></span> <span class='ocrx_word' id='word_1_407' title='bbox 2990 2650 3168 2707; x_wconf 79' lang='lat' dir='ltr'><strong>&#39;fiocia</strong></span> <span class='ocrx_word' id='word_1_408' title='bbox 3192 2655 3325 2724; x_wconf 77' lang='grc' dir='ltr'><strong>[Αι.,</strong></span> <span class='ocrx_word' id='word_1_409' title='bbox 3351 2654 3565 2724; x_wconf 83' lang='lat' dir='ltr'><strong>Diocia},</strong></span> <span class='ocrx_word' id='word_1_410' title='bbox 3590 2655 3721 2707; x_wconf 89' lang='lat' dir='ltr'><strong>unde</strong></span> 
     </span>
    </p>
   </div>
   <div class='ocr_carea' id='block_1_57' title="bbox 2181 2741 3719 2809">
    <p class='ocr_par' dir='ltr' id='par_1_57' title="bbox 2181 2741 3719 2809">
     <span class='ocr_line' id='line_1_57' title="bbox 2181 2741 3719 2809; baseline 0.005 -18"><span class='ocrx_word' id='word_1_411' title='bbox 2181 2742 2390 2809; x_wconf 82' lang='lat' dir='ltr'><strong>agimus</strong></span> <span class='ocrx_word' id='word_1_412' title='bbox 2422 2741 2472 2794; x_wconf 91' lang='lat' dir='ltr'><strong>in</strong></span> <span class='ocrx_word' id='word_1_413' title='bbox 2503 2743 2769 2795; x_wconf 91' lang='lat' dir='ltr'><strong>territorio</strong></span> <span class='ocrx_word' id='word_1_414' title='bbox 2798 2742 3019 2798; x_wconf 85' lang='lat' dir='ltr'><strong>Senensi</strong></span> <span class='ocrx_word' id='word_1_415' title='bbox 3067 2744 3249 2809; x_wconf 68' lang='lat' dir='ltr'><strong>posita</strong></span> <span class='ocrx_word' id='word_1_416' title='bbox 3277 2753 3431 2806; x_wconf 89' lang='lat' dir='ltr'><strong>sunt,</strong></span> <span class='ocrx_word' id='word_1_417' title='bbox 3461 2754 3512 2798; x_wconf 90' lang='lat' dir='ltr'><strong>et</strong></span> <span class='ocrx_word' id='word_1_418' title='bbox 3537 2744 3598 2797; x_wconf 88' lang='lat' dir='ltr'><strong>ad</strong></span> <span class='ocrx_word' id='word_1_419' title='bbox 3627 2744 3719 2798; x_wconf 86' lang='lat' dir='ltr'><strong>Se-</strong></span> 
     </span>
    </p>
   </div>
   <div class='ocr_carea' id='block_1_58' title="bbox 2182 2818 3717 2901">
    <p class='ocr_par' dir='ltr' id='par_1_58' title="bbox 2182 2818 3717 2901">
     <span class='ocr_line' id='line_1_58' title="bbox 2182 2818 3717 2901; baseline 0.001 -17"><span class='ocrx_word' id='word_1_420' title='bbox 2182 2846 2397 2885; x_wconf 89' lang='lat' dir='ltr'><strong>nensem</strong></span> <span class='ocrx_word' id='word_1_421' title='bbox 2422 2818 2703 2885; x_wconf 90' lang='lat' dir='ltr'><strong>ecclesiam</strong></span> <span class='ocrx_word' id='word_1_422' title='bbox 2726 2832 2919 2886; x_wconf 91' lang='lat' dir='ltr'><strong>debent</strong></span> <span class='ocrx_word' id='word_1_423' title='bbox 2952 2834 3236 2899; x_wconf 86' lang='lat' dir='ltr'><strong>pertinere,</strong></span> <span class='ocrx_word' id='word_1_424' title='bbox 3275 2832 3394 2901; x_wconf 85' lang='lat' dir='ltr'><strong>quia</strong></span> <span class='ocrx_word' id='word_1_425' title='bbox 3416 2832 3537 2887; x_wconf 87' lang='lat' dir='ltr'><strong>dum</strong></span> <span class='ocrx_word' id='word_1_426' title='bbox 3577 2833 3717 2886; x_wconf 80' lang='lat' dir='ltr'><strong>Lon-</strong></span> 
     </span>
    </p>
   </div>
   <div class='ocr_carea' id='block_1_59' title="bbox 2184 2920 3717 2989">
    <p class='ocr_par' dir='ltr' id='par_1_59' title="bbox 2184 2920 3717 2989">
     <span class='ocr_line' id='line_1_59' title="bbox 2184 2920 3717 2989; baseline 0 -16"><span class='ocrx_word' id='word_1_427' title='bbox 2184 2920 2400 2989; x_wconf 87' lang='lat' dir='ltr'><strong>gobardi</strong></span> <span class='ocrx_word' id='word_1_428' title='bbox 2432 2920 2676 2973; x_wconf 80' lang='lat' dir='ltr'><strong>Tusciam</strong></span> <span class='ocrx_word' id='word_1_429' title='bbox 2723 2931 3108 2989; x_wconf 84' lang='lat' dir='ltr'><strong>occupassent,</strong></span> <span class='ocrx_word' id='word_1_430' title='bbox 3153 2923 3203 2975; x_wconf 92' lang='lat' dir='ltr'><strong>in</strong></span> <span class='ocrx_word' id='word_1_431' title='bbox 3245 2922 3479 2977; x_wconf 87' lang='lat' dir='ltr'><strong>Senense</strong></span> <span class='ocrx_word' id='word_1_432' title='bbox 3516 2922 3717 2976; x_wconf 84' lang='lat' dir='ltr'><strong>civitate</strong></span> 
     </span>
    </p>
   </div>
   <div class='ocr_carea' id='block_1_60' title="bbox 2182 3010 3712 3080">
    <p class='ocr_par' dir='ltr' id='par_1_60' title="bbox 2182 3010 3712 3080">
     <span class='ocr_line' id='line_1_60' title="bbox 2182 3010 3712 3080; baseline 0.002 -17"><span class='ocrx_word' id='word_1_433' title='bbox 2182 3010 2397 3065; x_wconf 89' lang='lat' dir='ltr'><strong>minime</strong></span> <span class='ocrx_word' id='word_1_434' title='bbox 2423 3011 2703 3078; x_wconf 90' lang='lat' dir='ltr'><strong>episc0pus</strong></span> <span class='ocrx_word' id='word_1_435' title='bbox 2734 3011 2917 3066; x_wconf 80' lang='lat' dir='ltr'><strong>fuisset</strong></span> <span class='ocrx_word' id='word_1_436' title='bbox 2944 3013 3216 3066; x_wconf 88' lang='lat' dir='ltr'><strong>ordinatus</strong></span> <span class='ocrx_word' id='word_1_437' title='bbox 3253 3031 3265 3065; x_wconf 93' lang='lat'>:</span> <span class='ocrx_word' id='word_1_438' title='bbox 3314 3015 3582 3080; x_wconf 85' lang='lat' dir='ltr'><strong>episcopus</strong></span> <span class='ocrx_word' id='word_1_439' title='bbox 3610 3015 3712 3077; x_wconf 86' lang='lat' dir='ltr'><strong>ille,</strong></span> 
     </span>
    </p>
   </div>
   <div class='ocr_carea' id='block_1_61' title="bbox 2181 3099 3715 3167">
    <p class='ocr_par' dir='ltr' id='par_1_61' title="bbox 2181 3099 3715 3167">
     <span class='ocr_line' id='line_1_61' title="bbox 2181 3099 3715 3167; baseline 0.002 -17"><span class='ocrx_word' id='word_1_440' title='bbox 2181 3100 2266 3166; x_wconf 93' lang='lat' dir='ltr'><strong>qui</strong></span> <span class='ocrx_word' id='word_1_441' title='bbox 2308 3099 2357 3151; x_wconf 93' lang='lat' dir='ltr'><strong>in</strong></span> <span class='ocrx_word' id='word_1_442' title='bbox 2407 3100 2624 3153; x_wconf 82' lang='lat' dir='ltr'><strong>Aretino</strong></span> <span class='ocrx_word' id='word_1_443' title='bbox 2657 3111 2777 3155; x_wconf 87' lang='lat' dir='ltr'><strong>tunc</strong></span> <span class='ocrx_word' id='word_1_444' title='bbox 2824 3101 3075 3166; x_wconf 91' lang='lat' dir='ltr'><strong>temporis</strong></span> <span class='ocrx_word' id='word_1_445' title='bbox 3125 3110 3278 3167; x_wconf 90' lang='lat' dir='ltr'><strong>erat,</strong></span> <span class='ocrx_word' id='word_1_446' title='bbox 3329 3103 3569 3157; x_wconf 85' lang='lat' dir='ltr'><strong>ecclesias</strong></span> <span class='ocrx_word' id='word_1_447' title='bbox 3595 3102 3715 3155; x_wconf 82' lang='lat' dir='ltr'><strong>istas</strong></span> 
     </span>
    </p>
   </div>
   <div class='ocr_carea' id='block_1_62' title="bbox 522 3180 3708 3265">
    <p class='ocr_par' dir='ltr' id='par_1_62' title="bbox 522 3180 3708 3265">
     <span class='ocr_line' id='line_1_62' title="bbox 522 3180 3708 3265; baseline 0 -18"><span class='ocrx_word' id='word_1_448' title='bbox 522 3192 767 3247; x_wconf 88' lang='lat' dir='ltr'><strong>caverint</strong></span> <span class='ocrx_word' id='word_1_449' title='bbox 796 3193 860 3245; x_wconf 93' lang='lat' dir='ltr'><strong>ad</strong></span> <span class='ocrx_word' id='word_1_450' title='bbox 891 3192 1262 3261; x_wconf 80' lang='lat' dir='ltr'><strong>negotiandum</strong></span> <span class='ocrx_word' id='word_1_451' title='bbox 1286 3233 1303 3258; x_wconf 84' lang='lat'><strong>,</strong></span> <span class='ocrx_word' id='word_1_452' title='bbox 1345 3206 1528 3245; x_wconf 84' lang='lat' dir='ltr'><strong>navem</strong></span> <span class='ocrx_word' id='word_1_453' title='bbox 1562 3205 1717 3244; x_wconf 88' lang='lat' dir='ltr'><strong>unam</strong></span> <span class='ocrx_word' id='word_1_454' title='bbox 1762 3189 1983 3245; x_wconf 82' lang='lat' dir='ltr'><strong>tuleritis</strong></span> <span class='ocrx_word' id='word_1_455' title='bbox 2012 3189 2076 3242; x_wconf 90' lang='lat' dir='ltr'><strong>ad</strong></span> <span class='ocrx_word' id='word_1_456' title='bbox 2107 3180 2151 3239; x_wconf 85' lang='lat' dir='ltr'><strong>C</strong></span> <span class='ocrx_word' id='word_1_457' title='bbox 2186 3189 2500 3256; x_wconf 86' lang='lat' dir='ltr'><strong>possidebat,</strong></span> <span class='ocrx_word' id='word_1_458' title='bbox 2550 3200 2605 3246; x_wconf 91' lang='lat' dir='ltr'><strong>et</strong></span> <span class='ocrx_word' id='word_1_459' title='bbox 2632 3192 2811 3258; x_wconf 90' lang='lat' dir='ltr'><strong>etiam,</strong></span> <span class='ocrx_word' id='word_1_460' title='bbox 2842 3193 2983 3261; x_wconf 82' lang='lat' dir='ltr'><strong>quod</strong></span> <span class='ocrx_word' id='word_1_461' title='bbox 3022 3201 3222 3247; x_wconf 86' lang='lat' dir='ltr'><strong>certum</strong></span> <span class='ocrx_word' id='word_1_462' title='bbox 3263 3204 3362 3262; x_wconf 85' lang='lat' dir='ltr'><strong>est,</strong></span> <span class='ocrx_word' id='word_1_463' title='bbox 3390 3194 3708 3265; x_wconf 73' lang='lat' dir='ltr'><strong>presbyteros</strong></span> 
     </span>
    </p>
   </div>
   <div class='ocr_carea' id='block_1_63' title="bbox 526 3279 2080 3351">
    <p class='ocr_par' dir='ltr' id='par_1_63' title="bbox 526 3279 2080 3351">
     <span class='ocr_line' id='line_1_63' title="bbox 526 3279 2080 3351; baseline -0.003 -14"><span class='ocrx_word' id='word_1_464' title='bbox 526 3297 680 3337; x_wconf 84' lang='lat' dir='ltr'><strong>usum</strong></span> <span class='ocrx_word' id='word_1_465' title='bbox 711 3283 1095 3351; x_wconf 82' lang='lat' dir='ltr'><strong>pauperorum;</strong></span> <span class='ocrx_word' id='word_1_466' title='bbox 1144 3297 1241 3336; x_wconf 87' lang='lat' dir='ltr'><strong>nos</strong></span> <span class='ocrx_word' id='word_1_467' title='bbox 1286 3298 1410 3334; x_wconf 86' lang='lat' dir='ltr'><strong>vero</strong></span> <span class='ocrx_word' id='word_1_468' title='bbox 1440 3282 1589 3350; x_wconf 81' lang='lat' dir='ltr'><strong>juxta</strong></span> <span class='ocrx_word' id='word_1_469' title='bbox 1632 3281 1857 3350; x_wconf 88' lang='lat' dir='ltr'><strong>qualiter</strong></span> <span class='ocrx_word' id='word_1_470' title='bbox 1894 3280 1984 3333; x_wconf 88' lang='lat' dir='ltr'><strong>tibi</strong></span> <span class='ocrx_word' id='word_1_471' title='bbox 2014 3279 2080 3333; x_wconf 84' lang='lat' dir='ltr'><strong>ab</strong></span> 
     </span>
    </p>
   </div>
   <div class='ocr_carea' id='block_1_64' title="bbox 528 3369 2081 3441">
    <p class='ocr_par' dir='ltr' id='par_1_64' title="bbox 528 3369 2081 3441">
     <span class='ocr_line' id='line_1_64' title="bbox 528 3369 2081 3441; baseline -0.004 -14"><span class='ocrx_word' id='word_1_472' title='bbox 528 3375 643 3441; x_wconf 87' lang='lat' dir='ltr'><strong>ipso</strong></span> <span class='ocrx_word' id='word_1_473' title='bbox 671 3388 924 3428; x_wconf 90' lang='lat' dir='ltr'><strong>concessa</strong></span> <span class='ocrx_word' id='word_1_474' title='bbox 952 3382 1055 3437; x_wconf 87' lang='lat' dir='ltr'><strong>est,</strong></span> <span class='ocrx_word' id='word_1_475' title='bbox 1078 3380 1133 3427; x_wconf 88' lang='lat' dir='ltr'><strong>et</strong></span> <span class='ocrx_word' id='word_1_476' title='bbox 1162 3386 1326 3441; x_wconf 90' lang='lat' dir='ltr'><strong>usque</strong></span> <span class='ocrx_word' id='word_1_477' title='bbox 1356 3386 1494 3425; x_wconf 92' lang='lat' dir='ltr'><strong>nunc</strong></span> <span class='ocrx_word' id='word_1_478' title='bbox 1524 3371 1737 3434; x_wconf 87' lang='lat' dir='ltr'><strong>tulistis,</strong></span> <span class='ocrx_word' id='word_1_479' title='bbox 1767 3370 1837 3424; x_wconf 90' lang='lat' dir='ltr'><strong>ita</strong></span> <span class='ocrx_word' id='word_1_480' title='bbox 1868 3370 1958 3424; x_wconf 90' lang='lat' dir='ltr'><strong>tibi</strong></span> <span class='ocrx_word' id='word_1_481' title='bbox 1993 3369 2081 3422; x_wconf 89' lang='lat' dir='ltr'><strong>lir-</strong></span> 
     </span>
    </p>
   </div>
   <div class='ocr_carea' id='block_1_65' title="bbox 525 3461 2077 3529">
    <p class='ocr_par' dir='ltr' id='par_1_65' title="bbox 525 3461 2077 3529">
     <span class='ocr_line' id='line_1_65' title="bbox 525 3461 2077 3529; baseline -0.003 -14"><span class='ocrx_word' id='word_1_482' title='bbox 525 3479 748 3529; x_wconf 78' lang='lat' dir='ltr'><strong>rnamus,</strong></span> <span class='ocrx_word' id='word_1_483' title='bbox 780 3475 833 3517; x_wconf 92' lang='lat' dir='ltr'><strong>ut</strong></span> <span class='ocrx_word' id='word_1_484' title='bbox 860 3463 1033 3517; x_wconf 86' lang='lat' dir='ltr'><strong>taliter</strong></span> <span class='ocrx_word' id='word_1_485' title='bbox 1063 3463 1213 3516; x_wconf 86' lang='lat' dir='ltr'><strong>tollas</strong></span> <span class='ocrx_word' id='word_1_486' title='bbox 1235 3463 1286 3515; x_wconf 91' lang='lat' dir='ltr'><strong>in</strong></span> <span class='ocrx_word' id='word_1_487' title='bbox 1301 3473 1422 3516; x_wconf 91' lang='lat' dir='ltr'><strong>ante</strong></span> <span class='ocrx_word' id='word_1_488' title='bbox 1441 3463 1575 3516; x_wconf 87' lang='lat' dir='ltr'><strong>sicut</strong></span> <span class='ocrx_word' id='word_1_489' title='bbox 1602 3461 2077 3529; x_wconf 88' lang='lat' dir='ltr'><strong>ipsovivente,etc.</strong></span> 
     </span>
    </p>
   </div>
   <div class='ocr_carea' id='block_1_66' title="bbox 532 3550 2080 3621">
    <p class='ocr_par' dir='ltr' id='par_1_66' title="bbox 532 3550 2080 3621">
     <span class='ocr_line' id='line_1_66' title="bbox 532 3550 2080 3621; baseline -0.003 -14"><span class='ocrx_word' id='word_1_490' title='bbox 532 3556 607 3607; x_wconf 80' lang='lat' dir='ltr'><strong>Es</strong></span> <span class='ocrx_word' id='word_1_491' title='bbox 642 3554 784 3607; x_wconf 92' lang='lat' dir='ltr'><strong>dicto</strong></span> <span class='ocrx_word' id='word_1_492' title='bbox 807 3553 1006 3606; x_wconf 92' lang='lat' dir='ltr'><strong>domini</strong></span> <span class='ocrx_word' id='word_1_493' title='bbox 1039 3553 1198 3621; x_wconf 83' lang='lat' dir='ltr'><strong>regis.</strong></span> <span class='ocrx_word' id='word_1_494' title='bbox 1231 3562 1281 3605; x_wconf 91' lang='lat' dir='ltr'><strong>et</strong></span> <span class='ocrx_word' id='word_1_495' title='bbox 1308 3567 1372 3605; x_wconf 83' lang='lat' dir='ltr'><strong>ex</strong></span> <span class='ocrx_word' id='word_1_496' title='bbox 1404 3551 1596 3605; x_wconf 90' lang='lat' dir='ltr'><strong>dictato</strong></span> <span class='ocrx_word' id='word_1_497' title='bbox 1624 3550 1861 3619; x_wconf 78' lang='lat' dir='ltr'><strong>magistri</strong></span> <span class='ocrx_word' id='word_1_498' title='bbox 1895 3550 2080 3603; x_wconf 88' lang='lat' dir='ltr'><strong>notarii</strong></span> 
     </span>
    </p>
   </div>
   <div class='ocr_carea' id='block_1_67' title="bbox 522 3642 2081 3712">
    <p class='ocr_par' dir='ltr' id='par_1_67' title="bbox 522 3642 2081 3712">
     <span class='ocr_line' id='line_1_67' title="bbox 522 3642 2081 3712; baseline -0.001 -15"><span class='ocrx_word' id='word_1_499' title='bbox 522 3644 709 3711; x_wconf 83' lang='lat' dir='ltr'><strong>scripsi</strong></span> <span class='ocrx_word' id='word_1_500' title='bbox 740 3659 839 3712; x_wconf 87' lang='lat' dir='ltr'><strong>ego</strong></span> <span class='ocrx_word' id='word_1_501' title='bbox 874 3645 1134 3698; x_wconf 80' lang='lat' dir='ltr'><strong>Andreas.</strong></span> <span class='ocrx_word' id='word_1_502' title='bbox 1176 3646 1310 3697; x_wconf 87' lang='lat' dir='ltr'><strong>Acto</strong></span> <span class='ocrx_word' id='word_1_503' title='bbox 1337 3643 1518 3697; x_wconf 84' lang='lat' dir='ltr'><strong>Ticino</strong></span> <span class='ocrx_word' id='word_1_504' title='bbox 1561 3644 1611 3696; x_wconf 92' lang='lat' dir='ltr'><strong>in</strong></span> <span class='ocrx_word' id='word_1_505' title='bbox 1644 3643 1843 3710; x_wconf 89' lang='lat' dir='ltr'><strong>palatio</strong></span> <span class='ocrx_word' id='word_1_506' title='bbox 1867 3643 1965 3696; x_wconf 88' lang='lat' dir='ltr'><strong>sub</strong></span> <span class='ocrx_word' id='word_1_507' title='bbox 1993 3642 2081 3695; x_wconf 90' lang='lat' dir='ltr'><strong>die</strong></span> 
     </span>
    </p>
   </div>
   <div class='ocr_carea' id='block_1_68' title="bbox 526 3732 2080 3802">
    <p class='ocr_par' dir='ltr' id='par_1_68' title="bbox 526 3732 2080 3802">
     <span class='ocr_line' id='line_1_68' title="bbox 526 3732 2080 3802; baseline 0 -17"><span class='ocrx_word' id='word_1_508' title='bbox 526 3750 556 3785; x_wconf 93' lang='lat' dir='ltr'><strong>n</strong></span> <span class='ocrx_word' id='word_1_509' title='bbox 584 3732 690 3786; x_wconf 74' lang='lat' dir='ltr'><strong>kal.</strong></span> <span class='ocrx_word' id='word_1_510' title='bbox 724 3735 980 3801; x_wconf 82' lang='lat' dir='ltr'><strong>Aprilium</strong></span> <span class='ocrx_word' id='word_1_511' title='bbox 1001 3772 1018 3798; x_wconf 88' lang='lat'><strong>,</strong></span> <span class='ocrx_word' id='word_1_512' title='bbox 1068 3748 1207 3786; x_wconf 83' lang='lat' dir='ltr'><strong>anno</strong></span> <span class='ocrx_word' id='word_1_513' title='bbox 1252 3733 1539 3787; x_wconf 81' lang='lat' dir='ltr'><strong>felicissimi</strong></span> <span class='ocrx_word' id='word_1_514' title='bbox 1568 3732 1714 3802; x_wconf 83' lang='lat' dir='ltr'><strong>regni</strong></span> <span class='ocrx_word' id='word_1_515' title='bbox 1745 3733 1911 3787; x_wconf 87' lang='lat' dir='ltr'><strong>nostri</strong></span> <span class='ocrx_word' id='word_1_516' title='bbox 1940 3747 2080 3786; x_wconf 92' lang='lat' dir='ltr'><strong>nono</strong></span> 
     </span>
    </p>
   </div>
   <div class='ocr_carea' id='block_1_69' title="bbox 539 3824 1301 3895">
    <p class='ocr_par' dir='ltr' id='par_1_69' title="bbox 539 3824 1301 3895">
     <span class='ocr_line' id='line_1_69' title="bbox 539 3824 1301 3895; baseline 0.003 -18"><span class='ocrx_word' id='word_1_517' title='bbox 539 3840 615 3879; x_wconf 80' lang='lat' dir='ltr'><strong>ier</strong></span> <span class='ocrx_word' id='word_1_518' title='bbox 646 3825 933 3895; x_wconf 76' lang='lat' dir='ltr'><strong>indictione</strong></span> <span class='ocrx_word' id='word_1_519' title='bbox 963 3841 1035 3879; x_wconf 78' lang='lat' dir='ltr'><strong>xu</strong></span> <span class='ocrx_word' id='word_1_520' title='bbox 1061 3824 1301 3879; x_wconf 83' lang='lat' dir='ltr'><strong>feliciter.</strong></span> 
     </span>
    </p>
   </div>
   <div class='ocr_carea' id='block_1_70' title="bbox 1168 3941 1398 3994">
    <p class='ocr_par' dir='ltr' id='par_1_70' title="bbox 1168 3941 1398 3994">
     <span class='ocr_line' id='line_1_70' title="bbox 1168 3941 1398 3994; baseline 0 0"><span class='ocrx_word' id='word_1_521' title='bbox 1168 3941 1398 3994; x_wconf 76' lang='lat' dir='ltr'><strong>XXXIV.</strong></span> 
     </span>
    </p>
   </div>
   <div class='ocr_carea' id='block_1_71' title="bbox 520 3942 2078 4153">
    <p class='ocr_par' dir='ltr' id='par_1_71' title="bbox 520 3942 2078 4153">
     <span class='ocr_line' id='line_1_71' title="bbox 1168 3942 1398 3994; baseline 0 0"><span class='ocrx_word' id='word_1_522' title='bbox 1168 3942 1208 3994; x_wconf 76' lang='grc' dir='ltr'><strong>Χ</strong></span> <span class='ocrx_word' id='word_1_523' title='bbox 1268 3942 1398 3994; x_wconf 81' lang='lat' dir='ltr'><strong>XIV.</strong></span> 
     </span>
     <span class='ocr_line' id='line_1_72' title="bbox 520 3942 2078 4153; baseline 0 -71"><span class='ocrx_word' id='word_1_524' title='bbox 520 4041 545 4066; x_wconf 76' lang='grc' dir='ltr'><strong>ι·</strong></span> <span class='ocrx_word' id='word_1_525' title='bbox 569 4030 896 4099; x_wconf 81' lang='lat' dir='ltr'><strong>Privilegium</strong></span> <span class='ocrx_word' id='word_1_526' title='bbox 916 4030 1169 4153; x_wconf 45' lang='lat' dir='ltr'><strong>Ambrosii</strong></span> <span class='ocrx_word' id='word_1_527' title='bbox 1186 3942 1605 4153; x_wconf 50' lang='grc' dir='ltr'><strong>ιηξήοςὶιεδιξοτπη</strong></span> <span class='ocrx_word' id='word_1_528' title='bbox 1620 4032 1750 4101; x_wconf 80' lang='lat' dir='ltr'><strong>regis</strong></span> <span class='ocrx_word' id='word_1_529' title='bbox 1774 4029 2078 4097; x_wconf 66' lang='lat' dir='ltr'><strong>Luitprandi</strong></span> 
     </span>
     <span class='ocr_line' id='line_1_73' title="bbox 1160 4118 1465 4153; baseline 0 0"><span class='ocrx_word' id='word_1_530' title='bbox 1160 4118 1293 4153; x_wconf 87' lang='lat' dir='ltr'><strong>anno</strong></span> <span class='ocrx_word' id='word_1_531' title='bbox 1450 4139 1465 4153; x_wconf 92' lang='lat'><strong>.</strong></span> 
     </span>
    </p>
   </div>
   <div class='ocr_carea' id='block_1_72' title="bbox 1160 4118 1465 4154">
    <p class='ocr_par' dir='ltr' id='par_1_72' title="bbox 1160 4118 1465 4154">
     <span class='ocr_line' id='line_1_74' title="bbox 1160 4118 1465 4154; baseline 0.003 -1"><span class='ocrx_word' id='word_1_532' title='bbox 1160 4118 1293 4154; x_wconf 86' lang='lat' dir='ltr'><strong>anno</strong></span> <span class='ocrx_word' id='word_1_533' title='bbox 1325 4118 1465 4154; x_wconf 75' lang='grc'><strong>1101.</strong></span> 
     </span>
    </p>
   </div>
   <div class='ocr_carea' id='block_1_73' title="bbox 595 4101 2077 4258">
    <p class='ocr_par' dir='ltr' id='par_1_73' title="bbox 595 4101 2077 4258">
     <span class='ocr_line' id='line_1_75' title="bbox 1138 4101 1465 4168; baseline -0.003 -15"><span class='ocrx_word' id='word_1_534' title='bbox 1138 4103 1293 4168; x_wconf 86' lang='lat' dir='ltr'><strong>(anno</strong></span> <span class='ocrx_word' id='word_1_535' title='bbox 1317 4101 1465 4168; x_wconf 77' lang='grc'><strong>715).</strong></span> 
     </span>
     <span class='ocr_line' id='line_1_76' title="bbox 595 4180 2077 4258; baseline 0.003 -19"><span class='ocrx_word' id='word_1_536' title='bbox 595 4186 725 4240; x_wconf 91' lang='lat' dir='ltr'><strong>Dum</strong></span> <span class='ocrx_word' id='word_1_537' title='bbox 750 4180 924 4242; x_wconf 68' lang='lat' dir='ltr'><strong>in&#39;Dei</strong></span> <span class='ocrx_word' id='word_1_538' title='bbox 954 4190 1169 4242; x_wconf 89' lang='lat' dir='ltr'><strong>nomine</strong></span> <span class='ocrx_word' id='word_1_539' title='bbox 1198 4203 1261 4242; x_wconf 81' lang='lat' dir='ltr'><strong>ex</strong></span> <span class='ocrx_word' id='word_1_540' title='bbox 1288 4187 1527 4257; x_wconf 87' lang='lat' dir='ltr'><strong>jussione</strong></span> <span class='ocrx_word' id='word_1_541' title='bbox 1561 4189 1779 4258; x_wconf 90' lang='lat' dir='ltr'><strong>piissimi</strong></span> <span class='ocrx_word' id='word_1_542' title='bbox 1818 4198 1871 4243; x_wconf 91' lang='lat' dir='ltr'><strong>et</strong></span> <span class='ocrx_word' id='word_1_543' title='bbox 1907 4205 1935 4243; x_wconf 93' lang='lat' dir='ltr'><strong>a</strong></span> <span class='ocrx_word' id='word_1_544' title='bbox 1969 4191 2077 4245; x_wconf 84' lang='lat' dir='ltr'><strong>Deo</strong></span> 
     </span>
    </p>
   </div>
   <div class='ocr_carea' id='block_1_74' title="bbox 526 4279 2072 4348">
    <p class='ocr_par' dir='ltr' id='par_1_74' title="bbox 526 4279 2072 4348">
     <span class='ocr_line' id='line_1_77' title="bbox 526 4279 2072 4348; baseline 0.005 -23"><span class='ocrx_word' id='word_1_545' title='bbox 526 4279 823 4331; x_wconf 79' lang='lat' dir='ltr'><strong>conservati</strong></span> <span class='ocrx_word' id='word_1_546' title='bbox 848 4279 1049 4332; x_wconf 87' lang='lat' dir='ltr'><strong>domini</strong></span> <span class='ocrx_word' id='word_1_547' title='bbox 1080 4279 1385 4347; x_wconf 89' lang='lat' dir='ltr'><strong>Luitprandi</strong></span> <span class='ocrx_word' id='word_1_548' title='bbox 1412 4281 1549 4348; x_wconf 86' lang='lat' dir='ltr'><strong>regis</strong></span> <span class='ocrx_word' id='word_1_549' title='bbox 1576 4281 1804 4335; x_wconf 90' lang='lat' dir='ltr'><strong>directus</strong></span> <span class='ocrx_word' id='word_1_550' title='bbox 1837 4280 2072 4334; x_wconf 85' lang='lat' dir='ltr'><strong>fuissem.</strong></span> 
     </span>
    </p>
   </div>
   <div class='ocr_carea' id='block_1_75' title="bbox 519 4370 2073 4440">
    <p class='ocr_par' dir='ltr' id='par_1_75' title="bbox 519 4370 2073 4440">
     <span class='ocr_line' id='line_1_78' title="bbox 519 4370 2073 4440; baseline 0.002 -19"><span class='ocrx_word' id='word_1_551' title='bbox 519 4371 830 4424; x_wconf 84' lang='lat' dir='ltr'><strong>Ambrosius</strong></span> <span class='ocrx_word' id='word_1_552' title='bbox 855 4370 1075 4429; x_wconf 73' lang='lat' dir='ltr'><strong>illustris</strong></span> <span class='ocrx_word' id='word_1_553' title='bbox 1109 4370 1278 4440; x_wconf 83' lang='lat' dir='ltr'><strong>major</strong></span> <span class='ocrx_word' id='word_1_554' title='bbox 1304 4372 1491 4426; x_wconf 89' lang='lat' dir='ltr'><strong>domus</strong></span> <span class='ocrx_word' id='word_1_555' title='bbox 1515 4372 1752 4439; x_wconf 89' lang='lat' dir='ltr'><strong>partibus</strong></span> <span class='ocrx_word' id='word_1_556' title='bbox 1777 4372 2073 4425; x_wconf 84' lang='lat' dir='ltr'><strong>Tusciae....</strong></span> 
     </span>
    </p>
   </div>
   <div class='ocr_carea' id='block_1_76' title="bbox 523 4461 2076 4531">
    <p class='ocr_par' dir='ltr' id='par_1_76' title="bbox 523 4461 2076 4531">
     <span class='ocr_line' id='line_1_79' title="bbox 523 4461 2076 4531; baseline 0 -18"><span class='ocrx_word' id='word_1_557' title='bbox 523 4462 575 4513; x_wconf 91' lang='lat' dir='ltr'><strong>in</strong></span> <span class='ocrx_word' id='word_1_558' title='bbox 605 4463 816 4515; x_wconf 82' lang='lat' dir='ltr'><strong>civitate</strong></span> <span class='ocrx_word' id='word_1_559' title='bbox 848 4463 1095 4527; x_wconf 79' lang='lat' dir='ltr'><strong>Aretina,</strong></span> <span class='ocrx_word' id='word_1_560' title='bbox 1147 4464 1325 4531; x_wconf 87' lang='lat' dir='ltr'><strong>ibique</strong></span> <span class='ocrx_word' id='word_1_561' title='bbox 1358 4463 1573 4516; x_wconf 89' lang='lat' dir='ltr'><strong>veniens</strong></span> <span class='ocrx_word' id='word_1_562' title='bbox 1615 4463 1678 4515; x_wconf 92' lang='lat' dir='ltr'><strong>ad</strong></span> <span class='ocrx_word' id='word_1_563' title='bbox 1710 4476 1806 4515; x_wconf 90' lang='lat' dir='ltr'><strong>nos</strong></span> <span class='ocrx_word' id='word_1_564' title='bbox 1838 4461 2076 4515; x_wconf 55' lang='lat' dir='ltr'><strong>beatissic</strong></span> 
     </span>
    </p>
   </div>
   <div class='ocr_carea' id='block_1_77' title="bbox 2180 3282 3701 3351">
    <p class='ocr_par' dir='ltr' id='par_1_77' title="bbox 2180 3282 3701 3351">
     <span class='ocr_line' id='line_1_80' title="bbox 2180 3282 3701 3351; baseline 0.001 -17"><span class='ocrx_word' id='word_1_565' title='bbox 2180 3282 2464 3344; x_wconf 88' lang='lat' dir='ltr'><strong>ordinavit,</strong></span> <span class='ocrx_word' id='word_1_566' title='bbox 2493 3293 2545 3335; x_wconf 88' lang='lat' dir='ltr'><strong>et</strong></span> <span class='ocrx_word' id='word_1_567' title='bbox 2567 3284 2918 3337; x_wconf 89' lang='lat' dir='ltr'><strong>sacrationem</strong></span> <span class='ocrx_word' id='word_1_568' title='bbox 2949 3285 2998 3336; x_wconf 89' lang='lat' dir='ltr'><strong>in</strong></span> <span class='ocrx_word' id='word_1_569' title='bbox 3031 3284 3170 3351; x_wconf 84' lang='lat' dir='ltr'><strong>ipsas</strong></span> <span class='ocrx_word' id='word_1_570' title='bbox 3196 3285 3313 3339; x_wconf 90' lang='lat' dir='ltr'><strong>fecit</strong></span> <span class='ocrx_word' id='word_1_571' title='bbox 3334 3325 3349 3347; x_wconf 88' lang='lat'><strong>,</strong></span> <span class='ocrx_word' id='word_1_572' title='bbox 3391 3284 3479 3338; x_wconf 86' lang='lat' dir='ltr'><strong>sed</strong></span> <span class='ocrx_word' id='word_1_573' title='bbox 3507 3300 3592 3351; x_wconf 90' lang='lat' dir='ltr'><strong>per</strong></span> <span class='ocrx_word' id='word_1_574' title='bbox 3615 3298 3701 3335; x_wconf 86' lang='lat' dir='ltr'><strong>no-</strong></span> 
     </span>
    </p>
   </div>
   <div class='ocr_carea' id='block_1_78' title="bbox 2180 3373 3707 3438">
    <p class='ocr_par' dir='ltr' id='par_1_78' title="bbox 2180 3373 3707 3438">
     <span class='ocr_line' id='line_1_81' title="bbox 2180 3373 3707 3438; baseline -0.001 -11"><span class='ocrx_word' id='word_1_575' title='bbox 2180 3384 2342 3427; x_wconf 89' lang='lat' dir='ltr'><strong>stram</strong></span> <span class='ocrx_word' id='word_1_576' title='bbox 2384 3374 2735 3438; x_wconf 86' lang='lat' dir='ltr'><strong>petitionem;</strong></span> <span class='ocrx_word' id='word_1_577' title='bbox 2781 3389 2846 3427; x_wconf 88' lang='lat' dir='ltr'><strong>eo</strong></span> <span class='ocrx_word' id='word_1_578' title='bbox 2893 3373 3032 3438; x_wconf 88' lang='lat' dir='ltr'><strong>quod</strong></span> <span class='ocrx_word' id='word_1_579' title='bbox 3080 3374 3217 3429; x_wconf 87' lang='lat' dir='ltr'><strong>Sena</strong></span> <span class='ocrx_word' id='word_1_580' title='bbox 3260 3376 3470 3430; x_wconf 88' lang='lat' dir='ltr'><strong>minime</strong></span> <span class='ocrx_word' id='word_1_581' title='bbox 3507 3376 3707 3428; x_wconf 83' lang='lat' dir='ltr'><strong>haberet</strong></span> 
     </span>
    </p>
   </div>
   <div class='ocr_carea' id='block_1_79' title="bbox 2180 3460 3704 3532">
    <p class='ocr_par' dir='ltr' id='par_1_79' title="bbox 2180 3460 3704 3532">
     <span class='ocr_line' id='line_1_82' title="bbox 2180 3460 3704 3532; baseline 0 -19"><span class='ocrx_word' id='word_1_582' title='bbox 2180 3460 2524 3527; x_wconf 80' lang='lat' dir='ltr'><strong>episcOpuin;</strong></span> <span class='ocrx_word' id='word_1_583' title='bbox 2570 3471 2621 3515; x_wconf 92' lang='lat' dir='ltr'><strong>et</strong></span> <span class='ocrx_word' id='word_1_584' title='bbox 2670 3472 2943 3529; x_wconf 74' lang='lat' dir='ltr'><strong>postquam</strong></span> <span class='ocrx_word' id='word_1_585' title='bbox 2982 3463 3310 3532; x_wconf 86' lang='lat' dir='ltr'><strong>Longobardi</strong></span> <span class='ocrx_word' id='word_1_586' title='bbox 3341 3465 3390 3517; x_wconf 92' lang='lat' dir='ltr'><strong>in</strong></span> <span class='ocrx_word' id='word_1_587' title='bbox 3418 3463 3601 3516; x_wconf 72' lang='lat' dir='ltr'><strong>Italiam</strong></span> <span class='ocrx_word' id='word_1_588' title='bbox 3629 3462 3704 3514; x_wconf 81' lang='lat' dir='ltr'><strong>in-</strong></span> 
     </span>
    </p>
   </div>
   <div class='ocr_carea' id='block_1_80' title="bbox 2178 3550 3701 3621">
    <p class='ocr_par' dir='ltr' id='par_1_80' title="bbox 2178 3550 3701 3621">
     <span class='ocr_line' id='line_1_83' title="bbox 2178 3550 3701 3621; baseline 0.003 -23"><span class='ocrx_word' id='word_1_589' title='bbox 2178 3551 2344 3618; x_wconf 82' lang='lat' dir='ltr'><strong>gressi</strong></span> <span class='ocrx_word' id='word_1_590' title='bbox 2374 3559 2529 3613; x_wconf 88' lang='lat' dir='ltr'><strong>sunt,</strong></span> <span class='ocrx_word' id='word_1_591' title='bbox 2572 3551 2795 3618; x_wconf 90' lang='lat' dir='ltr'><strong>primum</strong></span> <span class='ocrx_word' id='word_1_592' title='bbox 2822 3552 3035 3618; x_wconf 89' lang='lat' dir='ltr'><strong>quidem</strong></span> <span class='ocrx_word' id='word_1_593' title='bbox 3072 3563 3309 3621; x_wconf 88' lang='lat' dir='ltr'><strong>tempore</strong></span> <span class='ocrx_word' id='word_1_594' title='bbox 3340 3553 3527 3606; x_wconf 81' lang='lat' dir='ltr'><strong>Rotarii</strong></span> <span class='ocrx_word' id='word_1_595' title='bbox 3557 3550 3701 3618; x_wconf 81' lang='lat' dir='ltr'><strong>regis,</strong></span> 
     </span>
    </p>
   </div>
   <div class='ocr_carea' id='block_1_81' title="bbox 2181 3640 3699 3711">
    <p class='ocr_par' dir='ltr' id='par_1_81' title="bbox 2181 3640 3699 3711">
     <span class='ocr_line' id='line_1_84' title="bbox 2181 3640 3699 3711; baseline 0.003 -22"><span class='ocrx_word' id='word_1_596' title='bbox 2181 3640 2456 3693; x_wconf 89' lang='lat' dir='ltr'><strong>ordinatus</strong></span> <span class='ocrx_word' id='word_1_597' title='bbox 2498 3650 2587 3697; x_wconf 86' lang='lat' dir='ltr'><strong>est</strong></span> <span class='ocrx_word' id='word_1_598' title='bbox 2626 3642 2675 3694; x_wconf 92' lang='lat' dir='ltr'><strong>in</strong></span> <span class='ocrx_word' id='word_1_599' title='bbox 2721 3641 2934 3696; x_wconf 88' lang='lat' dir='ltr'><strong>civitate</strong></span> <span class='ocrx_word' id='word_1_600' title='bbox 2959 3643 3177 3697; x_wconf 87' lang='lat' dir='ltr'><strong>Senensi</strong></span> <span class='ocrx_word' id='word_1_601' title='bbox 3208 3640 3481 3711; x_wconf 62' lang='lat' dir='ltr'><strong>episcoms</strong></span> <span class='ocrx_word' id='word_1_602' title='bbox 3509 3643 3699 3695; x_wconf 87' lang='lat' dir='ltr'><strong>nomine</strong></span> 
     </span>
    </p>
   </div>
   <div class='ocr_carea' id='block_1_82' title="bbox 2182 3732 3701 3802">
    <p class='ocr_par' dir='ltr' id='par_1_82' title="bbox 2182 3732 3701 3802">
     <span class='ocr_line' id='line_1_85' title="bbox 2182 3732 3701 3802; baseline -0.001 -17"><span class='ocrx_word' id='word_1_603' title='bbox 2182 3732 2415 3793; x_wconf 80' lang='lat' dir='ltr'><strong>Maurus,</strong></span> <span class='ocrx_word' id='word_1_604' title='bbox 2441 3743 2495 3785; x_wconf 90' lang='lat' dir='ltr'><strong>et</strong></span> <span class='ocrx_word' id='word_1_605' title='bbox 2528 3733 2572 3784; x_wconf 92' lang='lat' dir='ltr'><strong>si</strong></span> <span class='ocrx_word' id='word_1_606' title='bbox 2603 3748 2695 3799; x_wconf 92' lang='lat' dir='ltr'><strong>per</strong></span> <span class='ocrx_word' id='word_1_607' title='bbox 2725 3742 2955 3787; x_wconf 87' lang='lat' dir='ltr'><strong>vestram</strong></span> <span class='ocrx_word' id='word_1_608' title='bbox 2987 3735 3288 3802; x_wconf 89' lang='lat' dir='ltr'><strong>petitionem</strong></span> <span class='ocrx_word' id='word_1_609' title='bbox 3320 3735 3452 3799; x_wconf 65' lang='lat' dir='ltr'><strong>ii-sas</strong></span> <span class='ocrx_word' id='word_1_610' title='bbox 3477 3732 3701 3787; x_wconf 86' lang='lat' dir='ltr'><strong>ecclesias</strong></span> 
     </span>
    </p>
   </div>
   <div class='ocr_carea' id='block_1_83' title="bbox 2180 3820 3702 3889">
    <p class='ocr_par' dir='ltr' id='par_1_83' title="bbox 2180 3820 3702 3889">
     <span class='ocr_line' id='line_1_86' title="bbox 2180 3820 3702 3889; baseline -0.001 -18"><span class='ocrx_word' id='word_1_611' title='bbox 2180 3821 2517 3885; x_wconf 82' lang='lat' dir='ltr'><strong>ordinasset,</strong></span> <span class='ocrx_word' id='word_1_612' title='bbox 2568 3822 2649 3873; x_wconf 92' lang='lat' dir='ltr'><strong>cui</strong></span> <span class='ocrx_word' id='word_1_613' title='bbox 2681 3836 2771 3874; x_wconf 84' lang='lat' dir='ltr'><strong>eas</strong></span> <span class='ocrx_word' id='word_1_614' title='bbox 2815 3823 2970 3875; x_wconf 86' lang='lat' dir='ltr'><strong>nobis</strong></span> <span class='ocrx_word' id='word_1_615' title='bbox 3016 3823 3081 3877; x_wconf 89' lang='lat' dir='ltr'><strong>ab</strong></span> <span class='ocrx_word' id='word_1_616' title='bbox 3111 3824 3222 3889; x_wconf 86' lang='lat' dir='ltr'><strong>ipso</strong></span> <span class='ocrx_word' id='word_1_617' title='bbox 3265 3823 3522 3888; x_wconf 80' lang='lat' dir='ltr'><strong>episcOpo,</strong></span> <span class='ocrx_word' id='word_1_618' title='bbox 3552 3820 3702 3874; x_wconf 85' lang='lat' dir='ltr'><strong>velab</strong></span> 
     </span>
    </p>
   </div>
   <div class='ocr_carea' id='block_1_84' title="bbox 2181 3912 3702 3980">
    <p class='ocr_par' dir='ltr' id='par_1_84' title="bbox 2181 3912 3702 3980">
     <span class='ocr_line' id='line_1_87' title="bbox 2181 3912 3702 3980; baseline -0.001 -15"><span class='ocrx_word' id='word_1_619' title='bbox 2181 3912 2295 3977; x_wconf 82' lang='lat' dir='ltr'><strong>eius</strong></span> <span class='ocrx_word' id='word_1_620' title='bbox 2322 3913 2549 3980; x_wconf 88' lang='lat' dir='ltr'><strong>posteris</strong></span> <span class='ocrx_word' id='word_1_621' title='bbox 2580 3913 2818 3966; x_wconf 56' lang='lat' dir='ltr'><strong>dimissa;</strong></span> <span class='ocrx_word' id='word_1_622' title='bbox 2846 3924 2971 3966; x_wconf 90' lang='lat' dir='ltr'><strong>sunt</strong></span> <span class='ocrx_word' id='word_1_623' title='bbox 2991 3956 3005 3978; x_wconf 89' lang='lat'><strong>,</strong></span> <span class='ocrx_word' id='word_1_624' title='bbox 3036 3914 3168 3967; x_wconf 82' lang='lat' dir='ltr'><strong>sicut</strong></span> <span class='ocrx_word' id='word_1_625' title='bbox 3193 3927 3283 3966; x_wconf 90' lang='lat' dir='ltr'><strong>eas</strong></span> <span class='ocrx_word' id='word_1_626' title='bbox 3318 3923 3463 3965; x_wconf 85' lang='lat' dir='ltr'><strong>antea</strong></span> <span class='ocrx_word' id='word_1_627' title='bbox 3494 3921 3702 3980; x_wconf 85' lang='lat' dir='ltr'><strong>tempore</strong></span> 
     </span>
    </p>
   </div>
   <div class='ocr_carea' id='block_1_85' title="bbox 2157 4002 3703 4069">
    <p class='ocr_par' dir='ltr' id='par_1_85' title="bbox 2157 4002 3703 4069">
     <span class='ocr_line' id='line_1_88' title="bbox 2157 4002 3703 4069; baseline -0.003 -14"><span class='ocrx_word' id='word_1_628' title='bbox 2157 4004 2548 4057; x_wconf 77' lang='lat' dir='ltr'><strong>.ftomanorum</strong></span> <span class='ocrx_word' id='word_1_629' title='bbox 2586 4004 2920 4069; x_wconf 89' lang='lat' dir='ltr'><strong>possedimus</strong></span> <span class='ocrx_word' id='word_1_630' title='bbox 2946 4005 3075 4057; x_wconf 88' lang='lat' dir='ltr'><strong>sicut</strong></span> <span class='ocrx_word' id='word_1_631' title='bbox 3109 4002 3559 4068; x_wconf 81' lang='lat' dir='ltr'><strong>Longnbardorum</strong></span> <span class='ocrx_word' id='word_1_632' title='bbox 3588 4012 3703 4055; x_wconf 84' lang='lat' dir='ltr'><strong>teni-</strong></span> 
     </span>
    </p>
   </div>
   <div class='ocr_carea' id='block_1_86' title="bbox 2182 4093 3699 4162">
    <p class='ocr_par' dir='ltr' id='par_1_86' title="bbox 2182 4093 3699 4162">
     <span class='ocr_line' id='line_1_89' title="bbox 2182 4093 3699 4162; baseline -0.003 -15"><span class='ocrx_word' id='word_1_633' title='bbox 2182 4109 2331 4162; x_wconf 89' lang='lat' dir='ltr'><strong>pore,</strong></span> <span class='ocrx_word' id='word_1_634' title='bbox 2360 4095 2475 4148; x_wconf 92' lang='lat' dir='ltr'><strong>sine</strong></span> <span class='ocrx_word' id='word_1_635' title='bbox 2504 4095 2677 4160; x_wconf 89' lang='lat' dir='ltr'><strong>aliqua</strong></span> <span class='ocrx_word' id='word_1_636' title='bbox 2722 4094 2938 4160; x_wconf 84' lang='lat' dir='ltr'><strong>querela</strong></span> <span class='ocrx_word' id='word_1_637' title='bbox 2970 4108 2997 4146; x_wconf 90' lang='lat' dir='ltr'><strong>a</strong></span> <span class='ocrx_word' id='word_1_638' title='bbox 3030 4094 3150 4160; x_wconf 88' lang='lat' dir='ltr'><strong>jure</strong></span> <span class='ocrx_word' id='word_1_639' title='bbox 3179 4093 3347 4146; x_wconf 84' lang='lat' dir='ltr'><strong>sancti</strong></span> <span class='ocrx_word' id='word_1_640' title='bbox 3379 4093 3570 4155; x_wconf 85' lang='lat' dir='ltr'><strong>Donati,</strong></span> <span class='ocrx_word' id='word_1_641' title='bbox 3593 4106 3699 4159; x_wconf 85' lang='lat' dir='ltr'><strong>per-</strong></span> 
     </span>
    </p>
   </div>
   <div class='ocr_carea' id='block_1_87' title="bbox 2182 4186 3703 4253">
    <p class='ocr_par' dir='ltr' id='par_1_87' title="bbox 2182 4186 3703 4253">
     <span class='ocr_line' id='line_1_90' title="bbox 2182 4186 3703 4253; baseline -0.003 -15"><span class='ocrx_word' id='word_1_642' title='bbox 2182 4186 2450 4238; x_wconf 90' lang='lat' dir='ltr'><strong>tinuerunt</strong></span> <span class='ocrx_word' id='word_1_643' title='bbox 2490 4200 2723 4253; x_wconf 90' lang='lat' dir='ltr'><strong>semper,</strong></span> <span class='ocrx_word' id='word_1_644' title='bbox 2775 4196 2830 4239; x_wconf 89' lang='lat' dir='ltr'><strong>et</strong></span> <span class='ocrx_word' id='word_1_645' title='bbox 2856 4194 2916 4239; x_wconf 89' lang='lat' dir='ltr'><strong>ut</strong></span> <span class='ocrx_word' id='word_1_646' title='bbox 2949 4186 3266 4253; x_wconf 89' lang='lat' dir='ltr'><strong>completum</strong></span> <span class='ocrx_word' id='word_1_647' title='bbox 3306 4198 3579 4250; x_wconf 76' lang='lat' dir='ltr'><strong>cognoscas</strong></span> <span class='ocrx_word' id='word_1_648' title='bbox 3601 4195 3703 4235; x_wconf 81' lang='lat' dir='ltr'><strong>esse</strong></span> 
     </span>
    </p>
   </div>
   <div class='ocr_carea' id='block_1_88' title="bbox 2180 4277 3699 4347">
    <p class='ocr_par' dir='ltr' id='par_1_88' title="bbox 2180 4277 3699 4347">
     <span class='ocr_line' id='line_1_91' title="bbox 2180 4277 3699 4347; baseline -0.001 -18"><span class='ocrx_word' id='word_1_649' title='bbox 2180 4277 2590 4344; x_wconf 86' lang='lat' dir='ltr'><strong>manuscriptum</strong></span> <span class='ocrx_word' id='word_1_650' title='bbox 2626 4277 3053 4347; x_wconf 84' lang='lat' dir='ltr'><strong>presbyterorum</strong></span> <span class='ocrx_word' id='word_1_651' title='bbox 3078 4318 3092 4338; x_wconf 86' lang='lat'><strong>,</strong></span> <span class='ocrx_word' id='word_1_652' title='bbox 3140 4277 3227 4345; x_wconf 92' lang='lat' dir='ltr'><strong>qui</strong></span> <span class='ocrx_word' id='word_1_653' title='bbox 3269 4277 3500 4331; x_wconf 81' lang='lat' dir='ltr'><strong>fecerunt</strong></span> <span class='ocrx_word' id='word_1_654' title='bbox 3532 4277 3591 4329; x_wconf 90' lang='lat' dir='ltr'><strong>ad</strong></span> <span class='ocrx_word' id='word_1_655' title='bbox 3626 4290 3699 4328; x_wconf 83' lang='lat' dir='ltr'><strong>se-</strong></span> 
     </span>
    </p>
   </div>
   <div class='ocr_carea' id='block_1_89' title="bbox 2178 4363 3700 4433">
    <p class='ocr_par' dir='ltr' id='par_1_89' title="bbox 2178 4363 3700 4433">
     <span class='ocr_line' id='line_1_92' title="bbox 2178 4363 3700 4433; baseline -0.003 -14"><span class='ocrx_word' id='word_1_656' title='bbox 2178 4366 2297 4419; x_wconf 88' lang='lat' dir='ltr'><strong>dem</strong></span> <span class='ocrx_word' id='word_1_657' title='bbox 2327 4366 2492 4419; x_wconf 86' lang='lat' dir='ltr'><strong>sancti</strong></span> <span class='ocrx_word' id='word_1_658' title='bbox 2536 4366 2722 4419; x_wconf 87' lang='lat' dir='ltr'><strong>Donati</strong></span> <span class='ocrx_word' id='word_1_659' title='bbox 2751 4406 2767 4431; x_wconf 93' lang='lat'><strong>,</strong></span> <span class='ocrx_word' id='word_1_660' title='bbox 2810 4365 3022 4433; x_wconf 88' lang='lat' dir='ltr'><strong>quando</strong></span> <span class='ocrx_word' id='word_1_661' title='bbox 3067 4366 3117 4419; x_wconf 92' lang='lat' dir='ltr'><strong>in</strong></span> <span class='ocrx_word' id='word_1_662' title='bbox 3150 4366 3492 4431; x_wconf 68' lang='lat' dir='ltr'><strong>honoresuti,</strong></span> <span class='ocrx_word' id='word_1_663' title='bbox 3521 4380 3546 4416; x_wconf 88' lang='lat' dir='ltr'><strong>a</strong></span> <span class='ocrx_word' id='word_1_664' title='bbox 3573 4363 3700 4417; x_wconf 88' lang='lat' dir='ltr'><strong>nobis</strong></span> 
     </span>
    </p>
   </div>
   <div class='ocr_carea' id='block_1_90' title="bbox 2178 4451 3699 4522">
    <p class='ocr_par' dir='ltr' id='par_1_90' title="bbox 2178 4451 3699 4522">
     <span class='ocr_line' id='line_1_93' title="bbox 2178 4451 3699 4522; baseline -0.006 -12"><span class='ocrx_word' id='word_1_665' title='bbox 2178 4457 2405 4510; x_wconf 91' lang='lat' dir='ltr'><strong>ordinati</strong></span> <span class='ocrx_word' id='word_1_666' title='bbox 2436 4467 2579 4519; x_wconf 90' lang='lat' dir='ltr'><strong>sunt,</strong></span> <span class='ocrx_word' id='word_1_667' title='bbox 2631 4464 2684 4508; x_wconf 90' lang='lat' dir='ltr'><strong>et</strong></span> <span class='ocrx_word' id='word_1_668' title='bbox 2713 4496 2725 4508; x_wconf 94' lang='lat'><strong>.</strong></span> <span class='ocrx_word' id='word_1_669' title='bbox 2753 4494 2769 4509; x_wconf 95' lang='lat'><strong>.</strong></span> <span class='ocrx_word' id='word_1_670' title='bbox 2794 4492 2809 4509; x_wconf 91' lang='lat'><strong>.</strong></span> <span class='ocrx_word' id='word_1_671' title='bbox 2836 4494 2850 4509; x_wconf 95' lang='lat'><strong>.</strong></span> <span class='ocrx_word' id='word_1_672' title='bbox 2883 4495 2898 4518; x_wconf 89' lang='lat'><strong>,</strong></span> <span class='ocrx_word' id='word_1_673' title='bbox 2947 4456 3265 4508; x_wconf 88' lang='lat' dir='ltr'><strong>sacramenti</strong></span> <span class='ocrx_word' id='word_1_674' title='bbox 3296 4455 3384 4507; x_wconf 88' lang='lat' dir='ltr'><strong>ubi</strong></span> <span class='ocrx_word' id='word_1_675' title='bbox 3418 4451 3699 4522; x_wconf 84' lang='lat' dir='ltr'><strong>juravernnt</strong></span> 
     </span>
    </p>
   </div>
   <div class='ocr_carea' id='block_1_91' title="bbox 516 4542 3703 4621">
    <p class='ocr_par' dir='ltr' id='par_1_91' title="bbox 516 4542 3703 4621">
     <span class='ocr_line' id='line_1_94' title="bbox 516 4542 3703 4621; baseline -0.003 -16"><span class='ocrx_word' id='word_1_676' title='bbox 516 4566 632 4606; x_wconf 88' lang='lat' dir='ltr'><strong>mus</strong></span> <span class='ocrx_word' id='word_1_677' title='bbox 674 4552 756 4605; x_wconf 90' lang='lat' dir='ltr'><strong>vir</strong></span> <span class='ocrx_word' id='word_1_678' title='bbox 800 4551 1149 4620; x_wconf 86' lang='lat' dir='ltr'><strong>Lupertianus</strong></span> <span class='ocrx_word' id='word_1_679' title='bbox 1176 4554 1455 4621; x_wconf 82' lang='lat' dir='ltr'><strong>episc0pus</strong></span> <span class='ocrx_word' id='word_1_680' title='bbox 1502 4551 1657 4619; x_wconf 88' lang='lat' dir='ltr'><strong>hujus</strong></span> <span class='ocrx_word' id='word_1_681' title='bbox 1692 4553 1923 4605; x_wconf 77' lang='lat' dir='ltr'><strong>Aretinze</strong></span> <span class='ocrx_word' id='word_1_682' title='bbox 1946 4552 2076 4605; x_wconf 88' lang='lat' dir='ltr'><strong>civi-</strong></span> <span class='ocrx_word' id='word_1_683' title='bbox 2110 4545 2160 4608; x_wconf 90' lang='lat' dir='ltr'><strong>D</strong></span> <span class='ocrx_word' id='word_1_684' title='bbox 2183 4551 2248 4602; x_wconf 87' lang='lat' dir='ltr'><strong>ad</strong></span> <span class='ocrx_word' id='word_1_685' title='bbox 2276 4550 2591 4617; x_wconf 81' lang='lat' dir='ltr'><strong>praed&#39;ctam‘</strong></span> <span class='ocrx_word' id='word_1_686' title='bbox 2613 4548 2813 4611; x_wconf 81' lang='lat' dir='ltr'><strong>sedent,</strong></span> <span class='ocrx_word' id='word_1_687' title='bbox 2844 4546 3132 4599; x_wconf 89' lang='lat' dir='ltr'><strong>secundum</strong></span> <span class='ocrx_word' id='word_1_688' title='bbox 3161 4544 3387 4610; x_wconf 88' lang='lat' dir='ltr'><strong>qualiter</strong></span> <span class='ocrx_word' id='word_1_689' title='bbox 3410 4542 3703 4600; x_wconf 80' lang='lat' dir='ltr'><strong>consuetudo</strong></span> 
     </span>
    </p>
   </div>
   <div class='ocr_carea' id='block_1_92' title="bbox 518 4644 2075 4713">
    <p class='ocr_par' dir='ltr' id='par_1_92' title="bbox 518 4644 2075 4713">
     <span class='ocr_line' id='line_1_95' title="bbox 518 4644 2075 4713; baseline 0 -16"><span class='ocrx_word' id='word_1_690' title='bbox 518 4646 640 4697; x_wconf 86' lang='lat' dir='ltr'><strong>tatis</strong></span> <span class='ocrx_word' id='word_1_691' title='bbox 682 4644 964 4708; x_wconf 69' lang='lat' dir='ltr'><strong>ecclesias,</strong></span> <span class='ocrx_word' id='word_1_692' title='bbox 1021 4644 1281 4712; x_wconf 74' lang='lat' dir='ltr'><strong>suggessit</strong></span> <span class='ocrx_word' id='word_1_693' title='bbox 1331 4646 1504 4707; x_wconf 91' lang='lat' dir='ltr'><strong>nobis,</strong></span> <span class='ocrx_word' id='word_1_694' title='bbox 1566 4659 1631 4697; x_wconf 93' lang='lat' dir='ltr'><strong>eo</strong></span> <span class='ocrx_word' id='word_1_695' title='bbox 1683 4645 1823 4713; x_wconf 88' lang='lat' dir='ltr'><strong>quod</strong></span> <span class='ocrx_word' id='word_1_696' title='bbox 1878 4645 2075 4697; x_wconf 82' lang='lat' dir='ltr'><strong>multas</strong></span> 
     </span>
    </p>
   </div>
   <div class='ocr_carea' id='block_1_93' title="bbox 520 4732 2076 4801">
    <p class='ocr_par' dir='ltr' id='par_1_93' title="bbox 520 4732 2076 4801">
     <span class='ocr_line' id='line_1_96' title="bbox 520 4732 2076 4801; baseline 0.002 -18"><span class='ocrx_word' id='word_1_697' title='bbox 520 4733 798 4786; x_wconf 79' lang='lat' dir='ltr'><strong>violentias</strong></span> <span class='ocrx_word' id='word_1_698' title='bbox 848 4734 1161 4786; x_wconf 87' lang='lat' dir='ltr'><strong>sustinuerit</strong></span> <span class='ocrx_word' id='word_1_699' title='bbox 1204 4736 1271 4785; x_wconf 90' lang='lat' dir='ltr'><strong>ab</strong></span> <span class='ocrx_word' id='word_1_700' title='bbox 1317 4734 1567 4801; x_wconf 88' lang='lat' dir='ltr'><strong>episcopo</strong></span> <span class='ocrx_word' id='word_1_701' title='bbox 1611 4732 1831 4785; x_wconf 90' lang='lat' dir='ltr'><strong>Senensi</strong></span> <span class='ocrx_word' id='word_1_702' title='bbox 1866 4733 2076 4786; x_wconf 87' lang='lat' dir='ltr'><strong>nomine</strong></span> 
     </span>
    </p>
   </div>
   <div class='ocr_carea' id='block_1_94' title="bbox 518 4823 2076 4891">
    <p class='ocr_par' dir='ltr' id='par_1_94' title="bbox 518 4823 2076 4891">
     <span class='ocr_line' id='line_1_97' title="bbox 518 4823 2076 4891; baseline -0.001 -16"><span class='ocrx_word' id='word_1_703' title='bbox 518 4823 754 4877; x_wconf 85' lang='lat' dir='ltr'><strong>Dcodato</strong></span> <span class='ocrx_word' id='word_1_704' title='bbox 802 4823 869 4876; x_wconf 89' lang='lat' dir='ltr'><strong>de</strong></span> <span class='ocrx_word' id='word_1_705' title='bbox 916 4823 1176 4886; x_wconf 86' lang='lat' dir='ltr'><strong>ecclesiis,</strong></span> <span class='ocrx_word' id='word_1_706' title='bbox 1205 4825 1287 4878; x_wconf 88' lang='lat' dir='ltr'><strong>vel</strong></span> <span class='ocrx_word' id='word_1_707' title='bbox 1329 4824 1566 4891; x_wconf 90' lang='lat' dir='ltr'><strong>plebibus</strong></span> <span class='ocrx_word' id='word_1_708' title='bbox 1589 4862 1603 4885; x_wconf 92' lang='lat'><strong>,</strong></span> <span class='ocrx_word' id='word_1_709' title='bbox 1632 4837 1763 4890; x_wconf 88' lang='lat' dir='ltr'><strong>quas</strong></span> <span class='ocrx_word' id='word_1_710' title='bbox 1784 4836 1811 4873; x_wconf 92' lang='lat' dir='ltr'><strong>a</strong></span> <span class='ocrx_word' id='word_1_711' title='bbox 1842 4830 2076 4889; x_wconf 88' lang='lat' dir='ltr'><strong>tempore</strong></span> 
     </span>
    </p>
   </div>
   <div class='ocr_carea' id='block_1_95' title="bbox 514 4912 2076 4981">
    <p class='ocr_par' dir='ltr' id='par_1_95' title="bbox 514 4912 2076 4981">
     <span class='ocr_line' id='line_1_98' title="bbox 514 4912 2076 4981; baseline -0.001 -16"><span class='ocrx_word' id='word_1_712' title='bbox 514 4913 873 4966; x_wconf 73' lang='lat' dir='ltr'><strong>Romanorum</strong></span> <span class='ocrx_word' id='word_1_713' title='bbox 923 4912 1078 4969; x_wconf 85' lang='lat' dir='ltr'><strong>sedes</strong></span> <span class='ocrx_word' id='word_1_714' title='bbox 1136 4913 1301 4967; x_wconf 88' lang='lat' dir='ltr'><strong>sancti</strong></span> <span class='ocrx_word' id='word_1_715' title='bbox 1353 4913 1535 4966; x_wconf 90' lang='lat' dir='ltr'><strong>Donati</strong></span> <span class='ocrx_word' id='word_1_716' title='bbox 1580 4912 1907 4981; x_wconf 88' lang='lat' dir='ltr'><strong>possidebat.</strong></span> <span class='ocrx_word' id='word_1_717' title='bbox 1966 4912 2076 4965; x_wconf 91' lang='lat' dir='ltr'><strong>lloc</strong></span> 
     </span>
    </p>
   </div>
   <div class='ocr_carea' id='block_1_96' title="bbox 516 5004 2070 5072">
    <p class='ocr_par' dir='ltr' id='par_1_96' title="bbox 516 5004 2070 5072">
     <span class='ocr_line' id='line_1_99' title="bbox 516 5004 2070 5072; baseline 0 -18"><span class='ocrx_word' id='word_1_718' title='bbox 516 5005 697 5056; x_wconf 87' lang='lat' dir='ltr'><strong>audito</strong></span> <span class='ocrx_word' id='word_1_719' title='bbox 728 5005 947 5057; x_wconf 89' lang='lat' dir='ltr'><strong>fecimus</strong></span> <span class='ocrx_word' id='word_1_720' title='bbox 992 5006 1407 5072; x_wconf 89' lang='lat' dir='ltr'><strong>suprascriptum</strong></span> <span class='ocrx_word' id='word_1_721' title='bbox 1458 5004 1785 5057; x_wconf 79' lang='lat' dir='ltr'><strong>Adeodatum</strong></span> <span class='ocrx_word' id='word_1_722' title='bbox 1819 5017 1920 5054; x_wconf 90' lang='lat' dir='ltr'><strong>una</strong></span> <span class='ocrx_word' id='word_1_723' title='bbox 1953 5016 2070 5055; x_wconf 84' lang='lat' dir='ltr'><strong>cuin</strong></span> 
     </span>
    </p>
   </div>
   <div class='ocr_carea' id='block_1_97' title="bbox 516 5087 2074 5161">
    <p class='ocr_par' dir='ltr' id='par_1_97' title="bbox 516 5087 2074 5161">
     <span class='ocr_line' id='line_1_100' title="bbox 516 5087 2074 5161; baseline -0.001 -16"><span class='ocrx_word' id='word_1_724' title='bbox 516 5094 769 5161; x_wconf 77' lang='lat' dir='ltr'><strong>&#39;l&#39;aiperto</strong></span> <span class='ocrx_word' id='word_1_725' title='bbox 807 5087 1062 5148; x_wconf 81' lang='lat' dir='ltr'><strong>cas’taldio</strong></span> <span class='ocrx_word' id='word_1_726' title='bbox 1092 5095 1341 5149; x_wconf 82' lang='lat' dir='ltr'><strong>Senensis</strong></span> <span class='ocrx_word' id='word_1_727' title='bbox 1370 5093 1626 5148; x_wconf 89' lang='lat' dir='ltr'><strong>civitatis.</strong></span> <span class='ocrx_word' id='word_1_728' title='bbox 1645 5131 1658 5146; x_wconf 94' lang='lat'><strong>.</strong></span> <span class='ocrx_word' id='word_1_729' title='bbox 1678 5133 1690 5146; x_wconf 94' lang='lat'><strong>.</strong></span> <span class='ocrx_word' id='word_1_730' title='bbox 1712 5132 1725 5146; x_wconf 93' lang='lat'><strong>.</strong></span> <span class='ocrx_word' id='word_1_731' title='bbox 1756 5097 1806 5147; x_wconf 86' lang='lat' dir='ltr'><strong>in</strong></span> <span class='ocrx_word' id='word_1_732' title='bbox 1841 5104 2074 5146; x_wconf 89' lang='lat' dir='ltr'><strong>nostram</strong></span> 
     </span>
    </p>
   </div>
   <div class='ocr_carea' id='block_1_98' title="bbox 517 5170 2079 5251">
    <p class='ocr_par' dir='ltr' id='par_1_98' title="bbox 517 5170 2079 5251">
     <span class='ocr_line' id='line_1_101' title="bbox 517 5170 2079 5251; baseline 0.001 -19"><span class='ocrx_word' id='word_1_733' title='bbox 517 5170 699 5235; x_wconf 85' lang='lat' dir='ltr'><strong>venire</strong></span> <span class='ocrx_word' id='word_1_734' title='bbox 734 5182 1103 5249; x_wconf 67' lang='lat' dir='ltr'><strong>praesentiam;</strong></span> <span class='ocrx_word' id='word_1_735' title='bbox 1145 5196 1437 5251; x_wconf 90' lang='lat' dir='ltr'><strong>quatenus,</strong></span> <span class='ocrx_word' id='word_1_736' title='bbox 1467 5199 1585 5236; x_wconf 91' lang='lat' dir='ltr'><strong>cum</strong></span> <span class='ocrx_word' id='word_1_737' title='bbox 1632 5184 1739 5251; x_wconf 86' lang='lat' dir='ltr'><strong>jam</strong></span> <span class='ocrx_word' id='word_1_738' title='bbox 1770 5185 1944 5237; x_wconf 90' lang='lat' dir='ltr'><strong>dictus</strong></span> <span class='ocrx_word' id='word_1_739' title='bbox 1978 5182 2079 5234; x_wconf 90' lang='lat' dir='ltr'><strong>Lu-</strong></span> 
     </span>
    </p>
   </div>
   <div class='ocr_carea' id='block_1_99' title="bbox 518 5274 2073 5344">
    <p class='ocr_par' dir='ltr' id='par_1_99' title="bbox 518 5274 2073 5344">
     <span class='ocr_line' id='line_1_102' title="bbox 518 5274 2073 5344; baseline 0 -18"><span class='ocrx_word' id='word_1_740' title='bbox 518 5276 791 5341; x_wconf 86' lang='lat' dir='ltr'><strong>pcrtiauus</strong></span> <span class='ocrx_word' id='word_1_741' title='bbox 840 5274 1121 5341; x_wconf 87' lang='lat' dir='ltr'><strong>episcopus</strong></span> <span class='ocrx_word' id='word_1_742' title='bbox 1160 5277 1390 5330; x_wconf 65' lang='lat' dir='ltr'><strong>Aretinze</strong></span> <span class='ocrx_word' id='word_1_743' title='bbox 1419 5276 1678 5339; x_wconf 86' lang='lat' dir='ltr'><strong>civitatis,</strong></span> <span class='ocrx_word' id='word_1_744' title='bbox 1710 5278 1775 5329; x_wconf 92' lang='lat' dir='ltr'><strong>de</strong></span> <span class='ocrx_word' id='word_1_745' title='bbox 1805 5276 2073 5344; x_wconf 66' lang='lat' dir='ltr'><strong>prsedictis</strong></span> 
     </span>
    </p>
   </div>
   <div class='ocr_carea' id='block_1_100' title="bbox 517 5344 2071 5420">
    <p class='ocr_par' dir='ltr' id='par_1_100' title="bbox 517 5344 2071 5420">
     <span class='ocr_line' id='line_1_103' title="bbox 517 5344 2071 5420; baseline -0.002 -2"><span class='ocrx_word' id='word_1_746' title='bbox 517 5363 760 5418; x_wconf 87' lang='lat' dir='ltr'><strong>ecclesiis</strong></span> <span class='ocrx_word' id='word_1_747' title='bbox 790 5344 1004 5419; x_wconf 78' lang='lat' dir='ltr'><strong>causam</strong></span> <span class='ocrx_word' id='word_1_748' title='bbox 1034 5366 1210 5419; x_wconf 89' lang='lat' dir='ltr'><strong>dicere</strong></span> <span class='ocrx_word' id='word_1_749' title='bbox 1235 5367 1454 5420; x_wconf 87' lang='lat' dir='ltr'><strong>deberet</strong></span> <span class='ocrx_word' id='word_1_750' title='bbox 1482 5383 1493 5417; x_wconf 86' lang='lat'><strong>:</strong></span> <span class='ocrx_word' id='word_1_751' title='bbox 1533 5367 1623 5419; x_wconf 87' lang='lat' dir='ltr'><strong>sed</strong></span> <span class='ocrx_word' id='word_1_752' title='bbox 1656 5381 1773 5419; x_wconf 91' lang='lat' dir='ltr'><strong>cum</strong></span> <span class='ocrx_word' id='word_1_753' title='bbox 1802 5381 1861 5420; x_wconf 88' lang='lat' dir='ltr'><strong>se</strong></span> <span class='ocrx_word' id='word_1_754' title='bbox 1899 5366 2071 5417; x_wconf 71' lang='lat' dir='ltr'><strong>amba:</strong></span> 
     </span>
    </p>
   </div>
   <div class='ocr_carea' id='block_1_101' title="bbox 519 5442 2072 5526">
    <p class='ocr_par' dir='ltr' id='par_1_101' title="bbox 519 5442 2072 5526">
     <span class='ocr_line' id='line_1_104' title="bbox 519 5442 2072 5526; baseline -0.001 -16"><span class='ocrx_word' id='word_1_755' title='bbox 519 5469 695 5524; x_wconf 90' lang='lat' dir='ltr'><strong>partes</strong></span> <span class='ocrx_word' id='word_1_756' title='bbox 725 5458 773 5509; x_wconf 92' lang='lat' dir='ltr'><strong>in</strong></span> <span class='ocrx_word' id='word_1_757' title='bbox 822 5458 1022 5510; x_wconf 81' lang='lat' dir='ltr'><strong>nostris</strong></span> <span class='ocrx_word' id='word_1_758' title='bbox 1063 5442 1451 5524; x_wconf 72' lang='lat' dir='ltr'><strong>coniunxerunt</strong></span> <span class='ocrx_word' id='word_1_759' title='bbox 1499 5452 1791 5526; x_wconf 70' lang='lat' dir='ltr'><strong>praesemiis</strong></span> <span class='ocrx_word' id='word_1_760' title='bbox 1829 5457 1881 5510; x_wconf 93' lang='lat' dir='ltr'><strong>in</strong></span> <span class='ocrx_word' id='word_1_761' title='bbox 1924 5468 2072 5510; x_wconf 83' lang='lat' dir='ltr'><strong>curto</strong></span> 
     </span>
    </p>
   </div>
   <div class='ocr_carea' id='block_1_102' title="bbox 515 5546 2071 5619">
    <p class='ocr_par' dir='ltr' id='par_1_102' title="bbox 515 5546 2071 5619">
     <span class='ocr_line' id='line_1_105' title="bbox 515 5546 2071 5619; baseline -0.001 -18"><span class='ocrx_word' id='word_1_762' title='bbox 515 5548 652 5619; x_wconf 79' lang='lat' dir='ltr'><strong>[Al.,</strong></span> <span class='ocrx_word' id='word_1_763' title='bbox 697 5546 877 5618; x_wconf 46' lang='lat' dir='ltr'><strong>curia;</strong></span> <span class='ocrx_word' id='word_1_764' title='bbox 914 5547 1117 5601; x_wconf 86' lang='lat' dir='ltr'><strong>Domini</strong></span> <span class='ocrx_word' id='word_1_765' title='bbox 1163 5550 1333 5615; x_wconf 82' lang='lat' dir='ltr'><strong>regis,</strong></span> <span class='ocrx_word' id='word_1_766' title='bbox 1380 5550 1429 5601; x_wconf 93' lang='lat' dir='ltr'><strong>in</strong></span> <span class='ocrx_word' id='word_1_767' title='bbox 1489 5548 1602 5601; x_wconf 90' lang='lat' dir='ltr'><strong>loco</strong></span> <span class='ocrx_word' id='word_1_768' title='bbox 1646 5548 1971 5616; x_wconf 32' lang='lat' dir='ltr'><strong>quildicitur</strong></span> <span class='ocrx_word' id='word_1_769' title='bbox 2008 5548 2071 5599; x_wconf 87' lang='lat' dir='ltr'><strong>ad</strong></span> 
     </span>
    </p>
   </div>
   <div class='ocr_carea' id='block_1_103' title="bbox 514 5640 2072 5705">
    <p class='ocr_par' dir='ltr' id='par_1_103' title="bbox 514 5640 2072 5705">
     <span class='ocr_line' id='line_1_106' title="bbox 514 5640 2072 5705; baseline -0.001 -12"><span class='ocrx_word' id='word_1_770' title='bbox 514 5651 753 5693; x_wconf 71' lang='lat' dir='ltr'><strong>Sanctum</strong></span> <span class='ocrx_word' id='word_1_771' title='bbox 801 5640 1110 5703; x_wconf 74' lang='lat' dir='ltr'><strong>Manilium;</strong></span> <span class='ocrx_word' id='word_1_772' title='bbox 1159 5643 1465 5695; x_wconf 77' lang='lat' dir='ltr'><strong>asserebat.</strong></span> <span class='ocrx_word' id='word_1_773' title='bbox 1496 5679 1510 5696; x_wconf 87' lang='lat'><strong>.</strong></span> <span class='ocrx_word' id='word_1_774' title='bbox 1541 5676 1556 5692; x_wconf 90' lang='lat'><strong>.</strong></span> <span class='ocrx_word' id='word_1_775' title='bbox 1585 5680 1599 5695; x_wconf 94' lang='lat'><strong>.</strong></span> <span class='ocrx_word' id='word_1_776' title='bbox 1664 5640 2072 5705; x_wconf 65' lang='lat' dir='ltr'><strong>prmuomiuatus</strong></span> 
     </span>
    </p>
   </div>
   <div class='ocr_carea' id='block_1_104' title="bbox 2182 4634 3700 4703">
    <p class='ocr_par' dir='ltr' id='par_1_104' title="bbox 2182 4634 3700 4703">
     <span class='ocr_line' id='line_1_107' title="bbox 2182 4634 3700 4703; baseline -0.007 -10"><span class='ocrx_word' id='word_1_777' title='bbox 2182 4648 2283 4693; x_wconf 89' lang='lat' dir='ltr'><strong>est.</strong></span> <span class='ocrx_word' id='word_1_778' title='bbox 2328 4639 2475 4691; x_wconf 86' lang='lat' dir='ltr'><strong>Nune</strong></span> <span class='ocrx_word' id='word_1_779' title='bbox 2518 4650 2613 4689; x_wconf 91' lang='lat' dir='ltr'><strong>nos</strong></span> <span class='ocrx_word' id='word_1_780' title='bbox 2660 4636 2746 4703; x_wconf 90' lang='lat' dir='ltr'><strong>qui</strong></span> <span class='ocrx_word' id='word_1_781' title='bbox 2794 4651 2954 4702; x_wconf 87' lang='lat' dir='ltr'><strong>supra</strong></span> <span class='ocrx_word' id='word_1_782' title='bbox 2986 4635 3318 4700; x_wconf 84' lang='lat' dir='ltr'><strong>Ambrosius,</strong></span> <span class='ocrx_word' id='word_1_783' title='bbox 3351 4636 3515 4703; x_wconf 83' lang='lat' dir='ltr'><strong>major</strong></span> <span class='ocrx_word' id='word_1_784' title='bbox 3542 4634 3700 4688; x_wconf 85' lang='lat' dir='ltr'><strong>domus</strong></span> 
     </span>
    </p>
   </div>
   <div class='ocr_carea' id='block_1_105' title="bbox 2181 4722 3702 4795">
    <p class='ocr_par' dir='ltr' id='par_1_105' title="bbox 2181 4722 3702 4795">
     <span class='ocr_line' id='line_1_108' title="bbox 2181 4722 3702 4795; baseline -0.004 -13"><span class='ocrx_word' id='word_1_785' title='bbox 2181 4731 2421 4789; x_wconf 88' lang='lat' dir='ltr'><strong>illustris,</strong></span> <span class='ocrx_word' id='word_1_786' title='bbox 2450 4729 2571 4779; x_wconf 92' lang='lat' dir='ltr'><strong>dum</strong></span> <span class='ocrx_word' id='word_1_787' title='bbox 2603 4727 2666 4780; x_wconf 88' lang='lat' dir='ltr'><strong>ad</strong></span> <span class='ocrx_word' id='word_1_788' title='bbox 2708 4737 2971 4779; x_wconf 91' lang='lat' dir='ltr'><strong>tantorum</strong></span> <span class='ocrx_word' id='word_1_789' title='bbox 3012 4742 3270 4782; x_wconf 88' lang='lat' dir='ltr'><strong>annorum</strong></span> <span class='ocrx_word' id='word_1_790' title='bbox 3312 4722 3561 4782; x_wconf 72' lang='lat' dir='ltr'><strong>curricula</strong></span> <span class='ocrx_word' id='word_1_791' title='bbox 3588 4740 3702 4795; x_wconf 83' lang='lat' dir='ltr'><strong>pos-</strong></span> 
     </span>
    </p>
   </div>
   <div class='ocr_carea' id='block_1_106' title="bbox 2182 4813 3698 4890">
    <p class='ocr_par' dir='ltr' id='par_1_106' title="bbox 2182 4813 3698 4890">
     <span class='ocr_line' id='line_1_109' title="bbox 2182 4813 3698 4890; baseline -0.007 -12"><span class='ocrx_word' id='word_1_792' title='bbox 2182 4825 2473 4878; x_wconf 83' lang='lat' dir='ltr'><strong>sessionem</strong></span> <span class='ocrx_word' id='word_1_793' title='bbox 2516 4823 2687 4876; x_wconf 89' lang='lat' dir='ltr'><strong>sancti</strong></span> <span class='ocrx_word' id='word_1_794' title='bbox 2750 4813 2935 4875; x_wconf 74' lang='lat' dir='ltr'><strong>Donati</strong></span> <span class='ocrx_word' id='word_1_795' title='bbox 2978 4820 3028 4874; x_wconf 94' lang='lat' dir='ltr'><strong>in</strong></span> <span class='ocrx_word' id='word_1_796' title='bbox 3079 4820 3345 4890; x_wconf 66' lang='lat' dir='ltr'><strong>praedictis</strong></span> <span class='ocrx_word' id='word_1_797' title='bbox 3394 4817 3698 4888; x_wconf 83' lang='lat' dir='ltr'><strong>baptisteriis,</strong></span> 
     </span>
    </p>
   </div>
   <div class='ocr_carea' id='block_1_107' title="bbox 2183 4909 3696 4986">
    <p class='ocr_par' dir='ltr' id='par_1_107' title="bbox 2183 4909 3696 4986">
     <span class='ocr_line' id='line_1_110' title="bbox 2183 4909 3696 4986; baseline -0.007 -19"><span class='ocrx_word' id='word_1_798' title='bbox 2183 4917 2262 4969; x_wconf 87' lang='lat' dir='ltr'><strong>vel</strong></span> <span class='ocrx_word' id='word_1_799' title='bbox 2293 4916 2486 4969; x_wconf 86' lang='lat' dir='ltr'><strong>Tiociis</strong></span> <span class='ocrx_word' id='word_1_800' title='bbox 2507 4913 2639 4986; x_wconf 81' lang='lat' dir='ltr'><strong>[Al.,</strong></span> <span class='ocrx_word' id='word_1_801' title='bbox 2668 4911 2879 4983; x_wconf 90' lang='lat' dir='ltr'><strong>Doceis]</strong></span> <span class='ocrx_word' id='word_1_802' title='bbox 2912 4928 3031 4966; x_wconf 89' lang='lat' dir='ltr'><strong>esse</strong></span> <span class='ocrx_word' id='word_1_803' title='bbox 3056 4913 3505 4979; x_wconf 81' lang='lat' dir='ltr'><strong>cognovissemus,</strong></span> <span class='ocrx_word' id='word_1_804' title='bbox 3526 4909 3696 4978; x_wconf 81' lang='lat' dir='ltr'><strong>justum</strong></span> 
     </span>
    </p>
   </div>
   <div class='ocr_carea' id='block_1_108' title="bbox 2184 4998 3697 5074">
    <p class='ocr_par' dir='ltr' id='par_1_108' title="bbox 2184 4998 3697 5074">
     <span class='ocr_line' id='line_1_111' title="bbox 2184 4998 3697 5074; baseline -0.009 -14"><span class='ocrx_word' id='word_1_805' title='bbox 2184 5008 2333 5074; x_wconf 85' lang='lat' dir='ltr'><strong>nobis</strong></span> <span class='ocrx_word' id='word_1_806' title='bbox 2365 5007 2569 5073; x_wconf 89' lang='lat' dir='ltr'><strong>paruit,</strong></span> <span class='ocrx_word' id='word_1_807' title='bbox 2610 5013 2664 5056; x_wconf 92' lang='lat' dir='ltr'><strong>ut</strong></span> <span class='ocrx_word' id='word_1_808' title='bbox 2692 5005 2964 5072; x_wconf 55' lang='lat' dir='ltr'><strong>qualiter,</strong></span> <span class='ocrx_word' id='word_1_809' title='bbox 2986 5019 3088 5072; x_wconf 93' lang='lat' dir='ltr'><strong>quo</strong></span> <span class='ocrx_word' id='word_1_810' title='bbox 3113 5015 3373 5068; x_wconf 90' lang='lat' dir='ltr'><strong>tempore,</strong></span> <span class='ocrx_word' id='word_1_811' title='bbox 3400 5000 3500 5072; x_wconf 80' lang='lat' dir='ltr'><strong>qtio</strong></span> <span class='ocrx_word' id='word_1_812' title='bbox 3518 4998 3697 5065; x_wconf 68' lang='lat' dir='ltr'><strong>Longo-</strong></span> 
     </span>
    </p>
   </div>
   <div class='ocr_carea' id='block_1_109' title="bbox 2182 5094 3697 5163">
    <p class='ocr_par' dir='ltr' id='par_1_109' title="bbox 2182 5094 3697 5163">
     <span class='ocr_line' id='line_1_112' title="bbox 2182 5094 3697 5163; baseline -0.005 -11"><span class='ocrx_word' id='word_1_813' title='bbox 2182 5098 2331 5152; x_wconf 90' lang='lat' dir='ltr'><strong>bardi</strong></span> <span class='ocrx_word' id='word_1_814' title='bbox 2364 5097 2565 5150; x_wconf 88' lang='lat' dir='ltr'><strong>Italiam</strong></span> <span class='ocrx_word' id='word_1_815' title='bbox 2596 5094 2817 5163; x_wconf 85' lang='lat' dir='ltr'><strong>ingressi</strong></span> <span class='ocrx_word' id='word_1_816' title='bbox 2848 5102 2972 5149; x_wconf 88' lang='lat' dir='ltr'><strong>sunt</strong></span> <span class='ocrx_word' id='word_1_817' title='bbox 2996 5131 3010 5156; x_wconf 88' lang='lat'><strong>,</strong></span> <span class='ocrx_word' id='word_1_818' title='bbox 3055 5108 3222 5162; x_wconf 88' lang='lat' dir='ltr'><strong>usque</strong></span> <span class='ocrx_word' id='word_1_819' title='bbox 3251 5095 3303 5147; x_wconf 83' lang='lat' dir='ltr'><strong>in</strong></span> <span class='ocrx_word' id='word_1_820' title='bbox 3334 5095 3565 5163; x_wconf 72' lang='lat' dir='ltr'><strong>prasenti</strong></span> <span class='ocrx_word' id='word_1_821' title='bbox 3592 5102 3697 5144; x_wconf 52' lang='lat' dir='ltr'><strong>ten;</strong></span> 
     </span>
    </p>
   </div>
   <div class='ocr_carea' id='block_1_110' title="bbox 2183 5179 3695 5257">
    <p class='ocr_par' dir='ltr' id='par_1_110' title="bbox 2183 5179 3695 5257">
     <span class='ocr_line' id='line_1_113' title="bbox 2183 5179 3695 5257; baseline -0.008 -14"><span class='ocrx_word' id='word_1_822' title='bbox 2183 5204 2327 5257; x_wconf 91' lang='lat' dir='ltr'><strong>pore,</strong></span> <span class='ocrx_word' id='word_1_823' title='bbox 2362 5190 2515 5241; x_wconf 85' lang='lat' dir='ltr'><strong>sedes</strong></span> <span class='ocrx_word' id='word_1_824' title='bbox 2543 5187 2709 5239; x_wconf 87' lang='lat' dir='ltr'><strong>sancti</strong></span> <span class='ocrx_word' id='word_1_825' title='bbox 2742 5185 2929 5237; x_wconf 89' lang='lat' dir='ltr'><strong>Donati</strong></span> <span class='ocrx_word' id='word_1_826' title='bbox 2961 5186 3156 5251; x_wconf 67' lang='lat' dir='ltr'><strong>saapius</strong></span> <span class='ocrx_word' id='word_1_827' title='bbox 3200 5182 3452 5251; x_wconf 84' lang='lat' dir='ltr'><strong>repetitas</strong></span> <span class='ocrx_word' id='word_1_828' title='bbox 3481 5179 3695 5237; x_wconf 75' lang='lat' dir='ltr'><strong>ecclesias</strong></span> 
     </span>
    </p>
   </div>
   <div class='ocr_carea' id='block_1_111' title="bbox 2182 5272 3691 5347">
    <p class='ocr_par' dir='ltr' id='par_1_111' title="bbox 2182 5272 3691 5347">
     <span class='ocr_line' id='line_1_114' title="bbox 2182 5272 3691 5347; baseline -0.003 -15"><span class='ocrx_word' id='word_1_829' title='bbox 2182 5276 2452 5347; x_wconf 83' lang='lat' dir='ltr'><strong>possedit;</strong></span> <span class='ocrx_word' id='word_1_830' title='bbox 2499 5275 2675 5337; x_wconf 91' lang='lat' dir='ltr'><strong>modo,</strong></span> <span class='ocrx_word' id='word_1_831' title='bbox 2720 5284 2774 5329; x_wconf 90' lang='lat' dir='ltr'><strong>et</strong></span> <span class='ocrx_word' id='word_1_832' title='bbox 2820 5274 3229 5342; x_wconf 75' lang='lat' dir='ltr'><strong>deincepssine</strong></span> <span class='ocrx_word' id='word_1_833' title='bbox 3258 5274 3427 5342; x_wconf 85' lang='lat' dir='ltr'><strong>aliqua</strong></span> <span class='ocrx_word' id='word_1_834' title='bbox 3453 5272 3691 5327; x_wconf 72' lang='lat' dir='ltr'><strong>taxatione.</strong></span> 
     </span>
    </p>
   </div>
   <div class='ocr_carea' id='block_1_112' title="bbox 2179 5363 3693 5428">
    <p class='ocr_par' dir='ltr' id='par_1_112' title="bbox 2179 5363 3693 5428">
     <span class='ocr_line' id='line_1_115' title="bbox 2179 5363 3693 5428; baseline -0.007 -7"><span class='ocrx_word' id='word_1_835' title='bbox 2179 5383 2271 5422; x_wconf 91' lang='lat' dir='ltr'><strong>eas</strong></span> <span class='ocrx_word' id='word_1_836' title='bbox 2303 5369 2454 5420; x_wconf 90' lang='lat' dir='ltr'><strong>liceat</strong></span> <span class='ocrx_word' id='word_1_837' title='bbox 2482 5366 2737 5418; x_wconf 90' lang='lat' dir='ltr'><strong>canonico</strong></span> <span class='ocrx_word' id='word_1_838' title='bbox 2781 5365 2967 5418; x_wconf 89' lang='lat' dir='ltr'><strong>ordine</strong></span> <span class='ocrx_word' id='word_1_839' title='bbox 3018 5363 3271 5428; x_wconf 87' lang='lat' dir='ltr'><strong>indicare,</strong></span> <span class='ocrx_word' id='word_1_840' title='bbox 3304 5374 3359 5419; x_wconf 90' lang='lat' dir='ltr'><strong>et</strong></span> <span class='ocrx_word' id='word_1_841' title='bbox 3386 5363 3630 5425; x_wconf 77' lang='lat' dir='ltr'><strong>ordinare,</strong></span> <span class='ocrx_word' id='word_1_842' title='bbox 3652 5366 3693 5411; x_wconf 78' lang='lat' dir='ltr'><strong>et</strong></span> 
     </span>
    </p>
   </div>
   <div class='ocr_carea' id='block_1_113' title="bbox 2185 5452 3695 5524">
    <p class='ocr_par' dir='ltr' id='par_1_113' title="bbox 2185 5452 3695 5524">
     <span class='ocr_line' id='line_1_116' title="bbox 2185 5452 3695 5524; baseline -0.009 -12"><span class='ocrx_word' id='word_1_843' title='bbox 2185 5460 2373 5515; x_wconf 88' lang='lat' dir='ltr'><strong>nullam</strong></span> <span class='ocrx_word' id='word_1_844' title='bbox 2424 5457 2721 5509; x_wconf 85' lang='lat' dir='ltr'><strong>facundiam</strong></span> <span class='ocrx_word' id='word_1_845' title='bbox 2756 5452 2897 5524; x_wconf 61' lang='grc' dir='ltr'><strong>[ΑΛ.</strong></span> <span class='ocrx_word' id='word_1_846' title='bbox 2956 5452 3288 5524; x_wconf 88' lang='lat' dir='ltr'><strong>facultatem]</strong></span> <span class='ocrx_word' id='word_1_847' title='bbox 3323 5453 3523 5517; x_wconf 82' lang='lat' dir='ltr'><strong>habeat,</strong></span> <span class='ocrx_word' id='word_1_848' title='bbox 3556 5460 3695 5516; x_wconf 72' lang='lat' dir='ltr'><strong>neque</strong></span> 
     </span>
    </p>
   </div>
   <div class='ocr_carea' id='block_1_114' title="bbox 2183 5532 3692 5614">
    <p class='ocr_par' dir='ltr' id='par_1_114' title="bbox 2183 5532 3692 5614">
     <span class='ocr_line' id='line_1_117' title="bbox 2183 5532 3692 5614; baseline -0.007 -9"><span class='ocrx_word' id='word_1_849' title='bbox 2183 5549 2483 5605; x_wconf 77' lang='lat' dir='ltr'><strong>Adendatus</strong></span> <span class='ocrx_word' id='word_1_850' title='bbox 2530 5549 2811 5613; x_wconf 82' lang='lat' dir='ltr'><strong>episcopus</strong></span> <span class='ocrx_word' id='word_1_851' title='bbox 2844 5543 3133 5609; x_wconf 88' lang='lat' dir='ltr'><strong>Senensis,</strong></span> <span class='ocrx_word' id='word_1_852' title='bbox 3154 5532 3263 5599; x_wconf 62' lang='lat' dir='ltr'><strong>pec</strong></span> <span class='ocrx_word' id='word_1_853' title='bbox 3306 5546 3494 5614; x_wconf 62' lang='lat' dir='ltr'><strong>pomeri</strong></span> <span class='ocrx_word' id='word_1_854' title='bbox 3519 5551 3692 5595; x_wconf 69' lang='lat' dir='ltr'><strong>sime!-</strong></span> 
     </span>
    </p>
   </div>
   <div class='ocr_carea' id='block_1_115' title="bbox 2182 5633 3692 5703">
    <p class='ocr_par' dir='ltr' id='par_1_115' title="bbox 2182 5633 3692 5703">
     <span class='ocr_line' id='line_1_118' title="bbox 2182 5633 3692 5703; baseline -0.009 -12"><span class='ocrx_word' id='word_1_855' title='bbox 2182 5655 2329 5692; x_wconf 82' lang='lat' dir='ltr'><strong>sores</strong></span> <span class='ocrx_word' id='word_1_856' title='bbox 2382 5637 2529 5702; x_wconf 85' lang='lat' dir='ltr'><strong>ejus,</strong></span> <span class='ocrx_word' id='word_1_857' title='bbox 2584 5645 2771 5687; x_wconf 89' lang='lat' dir='ltr'><strong>contra</strong></span> <span class='ocrx_word' id='word_1_858' title='bbox 2829 5633 3251 5703; x_wconf 85' lang='lat' dir='ltr'><strong>Lupertiauum,</strong></span> <span class='ocrx_word' id='word_1_859' title='bbox 3306 5644 3360 5689; x_wconf 86' lang='lat' dir='ltr'><strong>et</strong></span> <span class='ocrx_word' id='word_1_860' title='bbox 3406 5640 3692 5701; x_wconf 58' lang='lat' dir='ltr'><strong>succesmrcs</strong></span> 
     </span>
    </p>
   </div>
   <div class='ocr_carea' id='block_1_116' title="bbox 588 5752 2806 5826">
    <p class='ocr_par' dir='ltr' id='par_1_116' title="bbox 588 5752 2806 5826">
     <span class='ocr_line' id='line_1_119' title="bbox 588 5752 2806 5826; baseline -0.002 -19"><span class='ocrx_word' id='word_1_861' title='bbox 588 5763 613 5793; x_wconf 73' lang='grc' dir='ltr'>ι</span> <span class='ocrx_word' id='word_1_862' title='bbox 654 5753 761 5807; x_wconf 90' lang='lat' dir='ltr'><strong>lloc</strong></span> <span class='ocrx_word' id='word_1_863' title='bbox 788 5756 1111 5826; x_wconf 69' lang='lat' dir='ltr'><strong>privilegium</strong></span> <span class='ocrx_word' id='word_1_864' title='bbox 1143 5766 1196 5811; x_wconf 85' lang='lat' dir='ltr'><strong>et</strong></span> <span class='ocrx_word' id='word_1_865' title='bbox 1234 5756 1507 5826; x_wconf 61' lang='lat' dir='ltr'><strong>sequentia</strong></span> <span class='ocrx_word' id='word_1_866' title='bbox 1543 5770 1608 5811; x_wconf 76' lang='lat' dir='ltr'><strong>ex</strong></span> <span class='ocrx_word' id='word_1_867' title='bbox 1638 5752 1796 5806; x_wconf 82' lang='lat' dir='ltr'><strong>Italia</strong></span> <span class='ocrx_word' id='word_1_868' title='bbox 1829 5772 1977 5807; x_wconf 78' lang='lat' dir='ltr'><strong>sacra</strong></span> <span class='ocrx_word' id='word_1_869' title='bbox 2010 5756 2075 5814; x_wconf 84' lang='lat' dir='ltr'><strong>ab</strong></span> <span class='ocrx_word' id='word_1_870' title='bbox 2117 5752 2359 5823; x_wconf 70' lang='lat' dir='ltr'><strong>Ughcllio</strong></span> <span class='ocrx_word' id='word_1_871' title='bbox 2390 5760 2511 5805; x_wconf 87' lang='lat' dir='ltr'><strong>sunt</strong></span> <span class='ocrx_word' id='word_1_872' title='bbox 2536 5759 2806 5819; x_wconf 73' lang='lat' dir='ltr'><strong>excerpta.</strong></span> 
     </span>
    </p>
   </div>
  </div>
