3796 6362
128 422 145 471 l
160 422 244 476 till

1178 425 1564 481 DIPLOSIA'I'A
1606 422 1887 481 ECCLES.
1929 427 2255 485 SELEC'I‘A.

3172 426 3311 483 1409.

122 534 225 586 eius
251 572 265 583 .
295 570 307 583 .
334 571 350 585 .
378 570 391 584 .
435 532 699 599 loquendi.
727 535 805 588 vel
830 536 1117 590 causandi:
1153 538 1243 590 sed
1274 538 1325 589 in
1352 535 1495 590 oinni
1527 548 1662 590 tem-
1689 536 1740 591 Δ
1764 533 1886 590 743.
1945 537 2056 606 Ego
2111 539 2460 603 Luitprandus
2500 554 2591 593 rex
2652 540 2799 607 regni
2826 580 2841 603 ,
2888 550 2939 594 et
2967 540 3020 595 in
3062 538 3307 592 omnibus

127 638 241 689 mre
268 622 319 675 in
341 623 527 675 eadem
559 622 937 679 deliberatione
965 664 980 688 ,
1028 628 1197 679 amba:
1244 636 1417 691 partes
1438 627 1668 680 debeant

126 727 442 780 permanere.
968 760 971 761 ,

190 799 336 855 Unde
368 802 501 851 hanc
540 801 775 853 notitiam
820 816 913 869 pro
952 811 1206 870 perpetua
1243 804 1488 860 firmitate
1532 805 1666 877 Sigi.

126 890 317 941 i'reilmn
364 890 621 943 notarium
677 892 812 957 regis
854 894 1087 946 scribere
1109 894 1494 955 admonuimus,
1527 896 1666 950 facta

124 980 295 1060 notitia
355 995 535 1037 mense
589 982 849 1057 Augusti,
902 995 1159 1051 regnante
1212 984 1665 1040 excellentissimo

122 1072 307 1123 domno
337 1072 656 1139 Luitpraudo
687 1088 809 1143 rege
838 1090 973 1128 anno
1003 1091 1084 1141 Ill,
1112 1075 1397 1130 indictione
1425 1075 1482 1129 2.

185 1167 371 1217 Actum
406 1165 455 1217 in
482 1175 628 1219 curte
658 1165 853 1221 domini
886 1168 1024 1234 regis
1057 1170 1121 1243 in
1140 1170 1352 1222 civitate
1378 1169 1550 1223 Senis.

777 1276 989 1331 XXXV.

121 1362 438 1429 Couﬁrmatio
466 1364 1027 1505 .«lmbrost'i(donati7cqt;s)
1078 1385 1110 1421 ts
1156 1385 1269 1438 rege
1313 1367 1656 1438 Luitprando.

744 1452 878 1490 anno
1034 1476 1050 1491 .
1596 1476 1603 1481 -

744 1452 878 1490 anno
904 1452 930 1490 Vl
947 1452 1050 1491 I3).

184 1521 395 1576 Flavius
424 1524 779 1593 Luitprandus
818 1530 1178 1595 perexcellens
1220 1544 1312 1584 rex
1352 1529 1465 1583 viro
1502 1545 1664 1583 vene-

122 1612 263 1665 rabili
292 1616 426 1678 patri
460 1623 657 1669 nostro
676 1616 995 1683 Lupertiano
1024 1620 1294 1687 episcopo.
1334 1620 1578 1673 Obtulisti
1608 1621 1659 1673 in
1708 1682 1720 1695 ἡ

122 1704 394 1769 pnesentia
428 1705 569 1772 regni
606 1708 773 1761 nostri
814 1706 1099 1774 iudicatum
1133 1708 1350 1761 illustris
1395 1710 1655 1776 majordo-

122 1796 182 1844 mi
214 1797 380 1847 nostri
414 1781 677 1852 Ambrosii
702 1838 717 1861 ,
770 1799 819 1850 in
866 1814 971 1867 quo
1009 1800 1397 1862 continebatur,
1426 1814 1492 1854 eo
1519 1800 1657 1866 quod

1768 626 2073 691 apostolica:
2100 629 2263 694 sedis,
2292 640 2345 682 et
2372 636 2567 682 sancta
2592 628 2841 683 Ecclesia:
2870 628 3137 691 defensor,
3160 627 3230 681 do
3256 636 3311 680 et

1768 718 1998 770 concedo
2028 732 2121 785 per
2161 720 2295 772 hanc
2342 729 2574 773 nostram
2621 720 3037 773 c0niirmatlonis
3080 719 3306 772 tabulam

1768 804 1924 858 beato
1956 806 2142 859 Evasio
2161 847 2177 872 ,
2221 816 2278 861 et
2323 808 2718 863 successoribus
2746 808 2855 861 suis
2897 807 2949 861 in
2979 818 3305 874 perpetuum,

1767 894 2017 961 quidquid
2046 894 2214 949 habeo
2236 899 2397 949 modo
2419 897 2471 950 in
2495 911 2612 950 meo
2636 896 2869 949 dominio
2895 895 2945 949 in
2974 897 3071 947 hac
3096 894 3309 949 civitate

1768 983 1975 1038 Sedula:
2001 1024 2016 1048 ,
2056 986 2196 1051 sicut
2229 1001 2258 1039 a
2290 987 2761 1055 praedecessoribus
2793 986 2923 1040 meis
2964 999 3128 1051 usque
3169 998 3308 1037 nunc

1766 1075 1817 1126 in
1845 1089 1959 1126 mea
1990 1084 2245 1141 potestate
2275 1087 2429 1131 teneo
2452 1115 2470 1141 ,
2519 1077 2783 1131 civitatem
2814 1092 2931 1129 cum
2974 1076 3106 1127 vicis
3128 1074 3304 1127 omni-

1766 1162 1862 1215 bus
1888 1207 1901 1226 ,
1935 1171 1991 1216 et
2038 1158 2318 1217 territorii‘s
2356 1164 2487 1230 ejus
2512 1165 2772 1217 montanis
2796 1203 2812 1227 ,
2858 1174 2911 1217 et
2942 1162 3182 1215 litoribus
3203 1200 3219 1225 ,
3250 1173 3303 1213 et

1768 1256 2001 1321 portibus
2021 1295 2035 1320 ,
2069 1256 2136 1308 ita
2170 1256 2344 1309 tribuo
2361 1266 2548 1310 sancto
2575 1237 2768 1308 Evasio
2794 1268 2911 1307 cum
2954 1253 3163 1307 cunctis
3210 1251 3304 1313 ho-

1766 1347 2017 1400 minibus.
2057 1348 2155 1410 Qui
2200 1347 2300 1400 hoc
2346 1347 2635 1415 infringere
2682 1346 2989 1408 tentaverit,
3029 1344 3141 1397 sive
3176 1342 3302 1403 dux,

1765 1437 1883 1491 sive
1912 1437 2167 1501 mat-chio,
2195 1438 2306 1491 sive
2333 1438 2432 1491 alia
2458 1447 2715 1504 potestas,
2740 1436 2869 1490 sciat
2894 1448 2951 1487 se
2986 1433 3303 1501 compositu.

1766 1540 1881 1579 rum
1906 1537 2117 1580 centum
2144 1529 2517 1596 quinquaginta
2538 1528 2789 1580 librarum
2816 1525 2947 1587 auri,
2972 1523 3301 1576 medietatem

1764 1628 2011 1679 camerae,
2035 1617 2445 1671 etmedietatem
2474 1615 2986 1681 ecclesizeiprrfattc.
3017 1612 3122 1678 Ego
3144 1610 3304 1665 Joan-

1766 1718 1881 1765 nes,
1910 1703 2069 1770 judex
2097 1707 2235 1759 sacri
2264 1706 2442 1773 palatii
2465 1745 2481 1769 ,
2521 1705 2708 1771 scripsi
2749 1704 2972 1757 tabulam
3007 1701 3298 1767 plumbeam

1768 1792 1819 1843 in
1845 1792 2219 1847 teetimonium.
2280 1792 2556 1846 Amantius
2594 1796 2662 1846 de
2698 1790 2976 1844 Valdebrat
3009 1796 3303 1853 comeshet

118 1895 289 1943 causa,
324 1899 439 1951 quae
471 1888 773 1939 vertebatur
802 1862 935 1941 inter
971 1898 1021 1941 te
1055 1898 1106 1941 et
1138 1888 1429 1942 Deodatttm
1457 1862 1655 1952 epi-sco-
1692 1862 1741 1921 Β
1768 1880 2092 1937 Flondonius
2116 1885 2277 1953 episc.
2305 1893 2485 1938 testes.

124 1986 235 2037 pum
263 1973 489 2025 civitatis
529 1972 814 2039 Senensis,
847 1974 911 2029 de
951 1976 1193 2030 ecclesiis
1236 1987 1536 2029 sanctorum
1570 1976 1660 2030 Dei

122 2076 165 2111 .n
196 2062 385 2126 quibus
410 2062 662 2128 baptisma
691 2064 1013 2137 consuetudo
1034 2074 1115 2120 est
1138 2066 1381 2133 faciendi,
1402 2068 1661 2131 audierat,

119 2150 178 2201 de
206 2166 307 2219 qua
338 2153 608 2217 respirasti
650 2152 713 2205 ad
753 2163 988 2207 nostram
1029 2156 1405 2222 prmexcelsatn
1439 2168 1667 2223 potesta-

120 2250 240 2305 tem,
272 2257 367 2309 per
386 2244 572 2298 Ald’ion
602 2244 734 2316 [ΑΛ.
766 2245 1035 2316 Aloinum]
1077 2247 1283 2302 fidelem
1316 2259 1579 2314 nostrum,
1610 2260 1665 2303 nt

119 2327 284 2393 ipsum
308 2331 600 2398 judicatum
650 2335 876 2402 qualiter
919 2351 948 2389 a
996 2339 1354 2405 suprascripto
1383 2339 1661 2392 Ambrosio

122 2418 323 2473 ﬁnitum
355 2432 471 2487 est,
519 2438 610 2490 per
648 2436 883 2480 nostrum
910 2434 1241 2493 praeceptum
1269 2428 1477 2482 ﬁrmare
1502 2427 1664 2482 debe-

120 2523 316 2563 remus.
358 2511 465 2566 Nos
492 2514 696 2579 quidem
726 2514 1192 2580 ipsius‘audientes
1217 2554 1229 2567 .
1258 2555 1271 2569 .
1304 2556 1319 2570 .
1347 2551 1364 2569 .
1395 2528 1446 2571 et
1471 2532 1666 2585 cogno-

116 2609 323 2652 scentes
350 2614 440 2667 per
468 2593 635 2669 ipsum
668 2602 956 2670 judicatum
978 2646 995 2668 ,
1023 2619 1117 2659 seu
1146 2612 1199 2659 et
1226 2621 1318 2673 per
1360 2607 1661 2674 Taipertum

118 2691 461 2757 castaldium;
492 2694 611 2760 quia
640 2703 724 2748 tua
751 2694 859 2764 jam
889 2696 1045 2751 dictze
1066 2697 1303 2752 ecclesiae
1331 2698 1664 2766 Lupertiante

120 2780 271 2848 longa
292 2792 378 2836 est
400 2785 665 2852 possessio
661 2800 697 2851 λ
725 2797 937 2854 propter
957 2790 1253 2843 mercedem
1271 2791 1457 2843 anima:
1474 2802 1666 2846 nostra:

124 2892 359 2944 przeseos
384 2880 646 2935 ﬁrmitatis
671 2890 865 2935 nostra?
888 2895 1206 2953 praeceptum
1233 2896 1335 2940 tua:
1358 2887 1663 2941 beatitudini

117 2966 284 3019 emitti
320 2970 698 3037 praecepimus;
747 2970 817 3023 ita
852 2982 906 3024 ut
935 2974 1160 3028 admodo
1189 2988 1281 3029 eas
1312 2976 1472 3031 dictas
1495 2980 1665 3032 eccle-

114 3056 249 3118 sias,
276 3072 396 3122 qua:
425 3058 476 3111 in
516 3058 749 3124 iudicatu
783 3061 1045 3128 leguntur,
1090 3063 1347 3119 universae
1381 3066 1431 3119 in
1458 3074 1541 3120 tua
1568 3083 1662 3137 po-

115 3138 326 3210 testate,
356 3148 706 3217 ordinatione,
738 3162 892 3219 atque
918 3152 1274 3209 dominatione
1302 3166 1658 3223 permaneant,

114 3236 249 3290 sicut
288 3254 319 3291 a
370 3238 526 3308 longo
574 3253 808 3307 tempore
855 3258 1021 3310 usque
1064 3244 1318 3303 hactenus
1358 3230 1659 3313 permanse-

120 3337 238 3380 runt
262 3367 277 3380 .
304 3365 318 3380 .
344 3366 358 3381 .
388 3367 403 3380 .
432 3332 509 3383 Ad
541 3338 593 3385 te
621 3332 704 3386 vel
735 3341 853 3385 tuos
882 3347 1218 3389 successores
1252 3337 1438 3392 futuris
1467 3348 1662 3406 tempo-

114 3418 256 3489 ribus
300 3432 703 3491 conserventur,
756 3434 809 3477 et
856 3426 1103 3481 custodes
1143 3427 1196 3481 in
1238 3442 1329 3483 eas
1351 3428 1660 3484 ordinentur

118 3525 208 3565 seu
238 3520 291 3564 et
322 3514 639 3582 presbyteri,
670 3516 750 3569 vel
782 3518 956 3571 omnis
984 3519 1246 3573 ordinatio
1268 3534 1296 3573 a
1330 3520 1475 3574 vobis
1504 3536 1662 3576 cano-

120 3606 233 3659 nice
258 3616 311 3658 et
342 3607 650 3672 regulariter
682 3608 802 3674 fiat,
840 3619 1006 3678 atque
1038 3612 1515 3682 baptisterium,ct
1544 3608 1661 3667 nul-

114 3694 210 3774 lam
244 3694 539 3748 facundiam
566 3694 671 3765 jam
700 3698 873 3764 dictus
900 3700 1201 3753 Adeodatus
1231 3688 1509 3771 episcopus
1534 3717 1662 3755 con-

113 3796 185 3837 tra
220 3797 270 3840 te
295 3785 381 3840 vel
412 3796 526 3841 tuos
552 3802 888 3846 successores
921 3790 1128 3859 habeat,
1154 3792 1361 3859 aliquod
1385 3794 1449 3846 de
1470 3806 1659 3859 supra-

111 3876 325 3940 scriptis
350 3876 586 3930 ecclesiis
610 3877 858 3944 loquendi
888 3896 901 3932 :
934 3881 1023 3932 sed
1054 3896 1149 3934 nec
1174 3881 1239 3934 de
1267 3884 1661 3945 consecratione

109 3979 317 4029 earnm,
343 3974 434 4017 aut
465 3967 911 4036 presbyterorum,
943 3979 1031 4021 aut
1060 3972 1492 4038 qualemcumque
1520 3973 1660 4026 ordi-

109 4056 380 4107 nationem
405 4096 420 4119 ,
448 4066 536 4108 aut
565 4056 960 4124 dispositionem
987 4076 999 4112 :
1031 4060 1122 4127 sed
1157 4069 1213 4113 ut
1251 4076 1409 4128 supra
1458 4064 1658 4129 praefati

104 4158 285 4197 sumus
315 4160 412 4212 per
439 4156 575 4200 tuam
616 4148 913 4201 instantiam
936 4189 953 4214 ,
982 4159 1139 4223 atque
1171 4166 1265 4220 per
1292 4167 1657 4207 successorum

108 4236 380 4303 praedicta:
406 4239 639 4291 ecclesia
664 4239 991 4315 ordinentur,
1024 4254 1181 4311 atque
1200 4282 1214 4296 .
1239 4283 1253 4299 .
1280 4244 1295 4297 λ
1326 4246 1459 4299 sicut
1492 4254 1662 4302 textus

100 4328 324 4393 judicati
356 4328 590 4382 noscitur
616 4330 913 4396 contineri;
944 4332 1075 4385 vela
1106 4334 1408 4402 supradicto
1433 4337 1659 4392 Ambro-

102 4419 182 4469 sio
234 4415 534 4471 del’liuitmn
589 4430 749 4487 atque
796 4422 1053 4476 sancitum
1109 4432 1208 4477 est.
1284 4426 1551 4492 Quatenus
1594 4427 1661 4481 ab

2408 1968 2662 2023 XXXVII.

1836 2056 2054 2111 Donatio
2080 2058 2304 2123 δρεςὶοεί
2330 2061 2549 2123 episcopi
2577 2057 2861 2111 Florentini
2900 2057 3055 2127 (anno
3081 2054 3225 2122 724).

1832 2150 1886 2203 In
1919 2151 2125 2205 nomine
2153 2149 2350 2202 Domini
2385 2159 2437 2201 ct
2481 2148 2763 2203 Salvatoris
2790 2149 2951 2201 nostri
2996 2146 3117 2201 Jesu
3142 2145 3297 2199 Chri-

1762 2240 1853 2301 sti,
1906 2250 2153 2307 regnante
2184 2239 2435 2307 piissimo,
2490 2249 2644 2306 atque
2676 2248 2923 2305 perpetuo
2951 2250 2979 2288 a
3038 2237 3143 2288 Deo
3168 2250 3295 2289 con-
3334 2284 3337 2285 ν

1764 2333 2025 2384 servando
2066 2328 2280 2383 domino
2338 2328 2658 2396 Luitprando
2710 2326 3145 2381 eccellentissitno
3175 2340 3294 2406 rege

1764 2422 1933 2489 gentis
1982 2420 2466 2490 Lungubardorum,
2498 2434 2634 2473 anno
2663 2418 2959 2472 felicissimo
3007 2417 3147 2483 regni
3182 2418 3294 2482 ejus

1763 2511 2094 2575 duodecimo,
2116 2506 2398 2563 indictione
2423 2511 2641 2576 septima
2659 2510 2892 2562 feliciter.
2922 2509 2982 2560 Et
3011 2508 3127 2560 ideo
3149 2508 3296 2560 Chri-

1766 2611 1849 2655 sto
1870 2602 2088 2655 ductore
2112 2616 2209 2668 ego
2232 2600 2515 2665 Speciosus
2541 2601 2815 2667 episcopus
2847 2599 2996 2651 nimis
3031 2608 3294 2665 peccator,

1762 2700 1814 2743 et
1843 2690 2082 2756 indignus
2112 2703 2203 2755 per
2227 2698 2537 2755 praesentem
2568 2688 2812 2752 salutem,
2842 2697 2897 2740 et
2922 2697 3191 2747 aeternam,
3219 2689 3296 2740 sic

1768 2781 1886 2833 volo
1914 2791 2066 2849 atque
2113 2778 2355 2847 dispono,
2410 2779 2633 2847 qualiter
2673 2779 2887 2831 Domino
2929 2777 3201 2831 adiuvante
3226 2778 3294 2829 de

1764 2883 1932 2935 curte,
1961 2883 2013 2925 et
2052 2875 2205 2927 rebus
2237 2873 2285 2926 in
2309 2872 2406 2936 eis,
2436 2889 2553 2941 qua:
2598 2883 2718 2927 sunt
2768 2873 2947 2941 posite
2977 2871 3026 2925 in
3052 2873 3164 2924 loco
3186 2869 3288 2924 Ilu-

1766 2964 1852 3017 vio
1880 2965 2070 3029 Greve,
2101 2965 2186 3019 ubi
2205 2968 2360 3018 etiam
2389 2966 2615 3019 Cintoria
2642 2968 2956 3031 nominatur,
2976 2966 3107 3019 infra
3126 2966 3293 3033 plebe,

1761 3064 1812 3109 et
1838 3058 2101 3123 episcopio
2123 3055 2263 3131 beati
2314 3055 2528 3110 Joannis
2575 3055 2833 3123 Baptista»,
2893 3056 2969 3109 vel
3019 3053 3289 3118 Reparata:

1765 3148 2031 3216 martyris,
2062 3147 2202 3201 unde
2233 3162 2332 3216 ego
2382 3148 2658 3215 episcopus
2687 3161 2802 3200 esse
2824 3144 3021 3209 videor,
3047 3161 3135 3199 seu
3167 3147 3294 3199 infra

1768 3238 1918 3305 plebe
1947 3278 1961 3301 ,
1991 3247 2045 3291 et
2091 3239 2355 3292 territorio
2403 3240 2569 3292 sancti
2616 3237 2830 3302 Juliani,
2857 3237 2995 3290 dicto
3046 3237 3288 3303 septimo,

1759 3327 1846 3394 qui
1879 3327 2085 3379 fuerunt
2113 3328 2365 3396 genitoris
2390 3336 2443 3381 et
2467 3325 2737 3395 genitricis
2785 3342 2937 3393 meae,
2966 3327 3157 3380 exinde
3180 3326 3290 3379 lieri

1760 3413 1970 3472 debeat.

1832 3503 1950 3557 ldeo
1974 3504 2249 3571 conﬁrmo,
2271 3511 2325 3559 et
2342 3513 2534 3569 statuo,
2562 3484 2714 3570 alque
2753 3504 3046 3559 oll‘ersiouis
3082 3508 3291 3560 nomine

1761 3593 1945 3660 oII'ero,
1978 3604 2029 3648 et
2076 3596 2238 3649 trado.
2268 3604 2371 3648 tam
2401 3596 2750 3662 supradictatn
2800 3607 3017 3658 curtem,
3048 3610 3199 3661 quam
3239 3607 3294 3648 et

1760 3700 1879 3739 cum
1908 3667 2151 3739 omnibus
2195 3686 2350 3739 rebus
2379 3687 2443 3738 ad
2478 3685 2640 3755 ipsam
2693 3684 3154 3753 pertinentibus....
3200 3700 3291 3736 an-

1760 3774 2064 3843 garialibus,
2097 3775 2284 3839 vineis,
2317 3776 2480 3839 silvis,
2507 3778 2686 3843 pratis,
2718 3776 2938 3843 pascuis,
2982 3774 3108 3829 locis
3134 3790 3293 3841 aqua-

1761 3868 1871 3934 riis,
1929 3868 2009 3922 vel
2067 3868 2375 3936 ubicumque
2404 3868 2468 3921 ad
2505 3868 2800 3936 prtedictatn
2830 3880 3027 3921 cortem
3075 3868 3292 3920 inveniri

1761 3971 1930 4028 potest
1984 3961 2362 4029 pertinentibus
2415 3962 2465 4013 in
2512 3958 2754 4025 ecclesia,
2786 3968 2838 4013 et
2864 3958 3109 4012 canonica
3156 3958 3291 4010 beati

1762 4053 1977 4108 Joannis
2007 4054 2271 4121 Baptistae,
2302 4060 2403 4105 tam
2434 4052 2496 4104 ad
2524 4052 2663 4120 ipsos
2702 4052 3002 4115 canonicos,
3029 4050 3114 4119 qui
3142 4050 3297 4101 modo

1764 4159 1856 4208 pro
1890 4154 2124 4210 tempore
2151 4149 2292 4205 sunt,
2329 4155 2485 4209 quam
2533 4143 2619 4209 qui
2650 4151 2771 4193 tunc
2820 4140 2978 4193 futuri
3031 4146 3216 4200 erunt,
3247 4147 3300 4189 ιιι

1762 4236 1991 4288 habeant
2046 4232 2365 4300 lirntiterque
2410 4240 2639 4294 teneant,
2702 4230 3018 4297 possideant,
3063 4229 3299 4281 laborare

1762 4323 1975 4387 faciant,
1999 4332 2050 4374 et
2086 4336 2149 4375 ex
2173 4321 2297 4389 ipsis
2328 4320 2560 4388 frugibus
2587 4319 2930 4373 communiter
2962 4332 3018 4371 se
3040 4318 3297 4383 reﬁciant,

1761 4422 1815 4468 et
1846 4415 1958 4466 haec
1991 4413 2227 4467 chartula
2257 4410 2554 4464 offersionis
2584 4410 2795 4462 nomine
2824 4410 2969 4460 lirma
3015 4417 3069 4460 et
3096 4405 3305 4460 stabilis

104 4509 368 4562 hodierna
398 4510 482 4562 die
505 4510 675 4562 nullus
698 4512 830 4574 dux,
855 4526 1050 4577 comes,
1077 4513 1361 4577 castaldus,
1392 4517 1474 4570 vel
1501 4519 1658 4571 actio-

1766 4513 2069 4573 permaneat
2101 4517 2327 4569 semper.
2358 4500 2501 4555 Unde
2534 4516 2805 4569 precamur
2834 4498 3113 4566 praedictos
3142 4512 3302 4551 canos

103 4600 287 4653 narius
318 4608 503 4651 noster
531 4602 712 4652 contra
746 4615 977 4665 prasens
1009 4612 1202 4656 nostrae
1229 4602 1492 4658 firmitatis
1518 4620 1653 4672 prte-

100 4700 315 4753 ceptum
344 4689 422 4743 ire
443 4690 855 4759 quandocunque
884 4702 1181 4759 praesumat,
1211 4692 1302 4747 sed
1333 4702 1389 4747 ut
1411 4694 1655 4760 supradi-

97 4788 385 4843 ctum‘est,
412 4780 518 4847 jam
546 4782 774 4847 prafatze
803 4784 1038 4836 ecclesiae
1069 4785 1120 4837 in
1154 4795 1239 4837 tua
1267 4793 1422 4852 atque
1446 4798 1657 4838 succes-

96 4885 277 4925 sorum
352 4878 564 4922 tuorum
613 4883 955 4937 permaneant
999 4884 1298 4939 potestate,
1366 4876 1654 4929 secundum

97 4962 382 5028 antiquam
411 4962 853 5015 consuetudinem
882 4978 945 5015 ex
983 4963 1157 5016 edicto
1184 4963 1360 5041 domui
1394 4965 1531 5033 regis
1564 4980 1657 5033 per

97 5049 365 5104 I’osonem
398 5054 677 5114 notarium,
706 5062 759 5105 et
787 5066 851 5105 ex
882 5054 1056 5105 edicto
1085 5052 1327 5123 Sigifredi
1353 5052 1565 5110 notarii.

168 5141 367 5193 Datum
400 5140 560 5193 Ticini
592 5142 641 5193 in
675 5142 865 5205 palatio
890 5142 1036 5210 regio
1066 5143 1098 5197 6
1141 5145 1226 5196 die
1280 5147 1474 5199 mensis
1516 5148 1655 5201 Mar-

97 5233 150 5285 tii
179 5250 273 5286 an.
306 5231 598 5285 felicissimi
631 5233 776 5301 regni
820 5233 985 5284 nostri
1032 5248 1122 5297 ιιι,
1157 5234 1341 5287 indict.
1372 5234 1465 5299 -ιῦ,
1493 5238 1660 5291 felici-

97 5334 194 5384 ter.
230 5338 283 5378 et
320 5331 383 5375 ut
427 5324 605 5377 verius
646 5322 894 5376 credatur
940 5320 1005 5374 de
1035 5324 1231 5376 annulo
1259 5334 1445 5377 nostro
1474 5326 1659 5381 subtus

94 5414 466 5482 sigillavimus.

766 5501 995 5557 XXXVI.

174 5614 406 5671 Domitio
439 5614 740 5753 Luitprandz
766 5612 857 5680 pro
880 5615 1183 5737 ηἵιῖηαδιετὶο
1210 5616 1371 5667 sancti
1400 5612 1573 5667 Evasit'

737 5702 867 5737 anno
965 5684 1041 5752 5).

737 5702 867 5737 mmo
894 5684 1041 5752 745).

158 5781 321 5836 Anno
350 5778 417 5833 ab
445 5779 804 5849 incarnatione
838 5776 1057 5859 Domini
1099 5778 1265 5831 nostri
1300 5776 1422 5831 .lcsu
1452 5774 1651 5833 Christi

1758 4595 1925 4661 uicos,
1954 4594 2042 4660 qui
2068 4593 2223 4646 modo
2243 4601 2384 4657 sunt,
2415 4600 2502 4643 aut
2531 4591 2580 4644 in
2609 4601 2761 4643 antea
2791 4591 2993 4643 venturi
3018 4599 3172 4643 erunt
3209 4605 3299 4657 per

1758 4686 1998 4737 timmetn
2029 4684 2258 4747 Domini,
2281 4693 2687 4749 sanctorumque
2703 4682 2957 4744 omnium,
2990 4690 3041 4733 ut
3070 4695 3160 4745 pro
3189 4696 3293 4743 me,

1756 4776 1993 4840 meisque
2040 4773 2360 4842 genitoribus
2417 4771 2689 4824 Dominum
2731 4771 3000 4840 deprecari
3052 4786 3153 4822 non
3181 4785 3298 4823 ces-

1756 4874 1893 4927 sent,
1916 4871 2186 4931 quatenus
2215 4872 2391 4914 nostra
2426 4862 2758 4915 remittantur
2781 4860 2990 4925 delicta,
3021 4868 3071 4912 et
3110 4873 3296 4912 conse-

1755 4969 1976 5022 quamur
2005 4953 2235 5020 requiem
2263 4934 2655 5020 sempiternam.
2691 4951 2810 5004 Ideo
2838 4964 2933 5003 nec
2957 4965 3053 5019 ego
3083 4950 3290 5018 quidem

1756 5044 2038 5112 SpeciOsus
2068 5046 2363 5111 episcopus,
2419 5058 2585 5111 neque
2616 5042 2700 5095 ulli
2732 5041 2986 5109 episcOpi,
3041 5042 3123 5109 qui
3183 5052 3298 5108 post

1758 5151 1931 5189 meum
1959 5135 2230 5188 decessum
2259 5135 2435 5188 sedem
2464 5133 2723 5202 accepturi
2754 5145 2872 5186 sunt
2922 5144 3118 5187 Sdlleﬁ
3172 5133 3294 5186 Flo-

1759 5228 1978 5283 rentinis
2006 5228 2243 5282 ecclesiae
2275 5229 2568 5281 habeamus
2588 5227 2872 5290 licentiam,
2903 5237 2956 5279 et
2986 5204 3294 5292 potestatem

1760 5296 2026 5389 praefatam
2080 5330 2304 5380 curtem,
2354 5332 2471 5370 cum
2524 5315 2753 5385 prmfatis
2804 5317 2958 5369 rebus
3000 5314 3066 5367 ab
3094 5313 3297 5365 illorum

1758 5408 2176 5475 supradictorum
2222 5406 2592 5460 canonicorum
2650 5415 2926 5473 potestate,
2960 5406 3041 5459 vel
3066 5404 3298 5458 dominio

1760 5498 2021 5561 retollcre,
2075 5506 2127 5551 et
2157 5498 2377 5550 aliorum
2398 5497 2681 5551 hominum
2738 5494 2972 5549 manibus
3024 5494 3297 5559 deputare,

1760 5605 1857 5641 nec
1881 5604 1971 5657 per
1997 5589 2286 5641 chartulam
2338 5590 2801 5642 concambiationis
2823 5627 2836 5652 ,
2867 5603 3035 5657 neque
3056 5603 3148 5655 per
3172 5597 3303 5639 eou-

1762 5680 2076 5733 vcnicntiam
2114 5678 2296 5743 libelli,
2331 5695 2501 5747 neque
2534 5695 2623 5745 per
2675 5680 2815 5732 illum
2848 5680 3151 5743 iocantium,
3204 5679 3284 5731 nis

1764 5772 1901 5834 sicut
1941 5785 2097 5839 supra
2149 5769 2398 5839 diximus,
2438 5772 2502 5826 ad
2533 5770 2745 5825 illorum
2775 5772 3169 5835 cauouicorunt,
3220 5768 3302 5834 qui
