3796 6354
37 8 559 163 ’ἓν

37 8 559 163 ’ἓν

164 445 301 499 1505

1206 443 1591 498 Dll‘LOMATA
1635 430 1908 497 sccws.
1940 412 2268 498 Summa.

3224 452 3357 504 “06

252 598 283 616 ..
346 564 471 613 Item
514 561 565 614 in
608 558 875 613 Barisiano
904 572 1024 612 casa
1053 557 1307 611 Lucifredi
1335 549 1616 619 Massario,
1651 563 1704 607 ct
1734 556 1782 613 Α
1874 557 1912 624 1-
1953 556 2061 624 Ego
2086 558 2282 622 Oporto
2312 556 2531 622 exiguus
2568 555 2669 609 dux
2697 556 2849 623 jussu
2882 556 3024 611 dom.
3056 558 3368 627 Walpranali

160 665 282 703 casa
358 687 374 701 .
454 690 468 704 .
546 689 560 702 .
638 664 729 725 seu
775 649 1140 718 prrescriptum
1181 662 1320 701 caste
1368 654 1471 699 tam
1502 644 1711 697 aldiari-

158 742 271 795 cios
300 757 455 809 quam
484 744 536 796 et
561 742 819 807 servulos,
862 743 984 809 quia
1008 744 1072 793 atl
1092 742 1200 809 ipsa
1234 756 1352 795 cum
1382 753 1555 794 nostra
1590 756 1709 808 per-

160 832 387 895 tinuere,
421 831 509 885 ubi
583 869 600 885 .
675 870 690 885 .
768 867 781 883 .
862 868 877 882 .
954 867 970 883 .
1047 868 1062 881 .
1140 865 1158 884 .
1237 866 1253 883 .
1328 830 1512 884 Manus
1564 844 1707 893 suas,

160 921 243 973 vel
273 920 600 985 laboravere,
649 934 767 972 cum
797 920 975 975 omnia
1016 920 1249 987 integras
1276 928 1452 987 partes
1482 932 1603 971 suas
1640 920 1710 970 si-

160 1012 357 1065 militer
392 1012 454 1064 ad
485 1012 599 1080 ipso
653 1002 946 1065 venerabili
977 1009 1093 1063 loco
1170 1048 1182 1061 .
1260 1048 1274 1060 .
1353 1045 1368 1059 .
1442 1008 1554 1061 Alia
1588 1022 1710 1074 por-

159 1105 335 1158 ticella
364 1114 540 1157 nostra
587 1104 639 1157 in
662 1103 954 1173 caull,qul
978 1103 1279 1158 nominatur
1309 1102 1529 1157 Feriano
1546 1117 1707 1172 pr0pe

158 1205 390 1247 montem
422 1193 654 1257 Listinte,
683 1208 797 1262 qua:
840 1206 890 1248 et
923 1193 1036 1263 ipsa
1082 1194 1348 1247 curticella
1374 1194 1637 1259 excolere,
1660 1204 1714 1247 et

156 1296 341 1351 regere
370 1282 573 1336 videtur
595 1297 689 1350 per
714 1293 765 1336 te
839 1320 855 1337 .
908 1310 948 1335 η.
1023 1318 1041 1336 .
1113 1270 1275 1336 Actor
1305 1292 1500 1348 noster,
1526 1294 1578 1336 et
1606 1298 1710 1335 una

153 1387 279 1426 cum
302 1387 421 1443 casa
468 1368 809 1439 ipsiustende
875 1409 891 1425 .
966 1408 983 1424 .
1058 1372 1286 1425 bamaria
1309 1372 1387 1423 vel
1411 1385 1528 1424 cum
1565 1375 1709 1428 omni

156 1463 486 1530 portiuncula
517 1476 610 1516 sua
634 1461 722 1516 ubi
796 1497 813 1513 .
890 1498 906 1515 .
980 1474 1073 1515 sua
1096 1460 1336 1531 tenuerit,
1370 1460 1452 1519 vel
1478 1474 1596 1513 cum
1625 1475 1713 1515 ca-

155 1551 233 1605 sis
285 1565 489 1605 massar
563 1589 577 1604 .
658 1590 671 1605 .
752 1586 767 1603 .
845 1588 859 1601 .
937 1588 952 1603 .
1027 1549 1092 1602 ad
1151 1549 1333 1604 eadem
1390 1550 1710 1602 curticellam

157 1642 487 1705 pertinentes
540 1653 679 1695 nunc
705 1647 920 1708 quatuo,
971 1638 1122 1703 duas,
1154 1640 1240 1693 ubi
1296 1640 1348 1693 in
1394 1640 1714 1693 Bultriviauo

157 1744 261 1782 una
339 1767 357 1784 .
432 1765 450 1782 .
523 1766 539 1783 .
613 1738 923 1783 exercentes
997 1744 1091 1797 per
1146 1727 1352 1782 Gadulo
1421 1728 1711 1796 Alfredulo,

159 1819 492 1893 Misaogeilp,
532 1818 793 1874 Fracculo
821 1818 1093 1871 massariis
1166 1854 1183 1873 .
1259 1855 1273 1869 .
1347 1818 1587 1872 similiter
1612 1820 1712 1877 ΑΙ-

155 1909 319 1962 dione
392 1944 415 1961 .
481 1944 497 1960 .
573 1944 588 1959 .
666 1942 681 1958 .
738 1906 1132 1973 suprascripto,
1159 1905 1421 1971 case,ubi
1451 1919 1568 1957 cum
1590 1920 1705 1957 om—

153 1998 243 2049 nia
280 1994 574 2049 abiacentia
602 2008 715 2059 sua,
763 1994 994 2062 quod'in
1043 2005 1300 2061 prasente
1325 1995 1410 2048 die
1431 1994 1495 2048 ad
1526 2006 1723 2067 manus

152 2099 282 2138 suas
332 2083 608 2152 posseSsis,
663 2082 745 2137 vel
787 2082 930 2151 justo
978 2084 1163 2137 ordine
1196 2095 1433 2149 tenuere,
1471 2085 1713 2139 similiter

134 2172 380 2242 ‘Gagiolo
405 2171 495 2225 illo
568 2208 585 2223 .
664 2209 679 2223 .
757 2208 773 2225 .
848 2182 900 2225 et
922 2154 1143 2241 Gagiolo
1171 2174 1435 2241 illaprope
1459 2172 1567 2242 ipsa
1586 2189 1709 2225 cur-

153 2273 232 2327 te,
255 2276 351 2315 ora
378 2274 610 2330 prmsepe
637 2260 1017 2324 circumdatus,
1074 2278 1176 2315 una
1202 2276 1321 2316 cum
1346 2276 1464 2315 casa
1515 2262 1582 2315 de
1606 2263 1710 2315 line

154 2353 506 2418 Dultriviano,
558 2338 693 2419 quas
726 2350 789 2403 ad
820 2351 1056 2421 singulos
1104 2350 1344 2405 homines
1402 2364 1710 2420 comparare

150 2440 305 2494 visus
332 2457 444 2495 sum
520 2478 535 2493 .
612 2483 627 2498 .
715 2484 728 2497 .
804 2441 939 2495 Sura
990 2455 1153 2509 usque
1177 2437 1393 2503 Filesta,
1434 2455 1551 2504 qua:
1580 2438 1710 2494 mihi

152 2532 208 2583 in
263 2530 654 2600 comparatione
692 2531 907 2585 advenit
956 2529 1024 2583 de
1082 2530 1363 2583 Partulo...
1413 2527 1625 2589 dusino,
1658 2537 1711 2581 et

153 2621 351 2676 Ursulo
369 2622 433 2675 de
454 2622 711 2696 Oppiana,
734 2622 907 2675 omnia
924 2619 974 2673 in
1002 2619 1202 2685 integra
1227 2617 1340 2671 haec
1362 2632 1518 2685 supra
1541 2618 1710 2685 scrip-

152 2719 238 2762 tas
265 2718 440 2763 curtes
467 2709 598 2763 duas
617 2722 738 2763 cum
788 2709 988 2770 omnia.
1015 2715 1070 2760 et
1116 2708 1168 2761 in
1192 2707 1455 2771 omnibus,
1488 2721 1606 2775 qua:
1656 2706 1710 2761 in

152 2810 423 2863 praesente
439 2798 524 2852 die
542 2798 640 2852 sub
660 2813 716 2853 se
749 2797 966 2869 habere,
984 2797 1064 2851 vel
1091 2797 1435 2865 suprascripti
1504 2792 1525 2850 ’.

150 2902 280 2940 cum
306 2889 480 2941 omnia
507 2887 572 2941 ad
596 2889 710 2956 ipso
739 2898 947 2948 sancto,
968 2894 1024 2941 et
1044 2887 1331 2941 venerabili
1367 2888 1481 2939 loco
1507 2889 1712 2952 tradere

152 2976 252 3028 visi
284 2989 489 3041 sumus,
538 2976 696 3031 simul
724 2988 777 3032 et
797 2978 865 3032 de
895 2975 1118 3046 Gagiolo
1148 2986 1331 3031 nostro
1359 2976 1444 3031 hic
1461 2977 1525 3030 da
1553 2979 1710 3031 Surra

150 3079 349 3134 campo
377 3081 502 3135 uno,
534 3074 636 3120 etc.

583 869 600 885 ο
675 870 690 885 ο
768 867 781 883 ο
862 868 877 882 ο
954 867 970 883 ο
1047 868 1062 881 ο
1140 865 1158 884 ι
1237 866 1253 883 ο

151 3242 533 3298 Testamentum
580 3250 608 3280 ι
658 3242 995 3383 Walprazltgg)
1015 3244 1253 3299 Lucensis
1302 3244 1523 3313 episcapi
1560 3246 1715 3315 (anno

225 3424 287 3477 In
318 3424 409 3479 Dei
452 3426 683 3479 nomine.
716 3423 984 3494 Begoante
1022 3424 1216 3487 domno
1251 3435 1432 3479 nostro
1460 3418 1717 3495 Astulpho

149 3528 319 3583 regor
348 3530 487 3568 anno
514 3516 657 3583 regni
702 3515 815 3581 ejus
841 3529 891 3577 v,
925 3529 1104 3569 mense
1132 3513 1291 3580 lolio,
1323 3514 1504 3568 indict.
1541 3530 1610 3568 vn
1642 3514 1718 3569 fe-

152 3605 352 3658 liciter.
383 3602 567 3659 Certus
610 3619 723 3656 sum
751 3618 850 3672 ego
895 3603 1242 3671 Walprandus
1292 3604 1345 3659 in
1388 3604 1476 3661 Dei
1508 3608 1719 3661 nomine

152 3693 443 3761 episcopus
478 3693 597 3761 quia
636 3708 698 3747 ex
726 3694 962 3761 iussione
998 3692 1176 3746 domni
1219 3695 1382 3748 nostri
1421 3694 1604 3748 Astulfl
1628 3709 1720 3765 gre-

148 3786 236 3851 gis
263 3783 496 3837 direCtus
524 3798 638 3836 sum
687 3782 738 3836 in
788 3774 1024 3836 exercitu
1070 3783 1134 3835 ad
1182 3782 1553 3837 ambulandum
1598 3797 1717 3836 cum

151 3872 302 3941 ipso,
331 3872 469 3925 unde
502 3872 579 3925 sic
605 3871 913 3939 dispensare
940 3871 1156 3940 pra-vidi
1181 3872 1248 3926 de
1277 3860 1523 3927 omnibus
1562 3873 1718 3929 rebus

151 3962 319 4023 meis,
351 3968 409 4013 ut
434 3959 556 4013 dum
584 3960 833 4014 advivere
862 3976 1043 4015 mer...
1098 3961 1150 4015 in
1194 3977 1308 4016 mea
1350 3962 1421 4017 sit
1462 3972 1720 4031 potestate

150 4051 447 4117 vendendi,
485 4050 710 4105 donandi
753 4050 877 4141 quid
924 4051 1117 4116 facere,
1149 4052 1233 4105 vel
1276 4052 1509 4118 judicare
1549 4052 1721 4105 adhuc

150 4148 407 4210 voluero,
430 4154 484 4198 et
510 4143 553 4197 si
580 4143 708 4197 mihi
748 4142 954 4197 occasio
983 4142 1275 4208 obvenerit,
1308 4143 1429 4196 volo
1456 4151 1513 4197 ut
1535 4158 1720 4198 omnes

150 4249 248 4291 res
278 4248 427 4287 meas
466 4248 580 4300 qua:
608 4232 847 4286 addicata‘
873 4241 927 4286 et
954 4246 1060 4285 non
1100 4233 1330 4299 vendita,
1374 4242 1463 4286 aut
1488 4248 1593 4287 non
1623 4233 1719 4287 do-

150 4334 288 4382 nata
317 4322 645 4387 remanserit,
684 4322 814 4377 duas
859 4333 1033 4391 partes
1074 4324 1269 4378 habeat
1290 4326 1514 4379 ecclesia
1551 4322 1718 4379 sancti

154 4412 401 4479 Ilartini,
428 4411 516 4467 ubi
542 4426 679 4466 nunc
706 4425 899 4481 prwses
919 4420 973 4466 et
998 4427 1095 4481 ego
1126 4412 1356 4480 pontifex
1373 4427 1491 4468 esse
1516 4414 1716 4479 videor,

1809 646 2036 712 episcopi
2080 648 2130 698 in
2164 646 2258 699 hac
2308 647 2491 714 pagina
2518 646 2734 713 judicati
2784 648 2990 717 propria
3034 666 3154 703 .mea
3204 667 3365 705 manu

1809 736 2116 802 subscripsi.

1877 825 1917 892 ἦ*
1959 826 2065 891 Ego
2094 825 2311 878 Drnccio
2339 826 2516 893 presb.
2559 840 2693 892 rog.‘

1876 914 1914 981 ’ᾗ
1954 913 2059 979 Ego
2088 912 2402 980 Gualpertus
2434 905 2653 984 exiguus
2680 916 2902 971 clericus
2930 933 3041 985 rog.

1879 1008 1917 1075 -ι-
1956 1005 2129 1075 Ego...
2159 1009 2219 1060 υς
2234 1007 2418 1075 prandi
2445 1008 2679 1061 subdiac.
2715 1022 2976 1075 suprascr.
3004 1010 3251 1075 scriptor.

2528 1100 2636 1170 xtj.

1816 1206 2140 1276 Privilegium
2200 1206 2421 1259 Roclrisii
2479 1208 2608 1271 regis
2662 1223 2753 1276 pro
2805 1202 3013 1260 ecclesia
3072 1206 3371 1260 Placenth

2412 1277 2565 1342 (arma
2607 1274 2755 1339 766).

1883 1365 2091 1419 Flavius
2141 1364 2392 1418 Ratbchis
2438 1364 2518 1416 vir
2561 1364 3037 1418 excellentissimus
3067 1378 3160 1420 rex
3190 1364 3364 1418 felici-

1815 1464 1913 1509 ter.
1972 1455 2218 1509 Ecclesia:
2269 1454 2551 1507 beatissimi
2615 1456 2858 1524 martyris
2928 1465 2981 1507 et
3046 1455 3362 1509 confessoris

1810 1543 2005 1598 Christi
2041 1544 2308 1610 Antonini,
2340 1555 2392 1596 et
2421 1544 2670 1612 Victoris,
2701 1544 2815 1597 sitm
2844 1558 3007 1611 prope
3036 1559 3213 1598 muros
3234 1544 3365 1597 civi-

1814 1635 1936 1686 tatis
1965 1645 2161 1687 nostrae
2198 1634 2532 1696 Placentinae,
2580 1634 2666 1685 nhi
2712 1643 2895 1687 sancta
2931 1648 3112 1687 eorum
3144 1648 3391 1700 corpora-

1814 1724 2088 1788 quiescunt
2118 1725 2449 1784 humatapet
2478 1722 2590 1773 viro
2640 1722 2941 1779 beatissimo
2996 1724 3127 1791 patri
3184 1732 3365 1775 nostro

1817 1809 2033 1864 Thomas
2054 1810 2306 1877 episcOpo
2333 1809 2537 1862 custodi
2582 1808 2715 1876 ejus.
2766 1809 2961 1863 Detulit
3002 1810 3252 1862 sanctitas
3278 1818 3371 1885 tua.

1816 1896 2082 1971 praecelsas.
2127 1900 2375 1968 potestati
2425 1912 2616 1953 nostra:
2663 1911 2978 1966 praeceptum
3004 1900 3283 1961 cessionis,
3308 1906 3364 1951 et

1811 1991 2068 2044 firmitatis
2094 1989 2449 2044 antecessoris
2480 1988 2753 2055 llilpraudi
2797 1989 2954 2057 regis,
2984 1989 3036 2043 in
3078 2004 3181 2055 quo
3222 1988 3360 2053 lege-

1810 2081 1984 2145 batur,
2013 2094 2078 2132 eo
2098 2078 2238 2146 quod
2266 2080 2390 2131 dum
2432 2078 2616 2130 civitas
2649 2090 2824 2132 nostra
2868 2078 3189 2140 Placentina,
3220 2078 3359 2146 quod

1808 2169 2050 2222 omnibus
2080 2176 2260 2219 notum
2291 2176 2391 2229 est,
2422 2166 2488 2218 ab
2526 2166 2766 2219 incendio
2795 2167 2963 2229 fuerat
3000 2178 3356 2231 concremata,

1787 2260 1860 2315 Jet
1903 2258 2077 2314 omnia
2141 2258 2426 2310 munimina
2488 2256 2747 2323 praedictae
2793 2257 3029 2310 erclesize
3076 2267 3175 2326 tua:
3228 2256 3353 2309 inibi

1807 2350 2076 2415 combusta
2117 2356 2263 2413 sunt,
2291 2348 2427 2400 sicut
2468 2357 2522 2400 et
2550 2346 2664 2399 aliis
2694 2346 2867 2409 rebus,
2896 2357 2948 2397 et
2976 2346 3087 2413 ipse
3116 2345 3354 2412 Hilprant

1808 2441 2087 2508 peripsum
2113 2446 2431 2508 praeceptum
2468 2451 2619 2490 suum
2652 2434 2946 2490 firmaverat
2973 2438 3168 2500 omnia,
3200 2436 3341 2501 quic-

1808 2531 1931 2599 quid
1965 2532 2075 2596 ipsa
2126 2538 2428 2581 sanctorum
2460 2528 2594 2591 loca,
2644 2537 2696 2580 et
2726 2541 2817 2580 vos
2867 2527 3229 2592 possidebatis,
3272 2528 3353 2580 vel

1811 2620 1949 2691 quod
1979 2619 2135 2675 vestri
2167 2616 2512 2687 possederant
2549 2626 2929 2681 antecessores,
2961 2617 3071 2668 sive
3117 2616 3184 2670 de
3222 2616 3361 2669 dono

1811 2711 2257 2779 praedecessorum
2284 2715 2582 2762 nostrorum
2612 2721 2815 2773 regum,
2840 2708 2952 2759 sive
2979 2707 3116 2774 quod
3143 2706 3208 2757 ab
3230 2708 3364 2759 anti-

1694 2835 1709 2851 .
1810 2801 1930 2870 quis
1957 2799 2282 2866 temporibus
2308 2798 2477 2853 fuerat
2520 2812 2819 2866 possessum
2863 2797 2913 2851 in
2940 2798 3097 2862 casis,
3127 2796 3358 2860 familiis,

1812 2890 2111 2955 territoriis,
2146 2891 2361 2954 familia,
2393 2899 2445 2944 et
2495 2890 2715 2957 peculia,
2769 2891 2850 2943 vel
2904 2891 3041 2956 quod
3088 2905 3114 2941 a
3146 2888 3362 2957 singulis

1817 2982 2122 3036 hominibus
2166 2982 2292 3035 inibi
2317 2982 2565 3035 collatum
2589 2979 2779 3045 fuerat,
2812 2994 2902 3033 seu
2927 2995 2989 3034 ex
3012 2979 3361 3045 comparatio-

1817 3086 1916 3135 ne,
1968 3079 2057 3123 aut
2101 3072 2531 3139 commutatione,
2562 3069 2644 3121 vel
2678 3062 3021 3135 undecunque
3050 3068 3263 3132 habere,
3306 3075 3361 3119 et

1816 3160 2081 3228 possidere
2110 3158 2465 3212 moderamine
2498 3158 2774 3221 videbatis,
2818 3157 2972 3211 simul
3014 3166 3069 3210 et
3110 3158 3359 3210 eccles‘as

1818 3250 2110 3304 diteceseas
2134 3256 2247 3301 tuas
2275 3248 2345 3301 ibi
2375 3263 2466 3316 per
2504 3249 2703 3316 singula
2744 3246 2855 3301 loca
2893 3255 3131 3321 statutas,
3162 3260 3191 3297 a
3217 3247 3364 3298 vobis

1818 3341 2105 3404 ordinatas,
2135 3339 2218 3393 vel
2244 3354 2275 3391 a
2303 3340 2493 3393 vestris
2520 3339 2888 3392 decessoribus
2929 3336 3157 3400 fuerant,
3187 3350 3277 3389 seu
3304 3346 3357 3389 et

1818 3428 2155 3496 monasteria,
2187 3427 2243 3487 id
2267 3436 2348 3481 est
2388 3427 2531 3481 beati
2554 3427 2778 3493 apostoli
2812 3434 2862 3480 et
2895 3427 3140 3492 martyris
3167 3425 3361 3479 Christi

1818 3519 2051 3581 Tltomze,
2081 3527 2236 3585 atque
2257 3516 2372 3587 Syri
2396 3515 2710 3588 coofessor'ys
2736 3519 2896 3581 prope
2921 3514 3071 3566 istam
3094 3514 3359 3583 civitatein

1820 3618 2049 3661 nostram
2081 3606 2466 3671 Placentinatn;
2505 3615 2659 3673 atque
2704 3607 2993 3658 tinuaverat
3024 3606 3075 3655 in
3119 3608 3230 3669 ipsa
3257 3618 3350 3655 ve-

1820 3698 2071 3753 nerabilia
2100 3695 2217 3753 loca
2256 3698 2570 3751 monasteria
2614 3694 2954 3757 Florentiola,
2994 3703 3048 3746 et
3076 3692 3247 3755 Tolla,
3288 3702 3368 3743 at-

1820 3802 1923 3857 que
1965 3786 2202 3841 Gravaco
2226 3804 2241 3839 :
2293 3770 2453 3841 unde.
2478 3798 2530 3840 et
2559 3774 2880 3853 asseruistis,
2909 3783 3049 3857 qttod
3076 3784 3173 3837 sub
3199 3790 3365 3835 vestra

1822 3856 2039 3930 fuissent
2059 3872 2296 3943 tuitionc,
2325 3885 2376 3929 et
2403 3882 2633 3927 rectores
2654 3856 3133 3941 suprascriptorum
3160 3886 3188 3923 a
3219 3872 3365 3923 vobis

1825 3964 2124 4034 praeiudicio
2162 3963 2382 4018 fuissent
2410 3963 2655 4025 convicti,
2688 3973 2741 4016 et
2766 3962 3019 4014 canonica
3064 3961 3361 4014 obedientia

1822 4057 1968 4112 vobis
1996 4056 2380 4123 ‘impendantur.
2399 4055 2501 4108 Nec
2526 4068 2627 4106 non
2657 4054 2879 4107 etiamet
2906 4050 3235 4123 conﬁrmatit
3272 4066 3362 4104 voc

1823 4144 1902 4198 bis
1942 4159 2127 4197 omnes
2153 4145 2266 4197 illas
2292 4140 2560 4208 mulieres,
2591 4158 2720 4210 quas
2749 4144 2885 4196 servi
2914 4142 3150 4197 ecclesia:
3175 4150 3364 4196 vestrze

1820 4245 2131 4306 acceperant
2157 4234 2207 4288 in
2234 4234 2476 4304 coujugio
2503 4250 2619 4286 cum
2656 4232 2798 4298 ﬁliis,
2826 4232 3049 4296 filiabus,
3079 4232 3166 4300 qui
3193 4248 3255 4286 ex
3287 4237 3367 4285 eis

1824 4326 1931 4380 nati
1976 4322 2183 4379 fuerant
2229 4340 2318 4394 per
2356 4324 2588 4377 aldiones
2642 4323 2895 4376 habentes
2944 4322 3214 4373 mundiunt
3271 4336 3362 4386 per

1823 4426 1975 4486 caput
2001 4415 2199 4470 solidos
2228 4430 2405 4485 senos,
2438 4424 2491 4468 et
2518 4422 2855 4467 concesserat
2895 4412 3019 4466 inibi
3060 4414 3363 4480 pensionem

151 4516 216 4561 et
248 4504 449 4565 taliter,
479 4513 533 4559 ut
562 4517 661 4554 una
694 4516 812 4569 pars
850 4504 916 4555 de
960 4501 1087 4569 ipsis
1128 4503 1327 4557 duabus
1374 4503 1716 4570 portionibus,
1748 4520 1800 4582 υ
1825 4508 1967 4562 illam
1994 4508 2057 4563 de
2081 4521 2279 4577 sapone
2334 4506 2492 4559 libras
2539 4521 2664 4572 xu,
2708 4521 2824 4573 qua:
2868 4505 3044 4573 palatii
3094 4506 3255 4558 nostri
3304 4520 3368 4557 ex

151 4606 307 4663 quas
326 4592 381 4645 in
402 4590 621 4645 ecclesia
638 4589 806 4643 sancti
833 4588 1033 4644 Martini
1054 4591 1173 4656 feci,
1203 4590 1390 4645 debeat
1409 4605 1525 4645 esse
1553 4592 1603 4644 in
1636 4606 1725 4644 xe-

154 4679 458 4740 nodochio,
486 4678 605 4747 quia
629 4677 823 4731 domno
854 4677 1205 4747 Talerperano
1226 4679 1475 4748 episcOpo
1497 4681 1582 4734 hie
1615 4680 1726 4735 fore

156 4786 332 4829 noro
373 4770 594 4825 civitatis
641 4770 952 4824 instructum
1000 4772 1208 4825 tertiam
1257 4779 1457 4841 partem
1503 4772 1727 4827 habebat

148 4865 400 4923 ecclesia
426 4860 589 4916 sancti
625 4853 875 4926 Fridiani,
901 4859 986 4915 ubi
1024 4861 1195 4931 ipsum
1223 4864 1393 4927 sancti
1410 4878 1609 4930 corpus
1636 4879 1724 4918 re-

148 4953 393 5026 quievit,
422 4960 477 5008 et
512 4958 698 5021 quarta
736 4961 885 5020 parte
922 4950 1112 5006 habeat
1153 4952 1374 5029 ecclesia
1402 4963 1594 5008 sancta:
1626 4955 1728 5012 lte-

148 5056 396 5117 parataa.
824 5029 832 5039 ’
1480 5078 1502 5097 κ

228 5137 281 5206 ειν
328 5136 434 5202 Ego
460 5134 811 5201 Walprandls
861 5134 914 5201 in
962 5134 1055 5191 Del
1094 5122 1302 5190 nomine
1350 5140 1627 5207 episcopus
1677 5138 1727 5192 in

153 5230 322 5282 hunc
356 5224 568 5292 iudicati
610 5226 797 5293 pagina
823 5237 853 5276 a
883 5238 967 5277 tle
997 5222 1129 5278 facta
1169 5225 1304 5279 sicut
1330 5229 1570 5294 superius
1598 5226 1728 5297 legi-

152 5324 252 5405 tur
278 5311 490 5382 propria
521 5328 677 5367 manu
707 5327 822 5367 mea
851 5312 1167 5393 subscripsi.
1200 5312 1212 5324 ’

238 5477 273 5507 ι
323 5468 646 5533 Valprandus
678 5467 930 5530 Walperti
978 5467 1136 5529 Illius,
1183 5467 1329 5522 ducis
1375 5469 1545 5534 Luca,
1576 5486 1729 5525 enm-

154 5540 302 5596 dem
351 5537 516 5606 gessit
565 5538 923 5607 episcopatum
971 5552 1062 5607 an.
1094 5536 1217 5601 739.,
1273 5541 1637 5607 reperiturqne
1678 5540 1727 5593 in

160 5608 424 5675 pluribus
453 5606 807 5675 monumentis
856 5606 1173 5671 nominatus,
1236 5623 1400 5675 usque
1429 5610 1493 5660 ad
1533 5606 1726 5662 annum

156 5673 309 5736 τδι,
349 5689 496 5727 coetu
523 5686 644 5743 tunc
684 5677 732 5727 in
777 5673 1004 5729 favorem
1047 5689 1156 5728 sua:
1199 5673 1437 5729 ecclesiae
1467 5678 1728 5733 Titianum

140 5744 476 5805 castellum.
513 5744 756 5800 Pervenit
782 5745 846 5798 ad
877 5758 1019 5799 meas
1047 5758 1230 5798 manus
1264 5748 1532 5815 exemplar
1563 5752 1729 5817 und-
1756 5812 1763 5817 D

1826 4598 2120 4651 Placentina
2152 4590 2373 4652 civitate
2404 4592 2748 4663 inferebatur,
2797 4604 2850 4649 et
2880 4598 3176 4649 lirrnavcrat
3219 4595 3369 4648 vobis

1825 4698 2050 4757 portum,
2105 4688 2189 4755 qui
2229 4689 2415 4742 dicitur
2445 4687 2681 4753 Cotaleo,
2737 4690 2821 4743 ubi
2865 4703 3023 4741 naves
3083 4690 3364 4742 militarem

1827 4794 1974 4834 usum
2020 4780 2242 4833 habeant
2264 4779 2525 4831 vulatione
2555 4778 2641 4830 illa
2682 4778 2750 4831 de
2768 4777 3013 4845 ripatico,
3036 4778 3115 4841 vel
3141 4778 3364 4845 iustitia,

1828 4868 1968 4936 quod
1996 4880 2049 4923 et
2076 4868 2196 4921 inde
2243 4868 2294 4921 in
2341 4867 2535 4936 palatio
2570 4877 2762 4933 nostro
2806 4868 3073 4932 veniebat,
3120 4883 3213 4923 vos
3252 4884 3366 4923 eam

1826 4961 2086 5015 deberetis
2116 4958 2337 5012 tollere:
2388 4973 2486 5013 nec
2531 4971 2634 5011 non
2680 4966 2735 5011 et
2778 4968 3113 5030 concesserat
3160 4960 3209 5012 in
3257 4961 3368 5026 ipsa

1827 5058 2004 5101 sancta
2034 5048 2145 5101 loca
2174 5048 2257 5100 vel
2294 5048 2443 5102 vobis
2482 5048 2670 5100 lectum
2721 5047 2867 5110 Padi,
2908 5048 3046 5125 unde
3090 5058 3210 5103 ante
3256 5049 3372 5102 dies

1826 5137 2055 5193 cucurrit
2094 5152 2256 5207 prope
2296 5140 2649 5206 suprascripta
2679 5139 2892 5191 civitate
2938 5138 3232 5193 Placentina
3266 5139 3370 5191 line

1828 5239 1982 5298 caput
2026 5230 2092 5283 de
2132 5230 2269 5293 rivo,
2322 5233 2409 5299 qui
2439 5230 2629 5285 dicitur
2675 5231 2859 5298 frigido
2890 5246 3052 5301 usque
3092 5235 3141 5285 in
3175 5234 3275 5284 line
3302 5232 3371 5285 de

1827 5322 2139 5391 Spaoraria,
2170 5332 2223 5376 et
2250 5323 2395 5377 vobis
2430 5321 2652 5391 prepriis
2700 5323 2939 5377 manibus
2989 5323 3098 5374 suis
3142 5320 3372 5375 tradide-

1828 5484 1947 5536 dam
2000 5484 2175 5537 brevis
2222 5483 2517 5537 documenti
2552 5484 2854 5552 Walprandi
2884 5482 3109 5551 episcopi
3139 5497 3225 5535 an.
3268 5479 3377 5535 739

1829 5553 2103 5621 scriptum,
2134 5554 2273 5621 quod
2305 5564 2474 5605 exstat
2515 5554 2565 5605 in
2598 5556 2850 5606 tabulario
2881 5553 3125 5605 Lucensis
3168 5552 3372 5618 episco-

1832 5623 1923 5689 pii,
1952 5634 2004 5676 et
2028 5623 2239 5690 dignum
2267 5623 2433 5674 visum
2458 5634 2539 5677 eSt
2569 5624 2721 5678 uthic
2750 5631 3082 5676 recensentur
3106 5621 3157 5673 iu
3172 5635 3373 5674 metuu-

1833 5696 1962 5746 riam
1989 5696 2114 5746 tanti
2148 5692 2407 5761 praesulis.
