3820 6236
358 333 369 341 ι

1198 331 1438 387 DIPLOM
1449 329 1582 383 ATA
1623 326 1900 385 ECCLES-.
1941 329 2237 396 SELECTA
2249 368 2262 382 .

3216 326 3348 379 ’.ΗΟ

190 456 345 511 abbati
386 450 623 515 deinceps
654 444 849 500 futuris
904 442 1245 512 temporibus,
1296 442 1554 510 patribus,
1600 453 1691 493 seu
1722 441 1767 495 Δ
1797 443 1951 504 casis,
1977 452 2030 495 et
2062 442 2202 506 ﬁliis,
2234 451 2287 497 et
2322 440 2551 507 familiis,
2581 442 2860 508 omniaque
2902 442 2967 495 ad
3006 456 3188 495 manus
3221 458 3343 495 suas

192 545 411 610 lratribus
437 541 656 594 cunctis;
694 538 823 590 Cum
866 534 1141 602 prmceptis
1180 533 1435 605 Tonantis
1473 530 1700 583 arbitriis

188 636 381 703 speciali
404 648 541 710 sape
566 631 860 710 muniamur
885 628 1126 695 insignia,
1159 626 1296 679 celsa
1328 626 1581 691 regalium
1612 639 1700 677 su-

132 709 141 721 ’
192 722 378 777 blimati
424 709 672 775 in‘laScia
721 717 950 770 habitum
977 715 1039 768 ad
1078 716 1262 781 ianuas
1289 714 1533 780 praebere
1575 714 1701 781 juge

190 816 424 881 polorum,
452 820 505 863 et
548 809 636 862 tali
666 808 858 860 itinere
888 808 988 874 piis
1015 804 1377 859 incedentibus
1410 804 1697 869 gressibus,

190 920 243 957 ea
262 916 368 970 qua:
388 899 697 953 conveniunt
721 897 1115 951 subministrare
1141 894 1346 957 solatia,
1377 907 1554 958 operm
1587 907 1699 956 pre.

193 994 301 1047 tium
321 992 551 1045 duximus
578 990 711 1039 inter
731 986 1037 1040 salutarium
1066 990 1400 1035 monumenta
1424 982 1696 1041 virtutum,

194 1095 240 1136 et
264 1080 544 1146 temporalis
573 1077 702 1129 lucri
727 1061 906 1143 largiri
932 1072 1187 1127 subsidia.
1218 1070 1342 1123 Nam
1380 1069 1697 1121 conveniens

196 1184 295 1223 esse
335 1169 530 1219 videtur
575 1166 638 1216 iis
680 1164 766 1229 qui
811 1161 1040 1214 ccelestis
1078 1162 1231 1226 regni
1276 1168 1455 1222 optata
1511 1158 1697 1224 gaudia

197 1257 521 1324 perfruuntur,
566 1254 786 1303 terrenis
828 1259 883 1301 ut
930 1247 1149 1315 gaudeat
1196 1246 1400 1311 opibus.
1457 1245 1699 1297 Necesse

197 1347 313 1399 enim
341 1352 536 1397 constat
570 1357 687 1394 esse
739 1334 946 1408 propter
992 1328 1380 1390 adventantium
1420 1337 1682 1400 hosriitum

197 1426 540 1501 susceptionem
570 1432 899 1498 quietemque
939 1431 1237 1492 traternam,
1264 1426 1386 1496 ,‘huc
1431 1425 1700 1477 stabilita-

201 1534 288 1577 tem
310 1522 468 1590 gentis
505 1530 719 1580 nostrae,
759 1528 811 1570 et
858 1514 1000 1584 regni
1045 1516 1159 1582 opis
1206 1516 1449 1567 unanime
1491 1524 1685 1566 sancta:

198 1609 577 1679 congregationis
604 1600 811 1660 deferre
839 1623 851 1658 :
874 1613 930 1657 et
954 1605 1070 1671 quia
1092 1604 1293 1657 cunctis
1316 1613 1453 1670 patet
1482 1614 1531 1657 te
1554 1618 1697 1670 pra:-

201 1700 338 1755 latuta
364 1698 595 1751 abbatem
634 1694 786 1748 anxie
816 1694 879 1747 ad
922 1693 1282 1745 monacbalem
1310 1692 1540 1751 habitum
1570 1707 1701 1745 con-

1799 531 2040 583 habentia
2069 573 2083 597 ,
2130 546 2250 584 cum
2298 531 2571 585 duodecim
2609 531 2774 583 unciis
2814 531 2866 583 in
2910 531 3038 597 ipsis
3081 530 3344 584 caulibus

1798 621 1949 673 aldiis
1976 635 2066 687 per
2092 621 2373 674 alditiones
2402 635 2602 683 servas,
2630 619 2862 673 etservis
2892 619 3168 687 utriusque
3185 633 3342 673 sexus

1799 711 2082 763 secundum
2120 710 2491 776 pertinentiam
2520 724 2684 767 suam.
2725 709 2860 776 quod
2890 715 2993 761 tua:
3024 707 3346 765 venerationi

1800 813 1863 851 eo
1889 799 2120 851 cedimus
2141 798 2347 861 ordine,
2377 808 2433 849 ut
2458 799 2568 851 sive
2598 798 2650 850 in
2682 798 3054 871 monasterium
3080 796 3346 863 relinque

1768 903 1878 952 .re,
1908 890 2018 941 sive
2056 890 2246 942 liberas
2292 888 2559 943 dimittere
2602 890 2652 941 in
2701 897 2789 951 tua
2818 895 3027 943 maneat
3058 895 3345 954 potestate,

1799 978 2042 1029 s'militcr
2069 987 2121 1029 et
2148 977 2368 1029 molinas
2399 987 2525 1039 tres,
2556 977 2641 1044 qui
2666 976 2831 1043 posita
2862 985 2985 1028 sunt
3010 978 3057 1027 In
3082 976 3237 1028 ﬂuvio
3268 976 3347 1027 vi-

1801 1080 1865 1117 vo
1887 1080 2003 1117 cum
2035 1066 2191 1130 casis,
2223 1065 2305 1117 vel
2338 1052 2595 1127 homines,
2626 1073 2681 1117 et
2723 1066 2810 1132 qui
2841 1065 2980 1131 ipsas
3008 1065 3232 1118 molinas
3264 1080 3348 1117 re-

1800 1167 1920 1218 gcre
1942 1154 2200 1219 videntur,
2236 1164 2290 1206 et
2321 1154 2455 1206 sicut
2478 1163 2642 1206 tectas
2669 1152 2796 1220 ipsis
2824 1154 2981 1217 casis,
3018 1156 3097 1206 vel
3122 1154 3345 1206 molinas

1804 1254 1892 1306 per
1937 1240 2158 1302 taurula,
2206 1247 2259 1292 et
2310 1240 2485 1293 ursula
2539 1254 2656 1292 cum
2705 1241 2877 1304 omnia
2928 1240 3173 1309 quicquid
3216 1242 3343 1308 ipsis

1800 1340 1918 1378 suas
1945 1342 2128 1379 manus
2181 1326 2375 1379 habere
2397 1328 2512 1378 visa
2531 1336 2672 1391 sunt,
2714 1336 2769 1379 et
2794 1341 2882 1380 sex
2912 1329 3090 1379 uncias
3116 1328 3183 1381 de
3213 1338 3349 1381 terra

1799 1414 2106 1467 adauximus
2130 1415 2335 1468 illorum
2361 1415 2583 1467 habendi
2629 1416 2890 1491 similiter,
2914 1426 2966 1468 et
2985 1409 3343 1471 concessimus

1802 1512 1969 1556 terras
2012 1514 2065 1556 et
2091 1498 2248 1557 silvas
2275 1518 2440 1572 prope
2463 1504 2603 1571 ipsas
2636 1505 2879 1570 moliuas,
2912 1504 3079 1569 lacus,
3104 1506 3192 1574 qui
3214 1506 3347 1558 dici-

1801 1599 1883 1643 tur
1923 1591 2134 1658 Cagiolo
2170 1592 2823 1647 adveterr‘eto-Domiuico
2871 1594 3028 1647 simul
3079 1594 3131 1645 in
3183 1610 3342 1647 unum

1800 1679 1939 1746 j'gis
1979 1694 2252 1734 numerum
2283 1679 2545 1744 ducentis,
2592 1688 2647 1733 et
2684 1670 2959 1748 pertinere
2998 1683 3202 1737 videtur
3240 1684 3351 1751 jam

198 1791 395 1850 “huc.
426 1786 804 1842 contemnendo
840 1785 1045 1838 ἀενίιίηε
1076 1794 1350 1852 parentum
1381 1784 1561 1837 accola
1602 1784 1701 1836 de-
1737 1766 1779 1823 Β
1806 1770 1975 1822 dictas
2005 1784 2176 1833 casas,
2228 1780 2282 1823 et
2311 1769 2551 1833 molinas,
2582 1768 2661 1822 vel
2683 1778 2821 1824 terra
2862 1785 2981 1825 cum
3010 1772 3138 1826 silva
3162 1774 3228 1826 de
3256 1774 3357 1827 sub

198 1878 407 1932 siderans
443 1876 577 1930 ellici
611 1875 854 1943 paradisi,
900 1870 1056 1942 atque
1102 1874 1409 1939 impetrasse
1453 1872 1604 1925 nobis
1651 1878 1707 1923 ut

200 1966 328 2020 vobis
360 1966 408 2018 in
435 1964 711 2023 remotiore
742 1962 858 2015 loco
902 1973 1055 2014 terrae
1084 1959 1234 2012 istius
1260 1958 1551 2015 mditicandi
1581 1972 1704 2010 mo-

194 2044 383 2107 nasterii
408 2052 576 2119 largiri
619 2057 926 2116 potestatem
949 2048 1176 2099 votivum
1221 2048 1291 2098 tui
1319 2047 1495 2121 cperis
1523 2046 1704 2113 imple-

200 2150 293 2194 tum
308 2155 416 2195 esse
430 2139 846 2207 prospicimuscu
856 2150 1015 2197 rsum,
1044 2145 1098 2189 et
1117 2135 1410 2187 tedilicandi
1430 2134 1700 2198 basilicam

199 2232 256 2285 ad
282 2232 509 2283 honorem
539 2227 740 2281 Domini
773 2226 1054 2281 Salvatoris
1085 2226 1289 2279 diversa
1320 2225 1409 2275 tibi
1440 2225 1549 2275 loca
1578 2237 1704 2275 con-

199 2333 325 2372 cessa
344 2320 470 2372 sicut
500 2326 673 2373 vestro
698 2316 916 2370 relatum
942 2317 1279 2382 cognovimus
1310 2329 1404 2366 nos
1430 2312 1537 2366 Deo
1564 2328 1700 2380 pra:-

198 2409 296 2459 aule
319 2407 528 2460 maxima
556 2406 835 2459 devotione
874 2404 939 2457 ad
971 2404 1257 2471 perfectum
1302 2404 1541 2470 cupimus
1582 2417 1704 2469 per-

200 2494 366 2547 ducere
391 2509 532 2560 opus,
580 2503 633 2547 et
675 2491 869 2545 Christi
917 2491 1120 2560 famulis
1167 2505 1378 2556 semper
1426 2501 1701 2557 augmenta

199 2559 432 2650 prabere,
469 2582 593 2647 Qua
645 2580 781 2634 dona
828 2589 1062 2633 nostrum
1116 2559 1385 2632 stabilitati
1440 2579 1722 2663 ﬁrmamus,

200 2676 561 2737 munimentum,
591 2673 907 2739 diversaque
955 2674 1065 2725 loca
1113 2672 1707 2743 nominatim‘deeerni-

200 2777 320 2827 mus,
346 2763 391 2816 id
418 2772 499 2816 est
524 2765 713 2815 casalia
744 2764 867 2826 duo,
926 2778 1043 2829 qua:
1090 2760 1334 2815 dicuntur
1389 2762 1605 2826 Pallani,
1652 2773 1706 2817 et

200 2848 433 2913 Casulani,
461 2850 525 2903 de
552 2853 646 2903 ista
677 2852 781 2903 duo
809 2852 1002 2930 casalia
1043 2852 1309 2917 portiones"
1357 2862 1482 2915 tres,
1523 2856 1607 2920 qui
1641 2854 1705 2906 de

204 2952 291 2991 uno
314 2940 467 3004 capite
497 2947 735 2991 tenentur
761 2939 811 2991 in
843 2948 1019 2991 monte
1061 2940 1288 3000 Amiato,
1315 2948 1369 2992 et
1390 2940 1495 2991 alio
1529 2954 1577 2993 in
1609 2940 1703 2993 Pa-

204 3028 256 3079 lia
280 3027 491 3092 ﬂumine,
523 3029 588 3079 ab
616 3042 719 3081 uno
774 3028 937 3081 latere
986 3026 1106 3079 linis
1154 3028 1447 3093 Suanense,
1493 3044 1559 3082 ex
1602 3030 1699 3081 alia

204 3128 326 3184 parte
349 3116 527 3182 adjacit
554 3116 715 3168 easali
757 3115 923 3170 sancti
973 3115 1216 3182 Philippi,
1250 3118 1299 3168 id
1329 3126 1407 3169 est
1466 3132 1560 3184 pro
1599 3116 1705 3170 fos-

202 3213 299 3256 sato
328 3205 407 3270 qui
443 3212 655 3264 vocatur
688 3203 849 3267 Palis,
900 3212 957 3256 et
998 3204 1230 3271 pervenit
1265 3204 1315 3255 in
1354 3206 1490 3272 rigo,
1514 3206 1602 3271 qui
1631 3206 1710 3258 di-

204 3292 319 3343 citur
362 3290 557 3358 Rigule,
612 3292 734 3344 inde
776 3306 900 3344 vero
950 3292 1183 3345 extendit
1233 3306 1395 3359 usque
1440 3294 1494 3344 in
1537 3302 1713 3347 monte

201 3375 397 3443 Amiato,
422 3386 472 3432 et
495 3382 620 3446 jam,
648 3389 701 3433 et
730 3379 829 3430 alia
877 3379 987 3431 loca
1029 3380 1094 3432 de
1123 3380 1311 3433 ﬁnibus
1338 3382 1527 3435 nostris
1555 3398 1713 3449 super

202 3469 339 3518 muris
360 3469 551 3521 scilicet
576 3466 805 3520 Clusinis
833 3467 946 3519 bmc
974 3477 1098 3519 sunt
1125 3470 1319 3521 casalia
1353 3469 1477 3535 duo,
1510 3474 1597 3539 qui
1625 3487 1715 3525 vo-

201 3565 357 3607 cantur
396 3556 619 3610 Reodola
654 3557 853 3623 majore
882 3566 934 3609 et
966 3556 1192 3611 Reodola
1240 3560 1463 3622 minore,
1497 3564 1582 3628 qui
1630 3578 1714 3614 re-

202 3643 314 3708 gitur
351 3661 436 3709 per
480 3645 762 3708 llonvaldo,
812 3656 865 3697 et
900 3645 1230 3709 Cuiuullum,
1278 3653 1483 3699 nection
1531 3647 1719 3701 Ursul~

204 3733 296 3781 vizo
312 3740 360 3783 et
379 3731 593 3785 Hartino
621 3748 739 3786 cum
776 3734 1047 3795 uttoribus,
1098 3734 1235 3797 liliis,
1279 3744 1331 3787 et
1368 3736 1599 3801 familiis,
1632 3740 1712 3791 vel

202 3828 417 3880 quantum
460 3820 520 3870 ad
562 3832 770 3872 manum
799 3836 947 3873 suam
998 3822 1195 3885 habuit,
1243 3822 1354 3875 lucc
1382 3833 1505 3876 sunt
1533 3826 1713 3878 uncias

204 3902 276 3966 55,
298 3914 345 3959 et
379 3906 483 3973 ipsa
513 3917 673 3971 terra,
705 3924 819 3975 qua:
845 3918 1059 3961 vocatur
1088 3909 1440 3972 Gualfridula,
1472 3922 1525 3964 et
1555 3926 1710 3965 casa-

204 3994 335 4077 ltlms,
371 4008 422 4050 et
459 3999 612 4052 terris
652 4014 769 4052 cum
801 4000 941 4062 ﬂliis,
974 4000 1063 4067 qui
1109 4011 1323 4053 vocatur
1352 3984 1556 4066 Bitena,
1588 3980 1732 4054 cum.

206 4085 296 4151 ipsa
324 4098 471 4155 terra,
510 4092 599 4158 qui
639 4101 854 4144 vocatur
894 4093 1188 4161 Haundula,
1230 4094 1296 4147 de
1345 4109 1450 4148 uno
1495 4095 1597 4149 lato
1634 4103 1715 4149 est

206 4182 340 4239 terra,
363 4177 445 4245 qui
478 4188 688 4231 vocatur
709 4178 937 4245 Clantio,
972 4191 1027 4233 et
1062 4180 1290 4247 de'pede
1324 4192 1406 4236 est
1446 4182 1597 4251 Pojo,
1623 4186 1711 4251 qui

178 4254 179 4257 “
207 4268 397 4319 vocatur
416 4260 671 4323 Arnan'ise
701 4284 794 4337 per
816 4271 926 4323 loca
946 4258 1215 4339 designata
1248 4274 1388 4326 venit
1418 4272 1707 4347 in,Rivulo,

1728 3079 1770 3137 ο

1806 1865 1953 1910 curte
1979 1850 2206 1910 civitatis
2238 1869 2429 1913 nostra:
2456 1855 2708 1923 Clusinae,
2754 1876 2953 1914 necnon
2982 1862 3136 1914 etiam
3168 1876 3379 1916 conce-v

1804 1947 1976 2002 dimus
1994 1946 2084 1999 tibi
2102 1946 2235 1999 intra
2266 1945 2454 1998 finibus
2478 1949 2671 2001 nostris
2691 1947 2937 2014 Clusinis,
2968 1962 3019 2003 et
3046 1950 3344 2005 Suanenses

1801 2037 2006 2104 singula
2028 2037 2162 2100 loca,
2193 2036 2243 2089 id
2271 2046 2351 2090 est
2376 2037 2679 2101 supradicto
2708 2051 2883 2092 monte
2910 2040 3141 2104 Amiato,
3180 2042 3245 2095 ad
3275 2045 3355 2094 lo-

1804 2138 1930 2183 cum
1953 2166 1967 2191 ,
2011 2126 2096 2179 ubi
2126 2124 2314 2179 dicitur
2348 2126 2533 2181 Rivulo
2565 2128 2788 2194 putrida,
2832 2137 2886 2183 et
2927 2132 3069 2182 venit
3103 2146 3266 2198 usque
3290 2133 3355 2184 ad

1809 2213 1990 2278 liipam
2038 2214 2239 2280 albam,
2288 2224 2341 2268 et
2393 2216 2513 2271 inde
2567 2231 2659 2284 per
2704 2217 2859 2271 Serra
2899 2218 3041 2271 venit
3099 2234 3190 2286 per
3236 2222 3351 2286 loca

1806 2304 2077 2371 designata
2128 2305 2193 2357 ad
2263 2306 2430 2374 girum
2492 2307 2682 2359 montis
2737 2322 2898 2375 usque
2952 2309 3003 2361 in
3058 2309 3211 2373 rivo,
3259 2314 3350 2379 qui

1808 2394 1996 2446 dicitur
2027 2392 2261 2458 Armine,
2293 2404 2345 2447 et
2375 2393 2513 2447 venit
2544 2395 2593 2447 in
2626 2396 2793 2449 rivulo
2821 2397 2908 2464 qui
2940 2397 3135 2451 dicitur
3188 2398 3355 2452 Decae-

1804 2484 2025 2545 donem,
2077 2493 2234 2552 atque
2281 2484 2474 2537 exinde
2526 2499 2621 2553 per
2674 2488 2911 2553 arbores,
2968 2496 3023 2555 et
3062 2498 3237 2555 petras
3287 2494 3361 2543 si-

1806 2581 1987 2641 gnatas
2022 2587 2189 2640 usque
2229 2570 2281 2643 in
2312 2574 2425 2639 ripa
2454 2552 2922 2643 deipratuscellus,
2970 2552 3022 2629 ct
3062 2552 3255 2633 deinde
3306 2580 3357 2631 in

1780 2664 1961 2714 rhorto
1989 2642 2291 2725 Laurentio,
2337 2662 2457 2717 inde
2505 2642 2745 2729 pervenit
2772 2642 2837 2717 ad
2866 2675 3103 2719 sanctam
3141 2666 3357 2720 Mariam

1805 2749 1872 2801 de
1912 2749 2152 2803 Cantaria
2190 2764 2284 2818 per
2328 2752 2549 2804 arbores
2595 2751 2915 2822 designatas,
2964 2766 3122 2826 atque
3168 2759 3359 2813 exinde

1806 2840 1948 2892 vadit
1993 2841 2044 2892 in
2090 2841 2226 2891 viam
2268 2840 2552 2911 publicam,
2587 2846 2709 2898 inde
2741 2860 2830 2912 per
2860 2847 3039 2913 Caono
3074 2849 3349 2904 descendit

1807 2933 1856 2985 in
1906 2934 2101 2985 l'ossato
2147 2948 2302 2999 capo,
2353 2935 2472 2987 inde
2520 2936 2677 2987 mittit
2706 2936 2759 2988 in
2807 2936 3131 3005 rivulo,"qui
3162 2940 3353 2993 dicitur

1808 3022 2108 3084 Buraolino,
2149 3030 2206 3075 et
2234 3022 2353 3075 inde
2396 3023 2671 3076 descendit
2714 3024 2765 3077 in
2817 3023 2976 3078 ﬂuvio
3026 3026 3363 3089 Ministorae,

1812 3110 1937 3165 inde
1979 3126 2070 3176 per
2095 3112 2264 3179 signa,
2294 3126 2411 3181 qua:
2437 3121 2559 3165 sunt
2588 3113 2723 3166 inter
2762 3127 2960 3167 serram
3002 3114 3069 3167 de
3110 3118 3277 3185 rugia,
3307 3130 3362 3174 et
3450 3123 3454 3126 ’

1812 3201 1878 3253 de
1904 3201 2003 3253 alia
2041 3213 2189 3267 parte
2214 3208 2296 3252 cst
2339 3199 2508 3253 vicum
2560 3203 2865 3270 Spargaria,
2913 3204 2983 3257 de
3010 3204 3112 3258 alia
3140 3207 3365 3272 denique

1812 3297 1957 3355 parte
1986 3288 2103 3341 linis
2128 3289 2374 3343 Clusinus
2399 3305 2489 3355 per
2515 3291 2703 3346 Serras
2742 3292 2813 3347 de
2841 3296 2984 3361 rugia
3018 3300 3156 3353 venit
3201 3315 3363 3367 usque

1810 3381 1874 3432 ad
1922 3370 2154 3446 puteum,
2199 3381 2321 3435 inde
2351 3382 2544 3434 steudit
2590 3398 2682 3450 per
2726 3385 2943 3438 arbores
2971 3386 3267 3456 designatas
3299 3391 3349 3443 in

1812 3469 1976 3522 ﬂuvio
2006 3470 2145 3522 Palia
2169 3470 2359 3523 emittit
2397 3470 2528 3524 sein
2560 3471 2757 3524 lossato
2778 3474 2938 3535 sicco,
2972 3466 3093 3528 inde
3125 3492 3215 3543 per
3258 3477 3358 3529 f0:-

1811 3572 1928 3613 sato
1965 3561 2106 3613 sicco
2130 3576 2296 3625 usque
2320 3562 2371 3613 in
2414 3549 2606 3615 terram
2634 3565 2797 3615 sancti
2833 3562 3074 3632 Philippi,
3104 3568 3355 3622 habentes

1811 3649 1877 3703 de
1920 3650 2073 3703 ﬂuvio
2103 3651 2245 3703 Palia
2279 3666 2441 3719 usque
2481 3653 2530 3703 in
2562 3653 2736 3705 casale
2760 3654 2922 3705 sancti
2956 3654 3175 3721 Philippi
3198 3656 3383 3723 Sugis'

1814 3754 2088 3794 numerum
2134 3750 2343 3793 centum
2375 3740 2745 3807 quinquaginta
2775 3753 2888 3803 sex,
2929 3749 2984 3793 et
3014 3740 3155 3808 ipsas
3183 3742 3351 3810 Sugas

1815 3842 1907 3895 per
1958 3840 2380 3892 unamquamque
2451 3826 2711 3879 habentes
2765 3827 2924 3894 pedes
2975 3830 3245 3896 sexaginta
3290 3831 3355 3884 ad

1800 3918 1974 3983 ‘pedes
2003 3916 2281 3979 munichis,
2328 3915 2447 3968 inde
2472 3930 2599 3968 vero
2630 3918 2695 3969 de
2722 3926 2859 3969 terra
2894 3918 3109 3986 Philippi
3140 3930 3285 3976 recte
3307 3924 3359 3975 in

1813 4003 2127 4058 montecello
2158 4003 2221 4057 ad
2258 4005 2395 4071 ipsas
2421 4006 2680 4071 quereias,
2711 4006 2794 4058 ubi
2823 4014 2946 4059 sunt
2981 4021 3163 4061 cruces
3195 4010 3357 4062 factas

1788 4092 2035 4159 'desuper
2057 4105 2263 4157 campo,
2288 4093 2372 4143 ubi
2403 4091 2590 4144 dicitur
2616 4093 2812 4160 Campo
2841 4096 3015 4161 presb.
3053 4096 3173 4149 inde
3204 4107 3347 4151 recte

1811 4180 1880 4231 ad
1902 4179 1998 4231 alia
2026 4181 2256 4245 querela,
2309 4182 2398 4245 qui
2430 4185 2512 4231 est.
2537 4180 2676 4253 circa
2724 4182 2932 4244 semita,
2972 4182 3060 4248 qui
3102 4185 3241 4236 venit
3286 4185 3355 4238 de

1814 4267 2051 4332 Patiano,
2098 4275 2153 4320 et
2183 4268 2322 4321 vadit
2364 4276 2506 4321 recte
2538 4270 2653 4321 vico
2703 4269 3053 4336 Lordoniano,
3102 4282 3155 4325 et
3202 4273 3358 4327 habet

205 4356 325 4408 etde
346 4353 435 4409 alia
480 4366 626 4425 parte
656 4367 739 4410 est
781 4367 944 4423 terra,
988 4360 1076 4427 qui
1105 4370 1325 4413 vocatur
1352 4362 1629 4425 Clausura,
1656 4370 1710 4415 et
1732 4394 1785 4451 Β
1816 4357 2126 4419 eeclaturas,
2156 4356 2274 4409 inde
2303 4370 2426 4408 vero
2464 4364 2606 4409 recte
2632 4356 2683 4408 in
2714 4357 2871 4410 ﬂuvio
2911 4357 3048 4411 Palia
3098 4362 3352 4417 indirecte

205 4439 260 4492 de
282 4444 434 4508 capite
455 4454 533 4496 est
553 4451 643 4500 ‘via
676 4445 901 4511 publica,
934 4455 988 4499 et
1022 4458 1170 4500 curte
1192 4450 1291 4500 illa
1330 4463 1467 4512 mea,
1498 4448 1586 4515 qui
1619 4464 1709 4503 νου

123 4586 137 4596 δ
206 4538 328 4581 catur
347 4532 577 4598 Moxona,
601 4528 693 4601 qui
732 4526 926 4601 regitur
953 4548 1043 4605 per
1065 4536 1331 4603 Magnum,
1369 4545 1421 4589 et
1455 4536 1711 4589 liestitum

209 4612 257 4666 Ι..
279 4616 599 4685 Stephanum,
637 4637 840 4676 necnon
874 4622 1127 4676 Ristulutn
1160 4625 1355 4683 Lonso,
1397 4633 1449 4677 et
1487 4623 1711 4678 Jordaui

208 4703 490 4772 Christiano,
519 4717 591 4761 et'
620 4709 859 4764 Κοπιιὶυο
885 4725 1003 4765 cum
1035 4713 1304 4778 uxoribus,
1340 4713 1494 4777 ﬁliis,
1532 4723 1588 4767 et
1636 4714 1712 4766 fa-

210 4795 358 4862 lliliis,
385 4808 434 4851 et
486 4798 586 4851 alia
634 4800 846 4864 casalia,
890 4800 976 4864 qui
1018 4812 1233 4854 vocatur
1288 4803 1555 4857 Ertninule
1592 4819 1708 4857 cum

210 4934 716 4998 {miliummontem
755 4927 861 4997 jam
889 4927 1081 4981 dictum
1112 4929 1228 4983 fidei
1260 4934 1411 4998 petiit
1447 4935 1699 4989 exercitu.

213 4990 268 5065 At
288 4994 362 5065 ubi
392 4990 515 5049 vidit
546 5000 713 5050 locum
743 4990 794 5050 in
815 5010 912 5065 qua
950 4999 1196 5062 praedicta
1223 4990 1377 5051 arbor
1404 5013 1517 5053 erat
1536 5018 1703 5057 atumo

212 5057 441 5135 nissimum
466 5069 771 5135 animuitate
792 5057 1079 5129 uentorum,
1103 5081 1457 5134 aquarumque
1488 5083 1706 5135 praeter-

212 5125 442 5201 ﬂueutiutn
469 5133 786 5187 abundantia
815 5125 1211 5195 habilissimum,
1264 5125 1500 5201 ingentes
1529 5143 1708 5192 retulit

212 5203 357 5269 crates
380 5199 602 5259 Creatori
634 5203 884 5269 omnium.
918 5203 1099 5255 Postea
1132 5199 1427 5255 stimulatus
1450 5221 1475 5254 a
1502 5210 1627 5266 suis,
1656 5210 1705 5261 in

214 5267 335 5332 Fllus
354 5270 559 5332 honore,
588 5279 641 5319 et
669 5267 877 5324 u'omine
922 5272 991 5323 ibi
1021 5271 1275 5324 fabricare
1300 5274 1573 5325 ecclesiam
1602 5280 1708 5329 vel-

310 5331 466 5412 divino
489 5326 718 5412 repletus
736 5340 964 5412 arbitror
983 5341 1244 5407 dogmate,
1270 5342 1452 5412 inquit,
1486 5344 1569 5405 qui
1600 5326 1709 5398 sua:

217 5407 403 5477 Ilfstguia
425 5408 690 5477 potestatis
714 5407 793 5459 sic
818 5408 1035 5477 mir-ilice
1052 5418 1371 5477 imonstrawt
1397 5410 1444 5459 in
1491 5411 1705 5477 lignum,

215 5468 324 5546 ﬁlio
344 5468 469 5546 ligno
485 5474 655 5527 crucis
680 5489 843 5546 genus
872 5475 1087 5526 salVavit
1118 5476 1421 5540 humanum,
1445 5468 1582 5541 quod
1613 5468 1709 5546 per

219 5532 471 5609 lignivetiti
521 5532 971 5607 praésuiiilitionein
1002 5547 1196 5595 corruit
1227 5548 1276 5596 in
1327 5532 1627 5609 internum:
1656 5532 1705 5599 in

220 5598 299 5652 hoc
325 5605 439 5658 loco.
465 5598 706 5676 tii'hllor,
732 5598 785 5664 ut
814 5624 906 5665 uos
930 5622 1091 5678 regat,
1120 5625 1179 5664 ac
1205 5618 1371 5668 satvet
1397 5598 1705 5681 incolumes,
1750 5625 1756 5635 '

1817 4447 1973 4499 intrat
1998 4446 2049 4498 in
2091 4445 2309 4507 l‘ussato,
2355 4446 2439 4512 qui
2479 4454 2695 4499 vocatur
2727 4444 2925 4513 liigale,
2958 4447 3079 4502 inde
3109 4465 3252 4515 vero,
3295 4462 3349 4503 nt

1814 4540 2053 4603 superius
2083 4538 2271 4604 legitur
2299 4551 2390 4605 per
2418 4536 2612 4597 lossato
2658 4538 2840 4605 liigale
2889 4554 3053 4606 usque
3098 4541 3149 4592 in
3181 4552 3357 4595 monte
3386 4572 3401 4583 --

1814 4625 2041 4685 Amiato.
2074 4609 2215 4689 “Qua:
2261 4625 2435 4678 omnia
2492 4624 2901 4679 tam‘arboribus
2930 4634 3065 4678 terra
3095 4627 3355 4691 umbrata,

1814 4705 2277 4790 quamqueaperta
2311 4714 2360 4763 in
2396 4722 2480 4763 tua
2512 4721 2722 4765 maneat
2749 4723 3029 4779 petestate,
3059 4723 3112 4767 et
3150 4724 3236 4769 tua
3265 4718 3358 4769 de-

1813 4803 1974 4856 claret
2000 4801 2290 4865 veneratio,
2324 4809 2378 4854 et
2408 4809 2639 4854 nostram
2670 4804 3041 4857 excellentiam
3066 4817 3345 4872 monstret,

1812 4934 1997 4986 enimet
2033 4930 2229 4999 ﬂagitat
2275 4930 2383 4983 ﬁeri
2435 4932 2764 4985 vocabulum.
2834 4934 2983 4997 Quod
3019 4936 3214 4998 cuncti,
3262 4936 3351 4996 qui

1811 5003 2046 5061 aderant,
2079 5005 2262 5051 heroes
2290 5000 2558 5054 audientes
2584 5016 2752 5068 regem
2784 5012 2999 5056 strenuo
3028 5019 3176 5055 usum
3223 5017 3349 5055 con-

1812 5071 1928 5121 silio
1958 5070 2369 5121 conclamavere.
2420 5068 2521 5122 Sed
2575 5086 2691 5120 mox
2745 5068 2943 5135 incisis,
2986 5072 3346 5137 radicibusque

1812 5138 2002 5190 evulsis
2024 5138 2395 5202 percircuitum
2422 5139 2517 5193 loci
2548 5138 2685 5189 illius
2707 5138 2997 5202 arboribus,
3026 5143 3073 5191 in
3097 5149 3341 5203 quantum

1815 5208 1884 5257 rei
1910 5205 2212 5268 necessitas,
2236 5207 2614 5270 famulatusque
2636 5204 2743 5257 Deo
2762 5209 3085 5271 exhibendus
3100 5222 3349 5272 exposi-e-

1814 5277 1918 5335 bat,
1941 5278 2156 5328 ecclesia
2190 5283 2492 5338 competens
2523 5278 2572 5324 in
2622 5274 2871 5328 hooorem
2914 5276 3198 5327 Salvaturis
3246 5276 3345 5327 Do-

1813 5346 1938 5395 mini
1985 5345 2151 5396 nostri
2174 5343 2293 5395 ὃθεν
2322 5341 2513 5393 Christi
2539 5354 2791 5407 apparatu
2821 5345 2978 5396 celeri
3010 5343 3197 5394 ibidem
3222 5359 3347 5395 COM-

1810 5422 2043 5472 struitur,
2076 5411 2259 5477 majori
2300 5411 2365 5460 ibi
2392 5410 2541 5461 altari
2586 5422 2903 5471 constructo,
2935 5412 3019 5462 ubi
3051 5414 3208 5463 arbor
3232 5416 3352 5464 fite—

1811 5490 1910 5543 rat,
1944 5482 1991 5530 in
2019 5495 2117 5546 qua
2149 5480 2313 5542 fulgor
2342 5478 2482 5540 visus
2511 5488 2623 5530 erat
2649 5482 2845 5545 igneus.
2901 5478 3019 5529 Post
3050 5482 3185 5546 quod
3229 5497 3349 5532 vero

1810 5551 2025 5609 ecclesia
2048 5549 2110 5598 ad
2137 5560 2359 5610 unguem
2388 5547 2628 5613 perducta
2656 5557 2754 5612 est,
2802 5548 3059 5615 regalibus
3104 5564 3217 5601 eam
3251 5566 3348 5601 ηιμ

1813 5617 1956 5670 rilice
1984 5618 2251 5670 decet-avit
2280 5616 2600 5668 muneribus.
2628 5634 2646 5665 ι
