3796 6380
468 411 592 464 Hii

1582 408 2174 465 LANGOBARDORUM
2221 412 2450 469 ltEGUM

3516 421 3608 475 lii!

467 535 623 589 atque
649 523 826 589 omnia
858 532 957 577 tum
983 526 1333 588 venerationi,
1370 524 1447 578 vel
1482 525 1645 592 ipsius
1670 534 1866 577 sancta:
1891 540 2015 578 con-
2042 532 2085 585 Α
2116 541 2275 580 causa
2313 539 2415 590 est,
2448 526 2688 593 quoniam
2716 536 2835 580 ante
2877 527 2970 581 hos
3000 527 3113 580 dics
3136 529 3471 601 concessimus
3494 547 3609 585 vene.

482 612 773 682 gregationi
812 614 1146 669 concessisse
1182 616 1412 667 videtur.
1454 614 1667 665 \‘idetur
1696 614 1888 679 etenim
1935 630 2029 667 nos

475 718 570 767 pro
602 702 787 755 futuris
819 705 1142 769 temporibus
1160 704 1538 769 amplissimam
1562 705 1859 758 ﬁrmitatem
1889 721 2029 771 prte-

488 790 621 842 fatae
650 804 732 843 res
761 804 854 857 per
892 800 1122 844 nostram
1164 792 1436 845 ﬁrmamus
1466 793 1825 858 stabilitatem,
1851 804 2030 861 quate-

491 891 589 928 nus
618 878 850 931 omnitmt
892 877 1085 930 amodu
1108 878 1228 945 jura
1260 889 1569 944 potestatum
1604 882 1827 945 reclusa,
1858 882 2027 935 securi

448 951 586 1016 'tam
632 974 729 1016 vos
780 980 937 1031 quam
992 968 1102 1033 ipsa
1154 977 1327 1041 sancta
1385 970 1722 1036 congregatio
1766 953 2028 1036 possidere

478 1054 755 1107 valeamiui
784 1056 1056 1117 decenter,
1100 1067 1151 1107 ut
1183 1057 1403 1109 Domino
1441 1059 1661 1111 devotas
1693 1058 1915 1126 possetis
1943 1060 2025 1114 di-

480 1157 603 1197 cere
633 1144 833 1208 laudes,
881 1144 1124 1197 videlicet
1169 1147 1322 1207 villis,
1356 1149 1574 1211 mansis,
1626 1150 1888 1213 domibus,
1924 1165 2028 1203 ser-

484 1234 582 1294 vis,
605 1233 838 1296 ancillis,
874 1235 1051 1295 terris,
1076 1236 1251 1294 cultis.
1293 1244 1348 1289 et
1378 1238 1604 1304 incultis,
1638 1239 1806 1301 silvis,
1840 1242 2023 1306 pratis,

484 1323 714 1390 pascuis,
743 1333 797 1377 et
816 1324 1123 1389 redditibus,
1148 1326 1603 1388 decimatinnibus.
1632 1338 1787 1397 atque
1815 1329 2027 1382 univer-

483 1408 580 1471 sis,
612 1425 727 1476 quae
764 1410 829 1463 ab
858 1411 1077 1479 eisdem,
1108 1413 1187 1465 vel
1229 1415 1278 1466 in
1310 1414 1507 1469 eisdem
1532 1412 1833 1484 utiliter,ac
1861 1419 2024 1471 ratio-

486 1498 729 1552 nabiliter
754 1502 943 1566 accipi,
976 1502 1058 1555 vel
1102 1503 1211 1555 ﬁcri
1242 1514 1459 1569 possunt
1502 1504 1620 1567 sibi,
1653 1506 1867 1573 suisque
1904 1520 2026 1561 suc-

484 1590 779 1643 cessoribus
809 1606 902 1660 per
936 1592 1067 1644 hanc
1098 1594 1263 1646 nostri
1294 1594 1450 1647 edicti
1483 1598 1847 1662 prteceptalem
1880 1600 2027 1667 pagi-

488 1700 607 1737 nam
649 1696 898 1751 perpetuo
930 1687 1163 1741 habenda
1194 1703 1489 1743 censemus.
1520 1689 1824 1757 Statuimus,
1867 1703 2025 1757 atque

490 1770 756 1827 ﬁrmamus
777 1776 911 1843 quod
929 1778 980 1829 in
1008 1778 1190 1843 ipsius,
1215 1779 1430 1847 ejusque
1446 1774 1815 1834 successorum
1842 1781 1910 1833 sit
1929 1781 2022 1833 do-

2132 620 2316 691 rationi
2373 626 2469 669 tua:
2498 617 2680 669 silvam
2716 632 2777 669 ea
2822 626 2970 670 curte
2999 627 3178 670 nostra
3209 620 3346 671 Gena
3368 623 3610 678 tuberante

2130 721 2222 773 per
2258 707 2365 759 loca
2392 707 2655 773 designata
2680 722 2739 759 ex
2774 721 2874 759 una
2898 716 3048 773 parte
3068 705 3227 760 ﬂuvio
3254 708 3479 771 i’anan‘o,
3504 723 3542 764 et
3562 717 3610 767 ab

2127 796 2223 847 alia
2255 806 2392 862 parte
2447 782 2617 865 usque
2662 794 2999 863 piscationes,
3051 805 3107 848 et
3135 798 3473 863 suprascripta
3517 801 3611 855 silva

2130 898 2291 950 usque
2328 886 2373 936 ἐπ’
2413 883 2522 937 rivo
2554 892 2778 944 mortuo,
2821 897 2848 934 a
2879 886 3028 936 tertia
3074 895 3224 951 parte
3253 868 3402 938 Strata
3430 888 3607 954 publica,

2126 987 2154 1025 a
2184 980 2365 1039 quarta
2397 987 2545 1036 vero,
2599 972 2843 1038 pra~dicta
2873 973 3023 1036 silva,
3070 984 3125 1025 et
3164 972 3371 1039 paludes
3397 991 3488 1028 una
3521 992 3610 1030 cum

2126 1062 2335 1114 basilica
2390 1061 2525 1115 beati
2566 1061 2769 1113 Martini
2809 1061 3130 1115 confessoris
3156 1061 3367 1124 Christi,
3408 1074 3612 1130 quatenus

2126 1154 2194 1206 ibi
2216 1153 2323 1220 jam
2349 1152 2509 1206 fatum
2530 1151 2827 1205 emnobium
2847 1151 3223 1205 construeretis
3253 1151 3378 1204 sicut
3397 1164 3445 1204 et
3465 1152 3610 1205 factum

2125 1251 2223 1293 est.
2280 1239 2425 1294 Nunc
2458 1239 2944 1308 antctnipostulavit
2992 1241 3261 1293 veneratio
3309 1233 3388 1293 tua
3432 1254 3610 1297 nostram

2126 1329 2425 1396 przecelsam
2448 1339 2775 1397 potestatem,
2806 1338 2861 1382 et
2879 1326 3122 1382 dilectam
3139 1329 3407 1398 conjugem
3430 1339 3609 1394 nostram

2124 1416 2494 1481 Gisaltrudam,
2522 1425 2780 1485 quatenus
2796 1416 2904 1481 jam
2929 1415 3075 1470 dicto
3104 1418 3439 1480 monasterio,
3464 1419 3611 1471 veltoa

2124 1508 2447 1562 venerationi
2464 1507 2569 1574 jam
2594 1508 2785 1561 dictam
2802 1507 3008 1569 silvam,
3031 1507 3185 1561 sicuti
3203 1506 3495 1561 cohaerentia
3510 1508 3610 1559 dim

2122 1606 2203 1650 est
2228 1611 2345 1649 cum
2372 1594 2640 1657 omnibus,
2688 1610 2807 1662 quae
2832 1600 3074 1664 superius
3120 1605 3290 1660 sunt,.
3313 1610 3404 1662 per
3427 1605 3609 1648 nostrum

2125 1694 2441 1754 praeceptum
2468 1685 2785 1739 conﬁrmare
2824 1686 3156 1740 deberemus.
3215 1689 3356 1751 Aqua
3398 1687 3455 1739 de
3493 1686 3609 1738 ﬂuvio

2122 1766 2264 1829 Genua
2291 1775 2423 1827 utad
2446 1774 2737 1843 cuiuspiam
2763 1774 2989 1827 hominis
3020 1782 3325 1841 potestatem
3354 1776 3613 1827 subtractam

489 1863 650 1915 minio
674 1866 1051 1930 prauontinare
1073 1874 1269 1927 curtes,
1293 1878 1347 1920 et
1367 1876 1535 1922 terras
1556 1869 2024 1936 simulcompeten-
2057 1852 2102 1911 Β
2131 1879 2231 1927 non
2264 1864 2370 1926 flat.
2401 1874 2558 1931 atque
2579 1863 2764 1917 subtus
2791 1871 2955 1917 Strata
2988 1864 3194 1930 publica
3214 1865 3383 1917 Mlius
3411 1864 3612 1919 molendi-

490 1960 570 2003 tcr
592 1967 794 2021 regere,
820 1948 940 2018 frui,
965 1966 1119 2022 atque
1144 1957 1230 2008 ubi
1254 1957 1563 2021 oportuerit,
1583 1960 1864 2012 monachos
1886 1958 2025 2012 ordi-

493 2056 618 2095 nare
647 2046 878 2095 omnium
907 2044 1345 2109 contradictione,
1390 2047 1783 2114 inquietatiOne,
1816 2062 1875 2101 ac
1903 2063 2028 2101 con-

492 2129 724 2183 tentione
753 2142 972 2185 remota.
1004 2132 1375 2187 luterdicentes
1413 2135 1754 2201 omnimodis,
1786 2145 1838 2189 et
1870 2120 2029 2190 inter-

493 2217 767 2283 minantes,
820 2228 878 2272 ut
928 2220 1100 2274 nullus
1145 2221 1269 2285 dux,
1312 2216 1405 2275 aut
1443 2222 1695 2285 marchio,
1727 2226 2025 2292 episcopus,

492 2322 689 2369 comes,
720 2308 1038 2376 vicecomes,
1065 2323 1157 2363 seu
1183 2310 1413 2373 dalcltio,
1455 2327 1545 2367 seu
1572 2312 1689 2379 quis
1714 2311 2032 2367 actionarius

481 2396 775 2459 cujuslibet
800 2396 1085 2463 dignitatis,
1116 2398 1195 2452 vel
1227 2398 1543 2454 conditionis
1573 2400 1835 2463 sublimis,
1869 2401 2035 2453 humi—

496 2483 625 2535 lisve
654 2498 889 2550 persona:
914 2474 1095 2539 contra
1125 2486 1222 2540 hoc
1263 2495 1455 2541 nostrze
1491 2488 1816 2541 auctoritatis
1844 2502 2034 2561 prace-

498 2582 639 2639 ptum
680 2574 906 2641 qualibet
959 2576 1378 2643 prarsumptione,
1413 2578 1495 2631 vel
1539 2578 1814 2631 occasione
1853 2561 2027 2646 agere,

497 2673 588 2715 aut
617 2673 817 2717 tentare
863 2676 1163 2729 prasumat.
1196 2666 1252 2720 Si
1280 2669 1396 2734 quis
1437 2678 1634 2732 autem,
1683 2667 1819 2737 quod
1874 2668 2033 2732 absit,

498 2770 625 2808 ausu
686 2754 963 2809 temerario
1015 2755 1298 2825 infringere
1348 2751 1516 2825 ipSum
1575 2757 2031 2825 parvipendendo,

498 2854 585 2897 aut
612 2848 883 2898 annullare
912 2846 1331 2911 praesumpserit,
1364 2846 1538 2897 debita
1580 2846 1645 2899 ab
1674 2845 1857 2898 eodem
1884 2845 2038 2898 ultio-

500 2950 586 2998 ne,
617 2944 826 2986 centum
858 2936 968 2986 auri
1003 2935 1159 2987 libras
1204 2935 1399 2988 exsolvi
1448 2930 1743 2996 indicimus,
1787 2936 2039 2989 medietao

502 3034 603 3075 tem
640 3037 863 3076 camera:
896 3034 1110 3085 nostrai,
1139 3038 1198 3077 ac
1221 3024 1551 3078 medietatem
1588 3023 1848 3092 praedicta:
1878 3025 2041 3077 abba-

503 3113 606 3173 tize,
637 3112 846 3179 suisque
886 3111 1199 3174 rectoribus,
1231 3121 1283 3165 et
1333 3121 1586 3179 perpetuo
1616 3114 1949 3167 anathemate
1984 3114 2034 3166 in

504 3204 647 3269 ignea
685 3202 873 3269 abysso
916 3201 1119 3267 ligetur.
1156 3200 1223 3254 Et
1259 3211 1315 3255 ut
1357 3200 1455 3255 hoc
1495 3210 1809 3271 praeceptum
1838 3203 2036 3268 absque

505 3290 645 3343 omni
694 3289 1047 3357 inquietudine
1095 3290 1144 3341 in
1175 3304 1268 3342 sua
1324 3290 1606 3355 soliditate,
1655 3302 1708 3345 et
1750 3290 2035 3345 stabilitate

506 3386 820 3440 perseveret,
861 3391 1013 3429 manu
1044 3387 1221 3430 nostra
1261 3376 1385 3431 illud
1425 3379 1746 3432 ﬁrmavimus
1788 3394 1849 3439 ac
1890 3394 2036 3433 more

506 3474 681 3520 nostro
711 3467 943 3533 insigniri
982 3466 1249 3533 iussimus.
1445 3484 1459 3501 κ
1634 3516 1651 3527 ,

573 3550 786 3622 Signum
817 3556 992 3615 domui
1026 3556 1213 3611 Rachis
1244 3557 1381 3627 regis
1402 3558 1747 3613 invictissimi.

574 3642 1483 3711 Wincttinghus,archicancellarius
1540 3650 1603 3701 ad
1652 3650 1817 3704 vicem
1871 3650 2038 3707 Lede-

506 3730 637 3782 mari
674 3732 1070 3799 arclticapellani
1099 3735 1399 3801 recognovi,
1439 3743 1493 3789 et
1518 3736 1825 3805 snbscripsi.

579 3816 759 3870 Datum
792 3817 917 3871 Idib.
944 3819 1080 3881 Maii,
1110 3835 1248 3874 anno
1274 3822 1647 3876 incarnationis
1677 3824 1881 3879 Domini
1909 3828 2035 3893 742,

502 3910 526 3936 ⁸³
562 3907 843 3960 indictione
887 3926 936 3974 ι,
988 3924 1125 3962 anno
1176 3912 1321 3980 regni
1367 3914 1688 3968 sereniSsiiui
1735 3915 1927 3969 Rachis
1960 3932 2042 3971 re~

458 4064 464 4071 ἡ
511 3996 589 4058 gis
632 4009 684 4045 ill
716 3992 762 4046 δ.

581 4082 765 4134 Actum
796 4082 1018 4137 civitatis
1047 4083 1289 4149 Clusium,
1322 4087 1372 4140 in
1420 4087 1509 4141 Dei
1541 4089 1751 4144 nomine
1800 4091 2039 4147 feliciter.

512 4168 702 4223 Amen.

1213 4291 1365 4345 XLII.

514 4402 778 4475 Ayalulphi
809 4403 945 4475 regis
962 4401 1291 4470 privilegium,
1317 4406 1463 4475 quod
1498 4406 1853 4463 Nonantulano
1878 4428 2043 4466 cimo-

702 4530 705 4534 ὶ
930 4472 1007 4522 bto
1039 4474 1275 4524 concessit
1307 4473 1460 4535 (anno
1490 4475 1631 4545 753).

590 4578 795 4631 Flavius
820 4579 1138 4647 Aystulpbus
1162 4580 1239 4633 vir
1257 4584 1731 4642 excellentissimus
1760 4602 1846 4643 rex
1871 4606 2051 4645 mona-

521 4667 684 4721 sterio
707 4670 1121 4722 beatissimorum
1151 4670 1435 4739 principum
1458 4678 1809 4741 apostolorum
1836 4681 1969 4734 Petri
2001 4695 2053 4736 et

526 4756 663 4809 Pauli
691 4757 792 4809 sito
831 4756 1091 4811 territorio
1118 4758 1423 4827 Mutinense,
1457 4763 1568 4816 loco
1607 4765 1693 4831 qui
1722 4767 1908 4821 dicitur
1948 4770 2053 4823 No-

524 4844 752 4907 nantula,
786 4853 839 4896 et
865 4846 1147 4898 venerabili
1182 4846 1293 4901 viro
1318 4851 1562 4904 Anselmo
1586 4852 1781 4920 abbati,
1814 4871 1905 4910 seu
1925 4835 2054 4913 cun-

524 4933 621 4983 itis
647 4934 1058 5001 congregationis
1080 4937 1269 4991 ibidem
1300 4942 1721 4996 consistentibus.
1766 4945 1894 4999 Cum
1928 4986 1941 5000 .
1976 4982 1993 5001 .
2036 4989 2049 5003 .

528 5036 620 5073 nos
639 5036 743 5073 non
770 5026 935 5076 solum
959 5039 1132 5079 coram
1158 5027 1282 5092 Deo,
1309 5030 1399 5081 sed
1422 5046 1594 5086 coram
1623 5036 1917 5093 hominibus
1935 5055 2053 5108 pro-

530 5111 706 5164 videre
751 5115 947 5166 monuit
991 5116 1149 5169 bona.
1223 5119 1353 5182 Quid
1378 5121 1515 5173 aliud
1554 5124 1729 5178 docuit
1775 5144 1928 5195 quam
1960 5146 2056 5184 nos

528 5213 707 5251 omnes
728 5200 940 5265 diligere
972 5203 1225 5270 homines,
1258 5210 1481 5263 maxime
1502 5216 1880 5272 venerabilibus
1909 5220 2055 5285 locis,

528 5296 577 5336 et
599 5288 913 5353 sapientibus
940 5290 1005 5342 de
1028 5295 1215 5347 nostris
1234 5298 1417 5363 opibus
1446 5301 1758 5355 subvenire?
1787 5306 2053 5362 Manifesta

598 5420 631 5499 ⁸-
662 5417 999 5497 Scribendum
1032 5420 1208 5499 indi’ct.
1254 5442 1339 5491 xv,
1370 5444 1456 5483 an.
1484 5431 1606 5495 747,
1640 5436 1754 5499 quia
1791 5453 1924 5491 anno
1958 5443 2056 5492 74E!

529 5491 717 5563 eratin
742 5491 896 5563 χίνιβΔ
926 5491 1414 5563 resLmtpratulus.
1471 5501 1531 5552 Et
1580 5491 1743 5555 annus
1794 5506 1895 5558 747

532 5555 708 5625 tertius
741 5555 947 5607 Rachis.
984 5558 1110 5611 Vide
1143 5561 1348 5625 l‘agium
1380 5568 1427 5617 in
1460 5572 1591 5620 Ann
1634 5572 1861 5625 Baronii.

602 5618 791 5698 b‘i’ost
837 5627 1098 5698 laudatum
1149 5618 1318 5681 autem
1360 5633 1729 5690 Ammiatinum
1757 5647 2052 5698 etenoltium

534 5684 718 5737 ilaclus
760 5694 889 5755 apud
946 5709 1171 5749 montem
1222 5698 1461 5754 Casinum
1507 5684 2049 5769 lllOllaCilUIJIil’t'til'l'l‘f:

2127 1966 2247 2004 num
2261 1951 2519 2005 aediﬁcare
2533 1961 2817 2019 prasumat
2829 1966 2991 2017 usque
3009 1952 3138 2005 ﬁnes
3156 1952 3359 2005 illorum
3375 1953 3610 2013 numinum,

2126 2049 2313 2107 praeter
2340 2040 2472 2094 duos
2500 2039 2830 2095 molendinos
2852 2040 2901 2093 in
2918 2050 3064 2095 curte
3094 2040 3353 2095 Pandam
3368 2040 3611 2093 adiﬁcanda

2127 2131 2239 2184 sine
2277 2132 2507 2200 ipsorum
2540 2132 2748 2185 licentia
2794 2131 3194 2184 monachorum.
3275 2130 3379 2185 Nos
3410 2146 3514 2184 vero
3548 2129 3612 2183 Dei

2127 2218 2504 2286 omnipotentis
2532 2218 2855 2273 conﬁdentes
2892 2218 3324 2283 misericordiam,
3356 2228 3405 2272 et
3435 2228 3611 2270 vestram

2127 2322 2406 2373 congruam
2423 2307 2764 2360 obaudientes
2776 2308 3102 2373 petitionem,
3120 2310 3470 2361 conﬁrmamus
3481 2308 3520 2359 in
3534 2308 3615 2373 ipsa

2130 2405 2311 2449 sancto
2341 2397 2662 2450 monasterio
2688 2396 2770 2450 vel
2794 2397 3115 2450 venerationi
3138 2408 3327 2451 vestra:
3349 2398 3446 2465 jam
3467 2396 3617 2448 dictam

2130 2487 2342 2548 silvam,
2373 2486 2517 2552 juxta
2543 2495 2598 2539 ut
2627 2487 2941 2541 cohmrcutia
2981 2488 3118 2540 dicta
3146 2496 3247 2542 est.
3298 2486 3617 2541 Confiimintut

2130 2572 2286 2625 etiam
2327 2573 2378 2626 in
2408 2572 2591 2625 eodem
2623 2583 2804 2627 sancto
2858 2576 3180 2627 monasterio
3232 2586 3413 2647 vestro
3443 2576 3615 2627 insulam

2134 2674 2311 2723 unam,
2365 2675 2480 2727 qua:
2503 2674 2621 2715 esse
2648 2661 2851 2727 videtur
2888 2662 3025 2714 inter
3075 2662 3348 2715 Panarium
3388 2674 3443 2716 et
3472 2664 3616 2716 [05an

2134 2762 2251 2816 qua:
2271 2748 2459 2802 dicitur
2477 2749 2666 2803 Munda
2690 2764 2781 2816 per
2796 2750 3065 2818 designata
3092 2752 3226 2814 loca,
3247 2753 3309 2806 ab
3327 2753 3507 2806 oriente
3521 2768 3618 2819 pra»-

2135 2838 2302 2891 dictus
2327 2837 2513 2892 ﬁuvius
2544 2839 2816 2903 l’anarius,
2849 2855 2877 2892 a
2907 2840 3127 2895 meridie
3153 2843 3271 2895 villa
3325 2843 3540 2908 Salireto,
3570 2844 3619 2893 ab

2090 2929 2096 2937 '
2136 2928 2407 2982 occidente
2434 2928 2677 2996 praedicta
2703 2930 2836 2982 fossa
2866 2929 3076 2992 Munda,
3108 2942 3159 2985 et
3204 2932 3618 2999 Miiitantia,atquc

2138 3020 2265 3073 silva
2296 3019 2603 3082 communis,
2646 3028 2699 3072 et
2725 3019 2791 3073 de
2818 3020 3004 3074 subtus
3030 3022 3169 3076 fossa
3195 3033 3387 3076 mortua
3413 3025 3620 3075 existunt:

2142 3110 2196 3162 in
2226 3108 2468 3172 Panario,
2494 3120 2548 3161 ut
2578 3116 2731 3161 nemo
2758 3108 2809 3161 in
2841 3110 3105 3175 praedictis
3151 3110 3307 3163 fossis
3350 3110 3425 3163 vel
3453 3110 3621 3162 ﬂumine

2142 3198 2329 3250 audeat
2354 3197 2711 3249 molendinum
2739 3195 3000 3251 aediﬁcare
3023 3197 3219 3267 absque
3242 3214 3479 3253 consensu
3502 3200 3622 3252 abba-

2137 3286 2203 3340 tis
2230 3298 2316 3339 aut
2356 3288 2749 3341 monachorum.
2799 3285 2905 3340 Nec
2927 3302 3029 3339 non
3049 3288 3408 3341 conﬁrmamus
3435 3288 3510 3339 tibi
3532 3301 3621 3337 om-

2137 3389 2232 3429 nes
2259 3376 2373 3429 illas
2395 3391 2501 3440 res,
2532 3390 2661 3443 quas
2684 3385 2803 3428 ante
2825 3373 2924 3428 hoa
2938 3375 3050 3428 dies
3080 3388 3180 3429 tua:
3206 3377 3479 3444 largiviinus
3497 3390 3622 3428 vene.

2136 3467 2347 3520 rationi.
2397 3464 2610 3520 Curtem
2661 3480 2873 3536 quoque
2900 3466 3155 3520 Canetulo
3192 3467 3242 3519 in
3273 3465 3508 3520 territorio
3540 3462 3623 3516 In-

2140 3554 2326 3609 tinensi
2351 3569 2467 3609 cum
2495 3556 2733 3610 omnibus
2760 3555 3084 3624 pertinentiis
3110 3556 3238 3618 suis,
3279 3556 3383 3608 sive
3406 3556 3515 3608 duas
3533 3566 3623 3620 por.

2139 3644 2308 3697 tiones
2355 3644 2420 3697 de
2449 3643 2580 3697 silva
2627 3643 2903 3709 Lupuleto,
2954 3657 3051 3698 aeu
3093 3643 3275 3715 silvam
3317 3643 3621 3703 Mutinensem,

2140 3732 2536 3802 Madegaticum,
2593 3733 2901 3802 Caprinam,
2944 3724 3329 3795 Pontenariam,
3380 3742 3428 3786 et
3459 3732 3623 3798 paludes

2142 3821 2518 3876 Gromulenses
2546 3823 2792 3891 usquein
2816 3808 3040 3876 limitem
3072 3823 3415 3885 deciinannin,
3443 3823 3515 3888 qui
3534 3834 3621 3885 per-

2141 3916 2301 3964 currit
2330 3904 2464 3965 iitter
2489 3908 2755 3964 Garanum
2790 3919 2843 3966 et
2888 3911 3064 3965 villam
3098 3912 3351 3977 Ulianam,
3397 3920 3444 3964 et
3467 3910 3624 3976 ἀείρεο

2145 4002 2308 4055 limite
2332 4002 2382 4055 in
2412 4000 2689 4055 Panarium
2726 4002 2987 4067 veniente,
3032 4013 3085 4055 et
3110 4002 3177 4056 de
3212 3992 3291 4054 via
3323 4002 3625 4055 decimam

2145 4094 2382 4148 habeatis
2409 4094 2754 4157 communiter
2801 4107 2965 4161 usque
3008 4093 3061 4147 in
3090 4094 3339 4148 fossatum
3382 4092 3514 4147 ﬁnale
3536 4104 3625 4143 cum

2145 4181 2551 4247 Decimanense,
2573 4190 2626 4236 et
2640 4181 2916 4237 Uliauense
2932 4181 3217 4248 secundum
3234 4197 3407 4258 eorum
3420 4180 3625 4232 cohaeret»

2149 4270 2263 4335 tias,
2294 4279 2449 4337 atque
2469 4285 2530 4349 ex
2555 4286 2615 4324 ea
2638 4281 2785 4337 parte
2810 4270 2938 4324 ﬁnes
2967 4270 3276 4325 Delamense
3296 4273 3346 4324 in
3366 4270 3525 4323 Casalc
3544 4265 3622 4317 ilo-

2148 4358 2410 4421 denulam,
2433 4370 2485 4412 et
2503 4359 2791 4412 secundum
2805 4359 2945 4411 vadit
2965 4360 3145 4427 argine
3158 4360 3325 4414 Saitse
3345 4374 3449 4411 cum
3470 4352 3623 4422 paludi-

2078 4473 2123 4531 ι)
2152 4446 2245 4497 bus
2265 4450 2396 4509 suis,
2418 4459 2506 4498 seu
2530 4446 2644 4500 vico
2657 4445 2833 4499 Siculo
2854 4460 2970 4499 cum
2983 4447 3229 4499 omnibus
3242 4462 3323 4513 per
3337 4442 3535 4499 u'nentiis
3547 4439 3624 4492 suis

2152 4538 2201 4588 in
2224 4538 2499 4603 integrum,
2527 4545 2581 4590 et
2601 4546 2750 4605 porto
2761 4552 2878 4591 cum
2892 4538 3115 4592 ecclesia
3140 4538 3273 4591 beati
3290 4536 3418 4589 Petri
3438 4533 3624 4600 apostoli.

2150 4638 2268 4689 qua:
2291 4623 2359 4697 ab
2385 4624 2509 4689 ipsis
2532 4626 2787 4679 aediﬁcata
2806 4634 2895 4679 est
2921 4627 3194 4679 massariis
3224 4626 3428 4687 nostris,
3454 4637 3539 4675 uno
3558 4634 3621 4671 ra-

2154 4709 2259 4776 pite
2286 4721 2497 4764 tenente
2525 4713 2577 4765 in
2595 4712 2711 4765 vico
2740 4711 3122 4777 Guarcinense,
3164 4718 3403 4769 veniente
3428 4718 3473 4766 in
3498 4712 3621 4765 Pam-

2153 4797 2307 4862 rium,
2331 4813 2394 4851 ex
2415 4799 2518 4852 alio
2538 4813 2664 4854 vero
2680 4800 2841 4855 latere
2860 4799 2909 4854 in
2934 4801 3087 4855 ﬁnem
3110 4803 3378 4863 Lamense,
3401 4810 3447 4852 et
3466 4798 3622 4850 narium

2152 4882 2471 4950 Scultenam,
2494 4887 2579 4952 qui
2600 4896 2651 4939 et
2670 4887 2884 4942 Panaris
2904 4888 3193 4943 deducendi
3211 4893 3396 4943 habent
3420 4886 3622 4941 licentiam

2154 4972 2463 5039 ubicumque
2482 4975 2583 5027 alio
2602 4976 2762 5030 visum
2785 4976 2885 5032 fuci
2902 4976 2960 5036 it.
2990 4988 3045 5031 et
3069 4994 3134 5032 ne
3148 4979 3283 5031 ullus
3305 4976 3533 5030 inferioris
3548 4987 3622 5023 ωδ»

2156 5075 2337 5127 gnaeve
2378 5064 2646 5127 potestatis
2686 5066 2842 5118 homo
2871 5067 3189 5129 molendiua,
3219 5068 3299 5119 vel
3341 5079 3521 5133 portum
3541 5076 3623 5114 cuto

2154 5147 2506 5213 Sandonibus,
2547 5146 2630 5203 aut
2661 5167 2817 5206 naves
2840 5154 2891 5205 in
2919 5155 3031 5219 ipso
3062 5155 3243 5224 fluvio,
3275 5159 3351 5207 vel
3378 5158 3425 5207 in
3452 5150 3625 5204 [μιιιτέο

2157 5251 2272 5287 nam
2316 5239 2572 5291 :edilirare
2602 5242 2805 5315 audeat,
2858 5252 2945 5293 aut
2974 5244 3315 5307 piscationem
3356 5245 3529 5303 facere,
3566 5248 3623 5289 aut

2155 5340 2269 5377 cum
2298 5326 2500 5393 navigio
2526 5342 2737 5395 pergere
2780 5330 2894 5382 sine
2923 5343 3089 5384 vestra
3122 5334 3345 5386 licentia.
3402 5334 3532 5398 lgitur
3564 5346 3621 5379 δικ

2159 5455 2352 5527 Deinde
2405 5460 2539 5510 idem
2592 5462 2966 5515 monaSIerium
3012 5463 3237 5517 Carolus
3287 5466 3498 5527 Magnus,
3547 5474 3620 5513 tum

2158 5525 2462 5596 redditibus,
2512 5537 2618 5578 tuin
2668 5529 2956 5595 splendidis
3002 5525 3441 5596 iurisdictionibus
3484 5525 3620 5581 nurum

2157 5591 2206 5642 in
2238 5594 2443 5643 modum
2476 5597 2636 5646 auxit.
2691 5591 2815 5659 Quae
2866 5591 3038 5651 omnia
3072 5598 3359 5653 Ludovicus
3397 5604 3497 5653 nnle
3537 5596 3622 5648 Ni

2158 5660 2290 5713 lilius
2320 5662 2585 5715 favorabili
2614 5664 2902 5734 diplomate
2929 5669 3281 5723 consmbﬁivtt
3323 5688 3447 5724 anno
3480 5665 3574 5721 316.
