3796 6372
112 383 234 438 Ἰιιό

1154 376 1537 433 ῡιριοΜΑτΑ
1583 374 1853 432 ECCLES.
1894 377 2214 449 SELI‘ZCTA.

3151 385 3286 442 ΜΗ

131 494 312 549 cundum
330 458 439 542 [hoc
467 496 704 541 nostrum
734 496 1050 554 praeceptum
1087 488 1271 553 silvas,
1303 495 1357 541 et
1385 485 1619 555 paludes,
1652 490 1698 545 Α
1724 487 1862 554 iuste
1887 488 2222 541 concedimus
2246 489 2408 551 vobis,
2440 498 2492 543 et
2521 493 2911 547 successoribus
2939 499 3126 551 vestris
3153 514 3276 551 cou-

130 586 213 637 sive
236 569 520 649 prtedictam
570 579 762 649 fossam
806 576 1165 637 Lavatriuam,
1214 590 1334 631 eum
1386 577 1634 629 omnibus

132 673 265 736 fossis,
310 679 360 724 et
383 672 582 737 campis
610 682 701 735 per
730 665 991 733 legitimos
1018 664 1149 721 ﬂues
1175 669 1628 734 percurrentibus,

129 764 224 815 item
238 754 312 813 'ex
337 758 433 811 alia
465 766 610 823 parte
656 755 870 807 ﬂuvium
901 753 1100 823 Genam
1138 754 1542 823 conjungentem
1576 771 1635 811 se

129 853 169 906 iu
191 848 433 911 Buaalese,
468 856 521 899 et
549 834 797 913 utrasque
826 843 936 896 vias
964 842 1103 896 ﬂuvii
1138 841 1339 896 Panarii
1364 837 1538 911 usque
1567 846 1632 897 ad

128 937 359 994 duodecim
391 936 549 1003 pedes
568 936 625 987 iu
644 933 937 998 latitudine,
969 934 1105 986 sicut
1127 934 1191 986 ad
1223 934 1486 1001 publicum
1510 924 1631 1000 per-

129 1032 246 1083 tinet.
291 1016 585 1082 Stabilimus
606 1033 781 1078 autem
804 1024 970 1089 vobis,
1005 1026 1292 1093 vestrisque
1318 1026 1636 1079 successori-

128 1123 219 1181 bus,
250 1120 327 1186 qui
376 1120 425 1172 in
455 1116 707 1171 saeculum
736 1116 913 1185 saeculi
944 1116 996 1169 in
1022 1116 1128 1183 jam
1168 1114 1309 1170 dicto
1338 1115 1473 1169 beati
1506 1116 1624 1185 Syl-

125 1209 253 1266 vestri
278 1206 1065 1279 Nonantulanensiruonasterio
1107 1220 1200 1272 pro
1230 1219 1407 1259 amore
1428 1205 1637 1259 Christo

125 1296 384 1363 servierint,
415 1295 600 1350 silvam
642 1310 797 1349 unam
839 1296 890 1347 in
919 1294 1104 1363 Gajum
1139 1296 1410 1360 Lamensc,
1431 1296 1635 1350 -veluti

123 1387 174 1441 ad
195 1368 374 1441 curtem
401 1396 634 1440 nostram
664 1385 915 1452 pertinuit
943 1400 1034 1452 per
1069 1384 1336 1453 designata
1368 1388 1478 1437 loca
1508 1426 1524 1448 ,
1571 1400 1635 1437 ex

125 1493 208 1531 uno
225 1478 372 1530 latere
402 1476 591 1547 ﬂuvius
621 1476 919 1536 Mucblena,
976 1484 1187 1529 tenente
1238 1488 1341 1528 uno
1386 1476 1554 1540 capite
1583 1473 1635 1526 in

123 1563 259 1620 limite
275 1567 455 1633 p0sito,
485 1576 539 1619 et
564 1565 668 1617 alio
679 1566 851 1632 capite
875 1566 925 1616 iu
950 1564 1064 1617 loco
1086 1562 1301 1626 Cornio,
1323 1575 1375 1617 et
1400 1563 1637 1617 Fraxeno

122 1673 259 1728 usque
280 1657 328 1712 iu
346 1659 519 1712 easale
534 1658 824 1719 Modenule,
853 1671 914 1709 ac
934 1655 1123 1709 Ludria
1153 1655 1636 1719 lutrantehludena,

119 1760 204 1802 eta
221 1758 365 1802 strata
380 1747 584 1816 publica
609 1761 773 1815 usque
795 1746 847 1799 in
880 1744 1099 1810 Padum,
1122 1756 1172 1801 et
1196 1756 1252 1798 ut
1271 1742 1403 1799 infra
1426 1746 1636 1811 scriptis

1734 572 2003 628 ﬁrmamus
2030 579 2401 631 monasterium
2432 583 2597 633 sancti
2616 580 2902 636 Salvatoris
2923 586 3078 639 situm
3110 588 3161 640 in
3188 589 3283 640 Fa-

1734 676 1924 715 nanum
1948 680 2065 717 cum
2118 666 2376 721 universis
2420 669 2669 735 legalibus
2692 671 2807 738 ejus
2849 675 3199 743 pertinentiis,
3232 687 3287 731 et

1732 752 2061 820 adjacentils,
2096 756 2349 822 terminis,
2384 767 2431 811 et
2461 760 2868 825 accessionibus,
2886 766 3177 829 casalihus,
3208 769 3286 818 al-

1734 840 1904 915 pibus,
1922 840 2070 907 ripis,
2083 842 2306 909 rupiuis,
2329 844 2663 913 planitiebus,
2679 850 2851 912 cultis,
2868 852 3093 916 incultis,
3110 857 3285 920 aquis,

1732 944 2086 998 aquarumque
2110 932 2439 997 decursibus,
2476 936 2668 990 ﬁnibus
2698 951 2896 1005 monte,
2944 951 2997 994 et
3047 944 3283 1009 flumine,

1733 1033 1824 1071 seu
1851 1022 1980 1073 silva
2011 1021 2076 1074 de
2106 1021 2368 1088 Scoplauo
2392 1036 2509 1077 cum
2541 1038 2715 1081 castro
2730 1030 2959 1094 Sestula,
2993 1043 3168 1085 monte
3188 1036 3289 1088 Ca-

1736 1106 1863 1168 tino,
1894 1108 2205 1174 Conianolo,
2265 1122 2319 1166 et
2344 1114 2462 1180 alpe
2488 1130 2753 1179 currente,
2813 1122 2925 1174 rivo
2951 1122 3293 1187 Cerciliense,

1734 1202 1787 1246 et
1814 1196 2119 1250 Lardaniola
2138 1200 2295 1253 ﬂuvio
2313 1204 2670 1267 percurrente.
2704 1206 2808 1259 Nec
2830 1222 2933 1260 non
2952 1211 3287 1277 Masalizauo,

1734 1292 1786 1336 et
1812 1283 1989 1337 Gabba
2018 1300 2136 1338 cum
2166 1289 2351 1342 viculis
2370 1293 2501 1356 suis,
2531 1292 2580 1345 id
2609 1304 2689 1346 est
2719 1296 3000 1361 Aquaviva,
3033 1296 3161 1358 Rivu
3191 1297 3287 1352 fri-

1733 1374 1873 1442 gido,
1907 1376 2213 1441 Viliciatico,
2242 1378 2380 1434 Saxo
2410 1382 2681 1446 Siliciauo,
2719 1386 2918 1454 Epicla,
2957 1387 3178 1443 Variana
3234 1402 3290 1446 et

1736 1462 1938 1521 Porcile
1967 1479 2085 1518 cum
2104 1468 2400 1538 montibus,
2430 1469 2677 1535 vallibus,
2709 1472 2934 1539 alpibus,
2964 1474 3130 1539 silvis,
3174 1491 3288 1529 ser-

1734 1564 1828 1603 vos
1859 1566 1952 1617 pro
1972 1553 2160 1619 servis,
2194 1554 2388 1608 liberos
2419 1571 2511 1624 pro
2542 1557 2741 1624 liberis,
2784 1561 3005 1625 cultum,
3035 1572 3089 1615 et
3111 1564 3286 1616 incul-

1737 1646 1843 1691 tum
1870 1654 1984 1692 cum
2014 1644 2150 1696 casis
2181 1647 2446 1711 omnibus,
2493 1664 2608 1715 quae
2660 1651 2817 1704 modo
2863 1652 2981 1705 inde
3021 1654 3296 1708 aediﬁcata

1738 1738 1879 1793 sunt,
1912 1729 1992 1781 vel
2044 1730 2232 1784 futuris
2264 1736 2591 1799 temporibus
2630 1738 3032 1792 :ediﬁcabuutur
3074 1757 3291 1809 percur-

122 1838 286 1903 ﬂuviis,
312 1803 549 1900 Hddena,
582 1803 739 1889 Latna
784 1850 877 1890 seu
904 1803 1117 1901 Ludria',
1144 1837 1316 1890 nullus
1342 1803 1637 1889 audeat-fa-

1742 1821 1973 1873 rentibus
2000 1822 2163 1889 ipsius
2195 1823 2376 1877 Massae
2408 1825 2612 1879 ﬁnibus.
2680 1829 2773 1883 -Ab
2818 1845 2923 1901 uno
2974 1803 3138 1889 late—re
3185 1833 3291 1887 ﬁne

121 1926 603 1990 ceremoleudinum,
655 1940 751 1979 nec
774 1935 980 1993 portum
1012 1927 1296 1992 mdiﬁcare,
1328 1935 1519 1998 praeter
1547 1928 1641 1979 ab-

119 2016 247 2068 batea
273 2055 287 2079 ,
331 2025 396 2076 et
446 2017 822 2067 monachorum
874 2014 1174 2067 molendina
1212 2026 1462 2083 quantum
1510 2016 1639 2070 ﬁnes

119 2102 299 2156 illorum
324 2105 610 2166 continent,
647 2112 703 2158 et
732 2116 827 2170 per
855 2102 1049 2156 Padum
1079 2103 1145 2157 de
1170 2105 1357 2157 Sttbltts
1379 2119 1545 2172 usque
1585 2105 1637 2157 in

118 2190 305 2256 fossam,
330 2208 444 2261 quae
476 2202 695 2246 vocatur
712 2191 938 2257 Canina,
971 2202 1129 2260 atque
1155 2208 1217 2245 ex
1244 2193 1345 2269 alia
1377 2204 1521 2261 parte
1548 2208 1641 2261 per

120 2278 358 2334 Modenam
390 2283 442 2335 in
464 2281 647 2337 losum
671 2283 897 2349 usquein
921 2284 1090 2350 capite
1112 2283 1177 2336 de
1202 2282 1449 2349 praedicta
1474 2282 1636 2347 fossa,

114 2358 161 2419 et
184 2372 501 2424 medietatem
541 2386 603 2425 ex
642 2371 878 2438 piscariis
916 2373 1110 2425 nostris
1139 2374 1189 2426 in
1220 2373 1639 2427 territorioMan-

117 2466 255 2510 tuane
278 2459 324 2510 iu
352 2459 469 2513 loco
484 2460 741 2523 Sarmata,
761 2468 814 2513 et
838 2460 1103 2525 Bondeno,
1136 2469 1291 2528 atque
1318 2462 1446 2515 alias
1470 2464 1639 2529 pisca-

114 2546 204 2598 rias
229 2546 279 2599 in
302 2545 484 2601 ﬁnibus
500 2552 694 2602 nostris
718 2549 1056 2618 llegissianis,
1086 2550 1500 2615 etFlestisianis,
1528 2554 1637 2606 sic-

113 2635 179 2687 uti
220 2637 298 2689 vel
319 2652 431 2705 quae
461 2642 615 2691 modo
637 2638 910 2702 habemus,
954 2640 1018 2693 ad
1042 2650 1241 2694 curtem
1260 2642 1397 2710 regis
1428 2641 1476 2694 in
1500 2642 1636 2696 inte-
1700 2699 1703 2703 ,

110 2735 267 2788 grum,
300 2739 360 2778 ex
388 2741 487 2780 una
517 2738 665 2795 parte
684 2737 932 2781 currente
962 2729 1119 2785 ﬂuvio
1149 2730 1393 2795 Mudena,
1445 2732 1512 2787 de
1540 2733 1638 2787 alia

102 2817 245 2878 parte
263 2813 414 2868 fluvio
440 2817 712 2883 Bondeno,
759 2833 918 2871 unum
947 2819 997 2871 in
1028 2818 1167 2873 fessa
1210 2830 1368 2887 caput
1408 2830 1635 2888 tenente,

111 2916 217 2966 qua
239 2902 418 2958 dicitur
443 2904 677 2969 Fimana,
703 2921 796 2961 seu
824 2908 1019 2972 villula,
1044 2919 1094 2962 et
1122 2909 1233 2962 laco
1260 2923 1352 2976 per
1374 2909 1636 2974 Floriaua,

110 2991 209 3045 sive
234 2992 362 3047 fossa
391 2993 773 3061 Scavanorum,
807 3010 901 3049 seu
928 2996 1236 3050 ‘Albaretum
1266 3012 1432 3066 usque
1456 2999 1637 3066 Vispi-

1739 1905 2100 1975 Capuanense,
2130 1920 2183 1964 et
2213 1914 2369 1967 ﬂuvio
2386 1912 2561 1980 Cccla,
2585 1931 2648 1970 ex
2672 1918 2777 1970 alio
2798 1919 2959 1973 latere
2982 1910 3291 1976 Lardaniola

1738 1996 1923 2065 Jugalo
1948 1998 2173 2066 desuper
2205 2012 2434 2065 poni-nte
2462 2004 2637 2068 capite
2662 2007 2711 2058 in
2740 2017 2918 2061 monte
2954 2008 3174 2064 Mulceto
3200 2027 3292 2064 ve-

1741 2090 1915 2142 niente
1946 2104 2107 2157 usque
2136 2093 2187 2143 in
2218 2089 2403 2158 Cajum
2436 2093 2668 2160 Deginze,
2713 2095 2967 2152 desubtus
2998 2110 3169 2154 autem
3198 2116 3287 2154 ve-

1740 2178 1916 2230 niente
1952 2194 2054 2231 uno
2101 2182 2270 2246 capite
2324 2184 2375 2234 iu
2423 2182 2635 2236 ﬂuvium
2673 2183 2785 2237 Lio.
2837 2187 3115 2241 Sancimus
3163 2206 3291 2259 ergo

1740 2276 1798 2321 ut
1823 2269 2018 2321 nullam
2051 2281 2363 2337 potestatem
2394 2273 2622 2328 habeant
2654 2274 2895 2329 homines
2939 2277 3129 2331 ibidem
3162 2281 3294 2334 resi-

1739 2356 1928 2411 dentes
1956 2359 2022 2413 de
2048 2360 2160 2427 ipsa
2186 2360 2376 2427 Massa,
2409 2364 2489 2417 vel
2517 2363 2634 2432 ejus
2674 2365 2868 2419 ﬁnibus
2897 2373 3292 2434 prwnontinatis

1740 2447 1966 2499 vendere
1993 2462 2084 2512 per
2118 2450 2409 2516 quemlibet
2438 2452 2668 2515 titulum,
2693 2469 2862 2522 neque
2890 2467 3168 2513 extraneos
3192 2462 3291 2515 bo-

1740 2540 2047 2592 minesillud
2098 2555 2316 2606 vexare,
2362 2553 2454 2596 aut
2482 2544 2839 2612 introducere,
2889 2563 2986 2601 nec
3041 2551 3290 2616 placitum

1737 2628 1853 2694 quis
1873 2636 2051 2681 tenere
2078 2639 2381 2697 praesumat,
2410 2632 2506 2685 nisi
2525 2641 2779 2698 rectores,
2812 2644 2867 2689 et
2890 2640 3152 2703 prazpositi
3178 2655 3291 2693 ino-

1739 2717 1971 2781 nasterii,
1991 2726 2043 2770 et
2068 2717 2109 2769 si
2134 2734 2224 2785 per
2245 2720 2507 2772 licentiam
2530 2732 2793 2775 rectorum
2811 2724 2971 2791 ipsius
2987 2732 3289 2786 monasterii

1739 2802 1875 2855 inter
1897 2817 1963 2875 se
1984 2804 2333 2869 vendiderint,
2364 2821 2578 2861 censum
2620 2809 2831 2864 solitum
2862 2813 2926 2865 ad
2950 2826 3148 2879 partem
3177 2832 3293 2869 mn-

1738 2892 1953 2945 nasterii
1984 2904 2190 2960 emptor
2219 2896 2505 2961 persolvat.
2555 2898 2701 2965 Quod
2724 2901 2767 2953 si
2795 2902 2845 2954 in
2876 2904 3000 2971 ipsis
3028 2906 3178 2961 silvis
3196 2909 3294 2963 ali-

1737 2982 1854 3047 quis
1885 2996 2105 3035 roucare
2136 2982 2337 3047 fecerit,
2362 2994 2452 3038 aut
2476 2988 2519 3040 si
2559 2992 2760 3055 peculia
2792 2993 3132 3059 pabulaverit,
3171 3000 3296 3053 red-

112 3096 243 3135 nutu.
300 3084 412 3138 Alio
435 3086 557 3137 item
586 3054 835 3152 capite'in
865 3085 1004 3140 Pado
1027 3094 1238 3140 tenente
1264 3054 1365 3139 una
1393 3101 1513 3141 cum
1546 3054 1629 3142 ar-
1660 3054 1902 3179 ρ’
1934 3076 2589 3179 ξξξῖξίξίξυῇιξέυιθξδδξυω
2612 3079 2893 3179 39."
2918 3081 3293 3179 N9"'"‘f"?"*

109 3170 325 3238 boribus,
350 3185 399 3226 et
429 3174 707 3239 limitibus,
739 3176 824 3240 qui
849 3175 980 3227 infra
1011 3177 1339 3244 prmscriptas
1364 3176 1635 3231 οοικετοη..
1661 3156 1705 3179 υ
1737 3156 2049 3214 famulantes
2073 3163 2381 3229 perveniant
2408 3173 2591 3218 totum.
2642 3166 3062 3224 Similiteretiaut
3089 3174 3292 3239 plebem

109 3260 197 3309 tLas
230 3261 621 3323 essevidentnr,
651 3262 824 3314 omnia
855 3261 1022 3328 vobis,
1073 3272 1127 3316 et
1166 3265 1391 3328 posteris
1425 3264 1634 3318 .vestris

105 3343 151 3396 iu
172 3344 472 3415 perpetuum
489 3348 897 3412 conﬁrmamus,
917 3361 1020 3404 tam
1045 3350 1225 3418 silvas,
1248 3366 1407 3421 quam
1424 3367 1632 3419 pascua,

105 3447 191 3487 seu
218 3435 425 3502 limites,
483 3446 537 3491 et
569 3438 806 3505 paludes.
854 3454 1141 3507 omnesque
1185 3441 1316 3495 alias
1363 3442 1552 3505 fossas,
1586 3454 1641 3498 et

104 3534 329 3594 campos,
354 3540 447 3581 seu
472 3526 688 3593 paludes
738 3526 875 3582 unde
901 3530 1287 3599 qualescunque
1327 3526 1640 3600 piscationes

107 3610 224 3666 ﬁunt
249 3624 521 3680 exeuntes,
568 3616 647 3670 vel
677 3616 931 3671 intrantes
968 3633 995 3671 a
1040 3620 1329 3686 Trepuntio
1356 3622 1409 3675 in
1434 3623 1638 3689 Josum,

104 3716 210 3768 qua:
239 3719 398 3772 usque
416 3708 467 3759 in
483 3707 678 3760 fossam
711 3708 889 3773 latam,
912 3720 963 3763 et
984 3709 1405 3774 Cambarionem,
1430 3725 1643 3771 amotas

102 3787 281 3875 fossas,
312 3805 367 3849 et
395 3796 631 3863 paludes,
670 3812 789 3865 qua:
823 3786 950 3851 ﬂuni
996 3800 1064 3853 de
1092 3798 1250 3854 ﬂuvio
1292 3801 1561 3868 Bondeno,
1594 3804 1642 3856 id

99 3884 379 3949 estSeclia,
408 3901 528 3940 cum
548 3888 755 3955 campis
780 3887 909 3953 suis,
939 3897 993 3941 et
1019 3903 1263 3957 campum
1308 3892 1649 3961 formigosunt

100 3970 230 4025 inter
258 3976 599 4041 ponticulum,
629 3986 681 4029 et
704 3977 872 4035 lacum
899 3974 1099 4029 fatuum
1148 3992 1266 4031 cum
1312 3978 1426 4047 ipso
1464 3982 1647 4047 ponti-

97 4060 230 4120 culo,
252 4069 307 4113 et
331 4076 514 4117 omnes
541 4065 741 4118 lncoras
767 4079 931 4132 usque
950 4064 1300 4137 adGrumam.
1327 4081 1419 4121 seu
1439 4082 1641 4137 syvam,

94 4155 141 4197 et
168 4145 537 4213 Laeorianum,
577 4162 736 4219 atque
778 4136 1099 4217 terram,let
1147 4156 1287 4221 ipsas
1316 4156 1519 4212 Iacoras
1558 4174 1650 4226 per

94 4236 456 4304 Trcpontium,
484 4255 600 4309 qua:
626 4242 691 4296 de
715 4242 964 4297 Bondeno
981 4252 1199 4309 exeunt,
1226 4254 1277 4297 et
1290 4246 1471 4314 Spino,
1496 4257 1651 4317 atque

94 4323 440 4394 Trepontium
462 4328 516 4381 in
533 4330 859 4393 Bondenum,
888 4341 940 4385 et
960 4334 1129 4387 lacum
1153 4334 1218 4388 de
1232 4333 1441 4402 Ulpino,
1471 4337 1653 4392 simul-

1733 3252 1930 3303 sauctaz
1940 3249 2175 3304 ﬂamma
2191 3251 2762 3322 viliginozcunstructam
2779 3260 3112 3313 concedimus
3126 3262 3293 3327 vobis,

1734 3339 2025 3407 vestrisque
2052 3342 2446 3395 successoribus
2475 3357 2539 3397 eo
2569 3343 2753 3423 ordine
2784 3355 2839 3399 ut
2889 3348 3064 3401 nullus
3087 3352 3294 3423 episco-

1738 3443 1831 3497 pus
1854 3428 1985 3496 Bon,
2020 3430 2093 3484 vel
2114 3432 2324 3486 aliunde
2353 3432 2402 3485 in
2424 3448 2485 3487 ea
2513 3418 2707 3503 aliquid
2730 3450 2907 3503 agere,
2937 3452 3023 3491 aut
3046 3418 3295 3496 ordinare

1739 3528 2042 3586 prtesumat,
2083 3520 2182 3573 nisi
2212 3528 2412 3574 tantum
2442 3525 2910 3587 consecrationem,
2935 3528 3294 3582 conﬁrmatio—

1740 3625 1965 3679 nemque
1993 3613 2168 3675 faciat,
2202 3623 2255 3667 et
2287 3614 2671 3682 presbyterum.
2698 3629 2851 3683 quem
2880 3631 2991 3681 vos,
3022 3621 3101 3673 vel
3133 3621 3289 3674 vestri

1740 3715 2075 3756 successores
2103 3703 2346 3756 idoneum
2379 3703 2570 3757 ibidem
2602 3707 2999 3769 constitueritis,
3040 3711 3106 3763 de
3149 3720 3295 3777 pote-

1741 3802 1874 3847 state
1904 3804 2073 3847 vestra
2104 3793 2399 3849 nullatenus
2421 3795 2740 3850 submovere
2767 3804 3067 3865 praesumat,
3123 3783 3297 3869 nequc
3354 3844 3357 3847 .

1743 3880 1966 3947 aliquam
1995 3880 2403 3934 dominationem
2435 3882 2486 3934 in
2514 3883 2754 3937 condicta
2784 3886 2934 3952 plebe
2962 3886 3155 3953 facere,
3205 3901 3296 3944 aut

1750 3968 1942 4022 exinde
1971 3967 2255 4035 quidquam
2288 3970 2473 4023 tollere
2500 3979 2688 4025 tentet.
2748 3974 2811 4026 Et
2867 3982 2924 4027 ut
2964 3975 3014 4029 in
3052 3979 3295 4032 omnibus

1746 4057 1894 4111 silvis
1906 4056 2015 4125 jam
2048 4057 2166 4111 lacti
2186 4058 2411 4112 emnobii
2442 4060 2611 4113 nullus
2636 4075 2835 4126 comes,
2867 4066 2977 4119 sive
3002 4069 3291 4133 gastalilus,

1747 4161 1839 4200 seu
1868 4147 2094 4214 quil;bet
2117 4146 2324 4212 nobilis,
2375 4149 2455 4200 vel
2487 4150 2728 4217 ignobilis
2756 4165 2875 4204 cum
2920 4154 3158 4215 canibus,
3204 4166 3296 4208 aut

1749 4248 2077 4302 quocumque
2121 4234 2333 4303 ingenio
2364 4239 2670 4290 [venationes
2720 4252 2970 4293 exercere
3013 4255 3295 4307 praisumat

1753 4332 1964 4390 propter
2002 4322 2412 4390 inquietudinem
2462 4325 2762 4381 animalium
2807 4330 3128 4382 monasterii.
3162 4331 3293 4383 Nec-

92 4427 190 4476 que
217 4415 450 4478 Tubum,
480 4419 568 4485 qui
598 4419 709 4470 exit
733 4419 799 4471 de
847 4419 1098 4474 Bondeno
1126 4421 1179 4475 in
1229 4423 1551 4487 Porcariam,
1593 4438 1641 4481 et

1756 4424 1855 4462 non
1877 4410 2241 4497 concedimus,
2266 4420 2321 4463 ut
2350 4412 2399 4463 in
2427 4412 2845 4479 quibuscumque
2882 4418 3140 4471 comitatis
3168 4419 3293 4473 locis

92 4499 361 4572 Sayelam,
396 4517 548 4574 atque
576 4520 639 4559 ex
670 4508 772 4559 alio
811 4507 971 4561 latere
1002 4510 1205 4577 Sayclae
1233 4512 1443 4566 exiente
1468 4515 1534 4569 de
1561 4514 1649 4569 Ul-

92 4594 233 4658 piuo,
258 4594 493 4649 intrante
522 4598 573 4649 in
602 4596 769 4649 lacum
815 4596 882 4650 de
911 4598 1185 4662 Turatino,
1244 4601 1506 4667 Bucineto,
1562 4606 1671 4671 qui»

90 4682 195 4736 exit
233 4682 304 4736 de
343 4682 496 4737 Tubo
527 4694 754 4748 mortuo,
781 4686 1008 4740 intrante
1037 4690 1087 4741 in
1117 4688 1407 4755 Cimarese,
1439 4701 1652 4744 tenente

91 4787 250 4825 unum
269 4781 433 4841 caput
456 4773 508 4825 in
535 4774 826 4840 Canaliclo,
851 4776 1055 4831 etaliud
1082 4779 1134 4831 in
1153 4779 1464 4844 Durazzino,
1493 4781 1650 4834 simul

88 4862 247 4915 etiam
267 4873 323 4916 et
345 4877 587 4929 campum
614 4861 681 4916 de
706 4863 1201 4936 Durauiuo,'atque
1222 4870 1499 4934 Bonosula,
1532 4887 1650 4938 qua:

92 4951 237 5013 ponit
264 4961 432 5017 caput
458 4951 508 5003 in
538 4950 775 5002 Arcultas
788 4953 1030 5015 Arculus,
1059 4954 1321 5023 simulque
1348 4958 1502 5011 modo
1521 4960 1652 5011 duas

90 5040 301 5091 arculas
329 5039 710 5091 contractionis
731 5038 891 5105 laeos,
918 5048 972 5093 et
1000 5041 1169 5095 lacum
1196 5044 1259 5097 de
1285 5044 1536 5113 Fulgineo
1564 5062 1653 5114 p0-

90 5137 247 5182 nentc
273 5136 439 5194 caput
467 5128 517 5179 in
550 5128 819 5196 Bondeno,
851 5144 948 5183 nec
978 5146 1080 5184 non
1126 5143 1179 5186 et
1203 5133 1504 5202 Virginiana
1533 5151 1652 5189 cum

88 5218 353 5271 omnibus“
369 5218 519 5278 lacis,
541 5230 602 5269 ac
616 5218 768 5289 (ossis
784 5221 1198 5291 quibuscumque
1216 5226 1467 5291 piscariis.
1495 5225 1651 5278 sicuti

89 5318 184 5357 uoa
211 5320 393 5374 usque
408 5319 543 5358 nunc
564 5306 627 5355 ad
655 5317 863 5361 nostras
892 5324 1075 5365 manus
1100 5313 1377 5379 tenuimus,
1405 5324 1457 5365 ut
1482 5315 1653 5367 nullus

92 5406 341 5459 magnus,
378 5393 469 5446 a'ut
496 5408 687 5463 parvus
731 5396 886 5449 homo
912 5399 963 5451 in
994 5402 1237 5453 omnibus
1279 5404 1653 5470 suprascriptis

92 5478 340 5545 piscariis
371 5483 574 5550 absque
601 5493 770 5537 vestra
804 5484 1035 5551 licentia,
1067 5504 1536 5559 successorumque
1568 5506 1653 5545 ve-

88 5584 331 5625 strorum
378 5572 555 5639 aliquo
600 5572 753 5627 modo
805 5575 1010 5642 piscare
1052 5590 1354 5643 praesumat.
1441 5580 1655 5646 Insuper

91 5671 316 5734 propter
373 5670 603 5716 vestram
650 5664 945 5735 insignitum
998 5668 1299 5735 praedictam
1352 5669 1655 5737 petitionem

1746 4500 1907 4553 cellas
1933 4485 2335 4569 acquisiveritis,
2359 4513 2447 4556 aut
2476 4504 2645 4567 villas.
2680 4506 2766 4559 ubi
2813 4508 2961 4561 silva:
2987 4524 3293 4565 communes

1747 4597 1887 4651 sunt,
1920 4600 2147 4642 vestram
2194 4605 2403 4659 semper
2431 4594 2725 4659 portionem
2766 4595 2980 4651 habere.
3031 4598 3295 4664 Pracipi-

1749 4692 1863 4729 mus
1892 4668 2049 4731 etiam
2075 4687 2131 4731 ut
2157 4680 2329 4732 nullus
2359 4680 2409 4731 in
2438 4694 2598 4746 regno
2623 4694 2802 4735 nostro
2829 4685 3025 4748 Italico,
3066 4687 3147 4739 vel
3181 4687 3288 4739 lto-

1749 4780 1905 4820 mauo
1924 4769 2203 4836 cujuslibet
2245 4768 2446 4823 ordinis
2492 4769 2695 4836 Prtcfati
2739 4775 3042 4849 monasterii
3088 4790 3289 4842 servos,

1748 4868 1839 4911 aut
1861 4860 2098 4922 ancillas,
2138 4860 2227 4927 qui
2258 4858 2378 4925 fuga
2406 4858 2535 4925 lapsi
2579 4859 2775 4915 fuerint
2815 4875 2997 4916 contra
3024 4866 3291 4928 abbatem,
3330 4908 3335 4913 .

1715 5005 1718 5008 ,
1749 4958 1840 4999 aut
1866 4948 2221 5015 praepositum,
2244 4948 2326 5001 vel
2354 4947 2683 5014 advocatum,
2707 4966 2825 5004 cum
2845 4953 3041 5006 inventi
3080 4954 3290 5016 fuerint,

1749 5057 1957 5111 quoquo
2010 5042 2167 5095 modo
2214 5042 2404 5097 audeat
2447 5044 2691 5097 retinere.
2750 5044 3002 5098 Similiter
3038 5048 3295 5099 donamus

1750 5132 1905 5182 etiam
1930 5131 2266 5195 prreceptales
2295 5170 2309 5183 .
2336 5169 2351 5185 .
2382 5166 2399 5183 .
2434 5168 2447 5182 .
2474 5169 2491 5185 .
2516 5129 2757 5183 videlicet
2784 5128 2849 5185 48
2878 5135 2963 5199 qui
2986 5147 3121 5185 nunc
3150 5143 3289 5204 sunt,

1751 5221 1832 5273 vel
1864 5218 2052 5271 futuris
2083 5221 2405 5286 temporibus
2433 5234 2497 5273 ex
2523 5220 2642 5272 aliis
2681 5233 2800 5273 esse
2830 5222 3107 5281 voluerint.
3143 5230 3198 5273 ut
3228 5221 3293 5273 ad

1751 5309 2120 5362 monachorum
2144 5310 2417 5362 utilitatem
2450 5306 2792 5378 peragendam
2824 5310 3042 5373 habeant
3066 5318 3296 5376 potesta-
3336 5344 3337 5347 η

1754 5411 1877 5463 tem,
1910 5408 2107 5471 remota
2137 5411 2324 5452 vestra:
2374 5401 2647 5464 potestatis
2695 5400 3068 5466 inquietudine.
3135 5397 3295 5464 Igitur

1756 5490 2107 5557 prodonamus
2148 5488 2315 5551 vobis,
2346 5497 2399 5539 et
2425 5489 2596 5542 eidem
2624 5500 2804 5542 sancto
2826 5488 3065 5541 cmnobio
3094 5500 3293 5550 veStro,

1754 5587 1809 5630 ut
1832 5579 2020 5632 notarii
2051 5580 2101 5632 i'n
2129 5576 2268 5631 omni
2298 5576 2524 5631 dictione
2556 5580 2696 5645 regni
2736 5578 2893 5629 vestri
2924 5577 3130 5627 chartas
3147 5575 3294 5644 indi-

1754 5678 1868 5723 cata
1896 5667 2266 5736 cmphyteutis,
2308 5675 2364 5720 et
2392 5666 2596 5721 libellos
2634 5666 2865 5719 scribant
2910 5668 3107 5735 absque
3139 5667 3291 5719 ullius
