3796 6378
499 420 631 478 HIS

1665 400 2256 460 LANGUBARDORUM
2298 400 2527 457 REGUM

3526 395 3627 451 illi:

499 548 735 605 pentina:
763 529 1150 598 impedimento.
1202 522 1582 578 Conﬁrmamus
1608 521 1763 571 etiam
1792 517 1961 578 vobis,
1987 523 2040 567 et
2066 515 2113 572 Δ
2143 515 2331 566 rendus
2350 525 2669 579 consurgere
2685 510 2896 574 audeat,
2930 510 3012 563 vel
3031 508 3244 578 exigere
3267 523 3535 577 praesumat,
3558 513 3626 564 sed

500 604 748 691 praedii-to
775 616 1089 672 monasterio
1119 623 1313 674 vestro,
1363 619 1418 664 ut
1456 646 1471 661 .
1514 647 1528 661 .
1572 645 1585 658 .
1637 607 1896 659 civitatem
1927 604 2042 655 sive

502 716 566 767 de
595 710 909 771 Ferrariam,
939 705 1020 757 vel
1045 702 1387 762 Comaclium,
1418 708 1470 751 ut
1512 695 1787 764 quamlibet
1827 692 2043 746 ubilibet

509 801 815 854 iunctionem
859 836 872 848 .
915 831 930 847 .
973 830 989 847 .
1044 795 1095 844 in
1122 789 1435 859 quibuslibet
1463 786 1614 845 locis,
1641 792 1695 837 et
1721 782 2040 862 civitatibus,

503 908 595 944 seu
617 890 773 942 clusis
806 885 950 950 regni
984 885 1169 943 nostri,
1218 888 1370 945 atque
1419 878 1660 944 negotiis,
1700 873 1809 926 sive
1861 874 1923 923 de
1961 871 2040 922 in-

505 981 804 1032 stramentis
835 981 1133 1028 chartarum
1165 966 1574 1034 disrumpendis,
1605 979 1695 1016 seu
1726 965 1791 1014 de
1820 961 2042 1012 advoca-

506 1073 567 1123 tis
591 1071 790 1135 qnales,
839 1076 887 1117 et
921 1064 1280 1125 undecumque
1308 1057 1498 1123 eligere
1543 1053 1801 1105 voluerint
1827 1051 2042 1103 liberam

506 1159 740 1212 habeatis
772 1164 1098 1222 poteStutem.
1169 1148 1272 1224 Nec
1302 1162 1404 1198 non
1433 1155 1484 1196 et
1519 1148 1581 1195 de
1624 1139 2046 1208 inquisitionibus

507 1246 758 1301 faciendis
791 1259 880 1308 per
910 1242 1122 1292 idnneos
1149 1235 1390 1289 homines
1429 1233 1494 1286 de
1523 1231 1960 1298 possessionibus,
1996 1239 2049 1291 et

509 1341 664 1391 rebus
691 1333 988 1388 monasterii
1018 1331 1174 1382 vestri
1207 1344 1297 1394 per
1319 1327 1499 1394 viginti
1526 1339 1711 1387 annos,
1738 1338 1831 1376 seu
1852 1324 1918 1374 de
1942 1321 2050 1405 pla-

509 1429 644 1490 citis,
677 1437 728 1478 et
757 1425 822 1477 de
845 1420 1288 1490 pignoratiouibus
1315 1429 1606 1470 veStrorum
1625 1415 1913 1474 hominum,
1939 1412 2050 1464 sive

510 1519 574 1570 de
599 1517 938 1576 immunitate,
969 1526 1084 1578 qua:
1113 1521 1190 1563 ρει
1221 1495 1429 1575 triginta
1463 1507 1623 1558 libras
1651 1504 1873 1570 argenti,
1907 1513 1958 1556 et
1985 1506 2050 1556 de

510 1611 588 1657 via
614 1622 702 1669 per
730 1602 1160 1660 Wtalzachinum,
1211 1612 1299 1650 seu
1354 1597 1418 1647 de
1448 1609 1578 1661 aqua
1613 1593 1751 1644 lluvii
1781 1592 1938 1645 Genu:
1986 1594 2048 1646 ad

511 1696 822 1748 Molendina.
879 1692 1126 1742 Similiter
1174 1697 1224 1740 el
1268 1688 1639 1741 conﬁrmamus
1682 1684 1826 1736 vobis
1855 1723 1868 1747 ,
1911 1696 1958 1736 et
2002 1685 2052 1736 in

512 1784 726 1854 pra-fato
745 1785 983 1837 coenobio
1012 1790 1187 1832 vestro
1219 1778 1482 1831 chartulas
1511 1786 1700 1828 vestra:
1731 1775 2049 1834 donationis,

2142 603 2299 656 liceat
2335 604 2502 664 vobis,
2536 611 2588 654 et
2617 600 2802 654 vestris
2831 600 3055 666 posteris
3101 613 3220 650 cum
3265 599 3487 649 omnibus
3511 604 3628 652 rebus

2142 689 2290 742 vobis
2338 690 2611 757 subjectis,
2661 698 2816 754 atque
2862 688 3163 740 hominibus
3217 689 3313 739 sub
3350 690 3628 744 immanitatis

2144 790 2326 832 vestra:
2351 779 2669 833 defensionis
2701 778 2875 843 quieto
2920 778 3108 830 ordine
3145 779 3443 840 consistere,
3489 781 3544 831 ac'
3561 797 3629 847 pro

2144 870 2314 932 nobis,
2345 882 2626 936 nostraque
2650 868 2893 935 conjuge,
2926 869 3190 932 totiusque
3220 863 3359 934 regni
3389 873 3531 921 nostri
3553 886 3631 922 sta-

2144 959 2345 1011 bilitate
2393 958 2482 1010 Dei
2534 956 2952 1009 misericordiam
3011 957 3388 1011 delectabiliter
3439 975 3628 1012 exorare.

2145 1048 2484 1114 Prtecipimus
2515 1049 2745 1114 insuper,
2785 1057 2838 1098 ut
2877 1060 2974 1097 nec
2999 1060 3109 1108 vos,
3153 1061 3254 1099 nec
3296 1048 3441 1099 futuri
3467 1050 3633 1101 attines

2145 1140 2368 1191 audeant
2416 1139 2710 1204 aliquorum
2769 1136 3036 1188 hominum
3095 1146 3395 1202 potestatem
3444 1139 3633 1192 conferre

2146 1230 2460 1296 scriptiones
2495 1229 2610 1280 sine
2639 1237 2838 1291 nostra,
2871 1228 2951 1280 vel
2984 1227 3211 1297 ﬁliorum
3259 1237 3526 1281 nostrorum
3548 1229 3631 1295 jur-

2147 1320 2313 1382 sione,
2347 1330 2436 1372 aut
2463 1318 2701 1382 consilio,
2729 1320 2807 1370 vel
2837 1333 3100 1370 consensu
3139 1318 3366 1371 omnium
3406 1323 3634 1372 monacho-

2151 1423 2288 1470 rum,
2321 1418 2409 1459 ant
2447 1407 2640 1473 injuste
2677 1406 3120 1472 disponendarum
3155 1422 3328 1459 rerum
3377 1397 3636 1461 maceratio-

2151 1511 2270 1548 nem
2293 1495 2554 1562 delegare,
2598 1509 2693 1547 nec
2718 1496 2858 1547 ullus
2886 1496 3172 1548 monachus
3195 1497 3360 1564 aliqua
3407 1511 3635 1562 praesumat

2150 1588 2460 1637 continuare
2498 1585 2800 1650 scriptione,
2849 1585 2935 1651 qui
2986 1598 3096 1637 sua
3148 1586 3387 1650 probatur
3425 1603 3510 1640 non
3541 1604 3634 1642 esse

2155 1674 2456 1738 potestatis;
2502 1672 2638 1740 quod
2661 1674 2703 1725 si
2735 1672 2936 1735 fecerit,
2972 1674 3132 1725 robur
3175 1676 3370 1728 nullum
3396 1679 3631 1730 obtineant.

2154 1759 2480 1812 Coul’erimus
2499 1759 2656 1812 etiam
2681 1761 2847 1825 vobis,
2881 1775 2929 1814 et
2957 1763 3006 1813 in
3033 1762 3198 1829 ipsum
3231 1773 3443 1817 vestrum
3470 1779 3634 1819 sacrum

512 1829 640 1939 ams
669 1872 815 1924 vobis
846 1870 1142 1925 Anscauws
1173 1869 1446 1934 episcopus
1473 1875 1524 1918 ει
1551 1863 1872 1916 ςυίσυδιάυε
1893 1863 2054 1913 medi-
2087 1829 2126 1884 Β
2160 1847 2456 1928 cmnohium
2486 1847 2733 1899 olivetum
2781 1863 2939 1900 unum
2990 1849 3041 1900 in
3075 1850 3405 1904 luininarihus
3447 1856 3638 1913 ecclesia:

511 1977 602 2015 cus
623 1951 1050 2014 emiserunt-cum
1081 1957 1322 2008 omnibus
1346 1955 1500 2006 rebus
1525 1953 1622 2004 illis
1661 1953 1709 2004 in
1741 1952 1840 2014 his,
1865 1953 2056 2019 quibus

515 2053 565 2103 in
589 2052 664 2101 eis
693 2051 845 2101 liberi
879 2050 1114 2099 homines
1145 2060 1236 2113 per
1261 2045 1525 2096 chartulas
1568 2040 1884 2110 proscriptas
1931 2055 2057 2092 con-

514 2140 758 2198 tulerunt,
790 2146 836 2189 ut
866 2137 1080 2187 ﬁrmiter
1108 2149 1200 2185 vos
1229 2144 1280 2185 et
1301 2132 1569 2200 prmiatum
1601 2131 1895 2182 ccenobiutn
1934 2143 2054 2192 pos-

514 2227 744 2278 sideatis.
793 2225 1014 2278 Merc—ala
1046 2223 1200 2273 etiam
1231 2223 1278 2273 in
1311 2219 1533 2286 propriis
1560 2219 1792 2285 ejusdem
1816 2218 2056 2270 ecclesia:

516 2316 651 2380 agris
672 2324 725 2366 et
747 2315 900 2365 terris
922 2298 1254 2364 construendi
1287 2312 1545 2362 licentiam
1572 2309 1828 2372 habeatis,
1855 2319 1907 2360 et
1939 2324 2060 2361 con-

514 2402 732 2455 ducendi
765 2401 954 2453 ibidem
984 2401 1186 2451 diversa
1218 2398 1572 2457 mercimonia,
1603 2406 1654 2448 et
1686 2397 2058 2462 negotiatores,

515 2501 861 2557 cunctumque
890 2489 1199 2548 Tunoleum,
1229 2496 1281 2540 et
1305 2486 1545 2554 quicquid
1578 2486 1642 2538 de
1664 2485 1791 2551 ipsis
1819 2486 2061 2538 mercatis

516 2581 654 2645 exigi
687 2589 852 2645 potest
885 2579 1129 2630 fratribus
1178 2576 1366 2628 ibidem
1399 2576 1504 2628 Deo
1557 2575 1920 2626 famulantibus
1945 2589 2061 2641 per-

518 2673 681 2722 tinere
707 2672 821 2722 sine
851 2669 1002 2721 ullius
1026 2667 1453 2720 contradictione.
1502 2665 1752 2718 Jubemus
1784 2667 1974 2737 itaque,
2007 2673 2061 2716 ut

517 2761 829 2824 quicumque
876 2773 935 2808 ex
971 2758 1148 2809 liberis
1188 2756 1483 2833 hominibus
1531 2755 1753 2806 voluerit
1780 2755 2061 2806 advocatus

519 2862 698 2899 eorum
734 2847 993 2897 hominum
1037 2845 1168 2905 fieri,
1215 2845 1298 2911 qui
1328 2859 1511 2896 causas
1534 2858 1653 2895 suas
1683 2857 1930 2910 peragere
1974 2857 2065 2895 ue-

521 2937 693 2987 sciunt
714 2935 907 2998 absque
935 2935 1150 3001 alicujus
1181 2936 1449 2999 potestatis
1485 2931 1671 3000 injuria
1717 2934 1875 2984 libera
1921 2942 2064 2997 pote-

521 3031 658 3075 state
683 3023 962 3088 persistere
985 3023 1200 3086 faciatis,
1230 3023 1471 3090 gqardias
1495 3036 1675 3074 eorum
1709 3021 1942 3087 recipere
1968 3036 2062 3073 vo-

524 3107 745 3170 lueritis,
771 3118 821 3161 et
842 3110 1002 3160 abbas
1031 3111 1108 3160 vel
1141 3109 1468 3175 prchositus,
1488 3122 1580 3160 seu
1627 3109 1932 3170 advocatus,
1975 3117 2066 3161 aut

526 3197 714 3248 missus
745 3210 925 3249 eorum
943 3195 1162 3275 reddere
1186 3195 1428 3260 voluerit,
1461 3195 1629 3247 nullus
1660 3195 1906 3262 impedire
1936 3213 2066 3263 prte-

524 3295 712 3338 sumat.
773 3283 1024 3337 Addimus
1070 3283 1260 3350 quippe
1289 3285 1454 3346 vobis,
1493 3284 1785 3351 vestrisque
1815 3284 2065 3350 posteris,

526 3377 648 3427 etin
675 3374 890 3441 praefato
922 3373 1237 3426 monasterio
1266 3381 1462 3434 vestro,
1507 3381 1564 3423 ut
1587 3386 1928 3440 quaecumque
1951 3389 2072 3439 per—

526 3480 652 3517 sona
681 3465 892 3526 nobilis,
939 3463 1020 3514 vel
1064 3462 1304 3529 ignobilis
1333 3464 1382 3513 in
1429 3443 1570 3514 omni
1602 3476 1761 3527 regno
1789 3462 1855 3514 de
1898 3475 2067 3521 sacro,

527 3553 607 3604 vel
635 3552 868 3604 saeculari
885 3551 1086 3614 ordine,
1112 3551 1175 3602 ad
1204 3550 1504 3615 praedictum
1529 3561 1763 3602 sanctum
1778 3552 2072 3603 coenobium

530 3644 766 3709 refugere
787 3642 1026 3704 voluerit,
1067 3651 1154 3693 aut
1181 3655 1265 3693 res
1296 3654 1417 3692 suas
1445 3640 1636 3693 ibidem
1668 3641 1908 3694 conferre
1930 3656 2074 3707 qua:-

531 3732 678 3782 sierit
702 3711 804 3782 non
834 3743 1032 3793 comes,
1063 3737 1153 3780 aut
1177 3731 1409 3781 minister
1432 3729 1663 3796 publicus
1694 3730 2075 3783 videlicetmis-

533 3834 622 3870 sus
653 3827 848 3882 noster,
883 3829 942 3872 et
992 3818 1352 3870 contradicere
1377 3817 1586 3877 audeat,
1638 3821 1728 3870 sed
1764 3819 1915 3870 liceat
1937 3820 1984 3871 ei
2017 3819 2078 3870 li—

538 3910 658 3959 bera
690 3916 944 3974 potestate
970 3907 1036 3958 de
1077 3921 1153 3968 se,
1209 3909 1418 3974 suisque
1459 3907 1700 3959 omnibus
1746 3907 1903 3960 rebus
1929 3907 2078 3973 quid-

541 3994 665 4056 quid
687 3995 905 4045 voluerit
922 3994 970 4043 in
997 3995 1176 4045 eodem
1194 3995 1512 4046 monasterio
1532 3995 1792 4048 conferre.
1827 3995 2075 4047 Volumus

540 4096 764 4147 quoque,
787 4091 838 4133 et
865 4080 1224 4145 concedimus,
1257 4089 1310 4132 ut
1345 4081 1764 4148 quandoquidem
1787 4083 1960 4135 divina
1985 4098 2076 4135 vo-

544 4172 745 4224 catione
774 4170 929 4223 abbas
960 4171 1118 4237 ipsius
1151 4171 1471 4238 monaSIerii,
1493 4171 1704 4238 ejusque
1725 4186 2076 4238 successores,

546 4294 562 4309 .
597 4297 608 4308 .
644 4298 658 4310 .
690 4261 754 4310 de
779 4261 885 4325 ipsa
905 4253 1520 4326 cong‘regatiouequalem
1548 4262 1679 4312 inter
1699 4275 1758 4314 se
1787 4263 2078 4328 digniorem

545 4343 855 4408 invenerint,
879 4347 1136 4398 licentiam
1171 4347 1394 4399 habeant
1420 4347 1642 4413 eligendi
1673 4348 1934 4404 abbatem.
1977 4353 2078 4418 Ite.-

2157 1938 2341 2002 posita:
2396 1949 2557 2002 prope
2611 1937 2882 1989 castellum
2932 1933 3154 2003 Aginulti
3184 1980 3200 2000 ,
3262 1941 3392 2006 quod
3438 1942 3638 2008 pertinuit

2157 2025 2221 2076 de
2273 2034 2420 2077 curte
2473 2035 2645 2078 nostra
2692 2024 2964 2092 Luceuse,
3016 2039 3067 2080 et
3107 2029 3236 2082 duas
3271 2044 3409 2084 casas
3458 2038 3640 2086 missi-

2159 2115 2255 2165 tias
2307 2128 2369 2167 ex
2419 2115 2526 2182 ipsa
2580 2125 2747 2179 curte,
2808 2132 2924 2182 qua:
2967 2121 3281 2186 regebantur
3334 2138 3416 2188 per
3458 2125 3641 2178 Hantfril

2157 2213 2210 2256 et
2237 2203 2571 2258 Fulculonem
2619 2221 2919 2273 germanos,
2968 2218 3021 2260 et
3075 2188 3288 2276 nepotes
3331 2227 3493 2266 eorum
3539 2217 3640 2267 Cre-

2157 2294 2329 2359 spulo,
2377 2293 2619 2346 Lucciolo
2645 2303 2697 2346 et
2726 2295 2961 2348 Bertulo.
3009 2298 3141 2360 Quin
3165 2301 3318 2352 etiam
3347 2302 3641 2367 ρισιάυηιπιιις

2158 2373 2422 2434 sanetitati
2456 2395 2668 2446 vestrm,
2705 2386 2999 2452 vestrisque
3026 2390 3249 2454 posteris
3289 2392 3333 2442 in
3368 2407 3639 2456 perpetuum.

2162 2479 2216 2523 ut
2241 2487 2302 2523 ex
2335 2473 2446 2536 ipso
2494 2483 2674 2526 sancto
2717 2476 2978 2538 emnobio,
3001 2487 3051 2529 et
3083 2479 3254 2542 rebus,
3280 2497 3397 2544 quas
3425 2483 3510 2534 vob
3530 2499 3567 2546 s,
3596 2498 3636 2534 et

2160 2560 2226 2614 ibi
2253 2562 2589 2626 contulimus,
2624 2565 2702 2616 vel
2734 2565 2917 2617 futuris
2947 2568 3264 2632 temporibus
3286 2573 3534 2637 acquirere
3563 2574 3644 2624 Deo

2162 2651 2386 2719 propitio
2446 2652 2715 2716 potueritis
2760 2662 2867 2706 tam
2915 2668 3031 2716 vos,
3082 2671 3238 2721 quam
3284 2662 3458 2724 pOSlt‘ri
3496 2665 3642 2716 vestri.

2162 2742 2359 2793 nullum
2409 2740 2705 2803 servitium,
2765 2742 2847 2794 vel
2897 2742 3208 2812 donationes
3252 2760 3281 2794 a
3322 2749 3456 2797 nobis
3498 2752 3648 2801 exinde

2163 2831 2435 2899 exigantur
2466 2845 2558 2895 pro
2603 2831 2966 2886 benedictione
2996 2833 3045 2884 in
3077 2835 3446 2901 quadragesima
3490 2841 3650 2902 majore

2164 2918 2234 2972 ιο
2257 2922 2441 2983 lucios,
2473 2929 2526 2972 et
2551 2921 2600 2971 in
2626 2919 3021 2988 quadragesima
3047 2927 3212 2977 sancti
3241 2925 3426 2977 Martini
3455 2929 3650 2979 situtltltit

2169 3025 2259 3077 per
2285 3011 2497 3063 missum
2523 2991 2688 3077 ipsius
2713 3014 3012 3078 monasterii
3037 3016 3358 3083 consignatos
3383 3017 3431 3067 in
3459 3017 3650 3082 Papiam,

2123 3100 2137 3162 '_
2170 3109 2257 3151 aut
2286 3099 2336 3152 in
2369 3100 2655 3162 Mantuam,
2685 3099 2794 3152 sive
2821 3102 2865 3153 si
2893 3098 3144 3155 fuerimus
3185 3105 3484 3156 Ravennam.
3526 3105 3649 3155 (icili-

2169 3203 2284 3241 mus
2312 3198 2367 3242 et
2402 3199 2591 3242 vestrae
2635 3193 2961 3256 reverentiae,
3009 3206 3460 3257 successurumque
3485 3204 3651 3248 vestio-

2169 3291 2281 3330 rum
2334 3276 2382 3328 in
2430 3279 2834 3344 sempiternum,
2882 3289 2936 3331 ut
2984 3281 3222 3335 habeatis
3271 3282 3515 3335 licentiam
3553 3265 3650 3332 retia

2172 3367 2421 3419 trahenda
2451 3381 2541 3434 per
2576 3367 2771 3420 Padum
2817 3369 2882 3420 ad
2929 3370 3098 3433 pisces
3143 3371 3358 3438 majores
3400 3374 3656 3423 minoresve

2170 3452 2472 3523 capiendos,
2517 3472 2545 3509 a
2595 3460 2730 3522 laco,
2781 3461 2868 3527 qui
2914 3460 3104 3512 dicitur
3147 3460 3424 3526 Fossatum,
3457 3476 3596 3527 usque
3619 3463 3655 3509 in

2173 3560 2338 3608 mare,
2380 3557 2432 3598 et
2478 3548 2786 3613 ubicumque
2818 3549 2868 3600 in
2901 3549 3044 3600 omni
3077 3565 3238 3618 regno
3268 3561 3434 3602 nostro
3466 3552 3657 3601 habeatis

2175 3649 2331 3697 nunc,
2362 3636 2439 3688 vel
2467 3635 2750 3687 habueritis
2779 3636 2829 3687 in
2862 3637 3056 3701 futuro,
3087 3643 3265 3706 sylvas
3289 3652 3564 3691 commones
3588 3639 3658 3687 ha.

2174 3723 2362 3784 beatis,
2392 3732 2442 3774 et
2470 3723 2720 3789 piscarias
2756 3722 2800 3777 si
2838 3723 2907 3779 ibi
2951 3735 3094 3788 sunt,
3148 3741 3209 3778 ac
3255 3730 3418 3778 exteri
3468 3726 3658 3777 homines

2178 3826 2276 3861 una
2318 3824 2433 3862 cum
2473 3811 2751 3864 medietate
2775 3812 2839 3865 de
2871 3821 3022 3880 porto
3051 3815 3102 3864 in
3129 3828 3260 3880 aqua
3293 3815 3450 3882 longa,
3478 3830 3576 3880 qua:
3599 3825 3658 3864 est

2173 3901 2316 3965 juxta
2366 3910 2527 3952 strata
2581 3902 2804 3968 publica,
2853 3911 2907 3954 et
2955 3903 3206 3969 pertinuit
3246 3906 3310 3956 de
3347 3916 3484 3956 curte
3518 3912 3656 3954 nostra

2176 3990 2370 4041 civitati
2443 4004 2611 4043 novat.
2700 3990 2846 4044 Unde
2904 3991 3104 4058 reliqua
3153 3993 3422 4052 medietate
3470 3993 3656 4043 ecclesia

2177 4081 2344 4132 sancti
2390 4080 2683 4138 Geminiani
2726 4082 2918 4135 habere
2973 4084 3242 4149 probatur,
3287 4094 3435 4150 atque
3481 4097 3652 4150 grauium

2179 4169 2322 4220 illum
2363 4169 2498 4234 quod
2549 4183 2721 4224 annue
2767 4171 3030 4240 colligitur
3067 4173 3135 4225 de
3174 4175 3427 4240 portatico
3475 4174 3518 4224 in
3546 4185 3654 4223 curte

2179 4265 2507 4322 uostra,quze
2527 4259 2621 4310 sita
2648 4269 2726 4310 est
2755 4258 2805 4310 in
2833 4260 3042 4311 civitate
3069 4275 3224 4322 nova,
3253 4262 3564 4326 deqnantmu
3589 4272 3654 4322 pro

2181 4347 2296 4411 ipso
2341 4347 2606 4413 colligitur
2649 4349 2924 4413 portatico,
2967 4358 3224 4415 quatenus
3266 4350 3331 4400 ab
3360 4350 3577 4400 hodierna
3599 4345 3657 4397 die

548 4449 762 4500 rumque
785 4435 1119 4488 concedimus
1148 4436 1315 4500 vobis,
1344 4437 1636 4505 vestrisque
1664 4440 2076 4504 successoribus,
2107 4456 2155 4514 ι)
2182 4435 2416 4489 uestrum
2466 4437 2716 4489 habentes
2756 4438 3150 4490 serenissimum
3179 4452 3508 4506 praeceptum,
3536 4440 3655 4503 ipsum

551 4531 606 4571 ut
633 4523 698 4574 de
719 4522 934 4587 singulis
963 4524 1176 4577 navibus
1207 4527 1511 4590 portatieum
1562 4526 1722 4578 libera
1764 4538 1934 4581 vestra
1965 4531 2078 4584 exi-

547 4612 678 4675 gatis
709 4621 991 4678 potestate;
1035 4613 1326 4676 statuimus,
1367 4623 1418 4666 et
1444 4614 1604 4666 modis
1650 4615 1888 4669 omnibus
1927 4620 2081 4686 jube-

554 4717 690 4764 mus,
721 4713 870 4768 prout
914 4717 1066 4771 supra
1098 4703 1293 4756 dictum
1323 4713 1424 4766 est,
1474 4715 1726 4771 quatenus
1783 4706 1832 4758 in
1886 4710 2081 4772 praefati

553 4792 851 4844 monasterii
883 4805 966 4844 res
997 4789 1161 4844 nullas
1199 4792 1506 4858 superioris,
1551 4792 1630 4845 vel
1659 4793 1920 4847 inferioris
1943 4797 2083 4848 ordi-

554 4880 655 4941 nis,
685 4878 764 4930 vel
793 4879 1088 4946 episcopus,
1112 4888 1198 4931 aut
1219 4893 1415 4940 comes,
1448 4889 1533 4931 aut
1565 4881 1846 4948 gastaldus,
1881 4882 1962 4935 vel
2010 4883 2084 4936 rei

559 4970 774 5032 publica:
806 4971 1086 5036 proximior
1131 4972 1181 5020 iu
1208 4970 1439 5036 qualibet
1479 4973 1718 5036 praedicta
1765 4974 2082 5028 invasionem

556 5057 728 5108 facere
756 5057 960 5121 audeat,
1001 5061 1107 5110 ullo
1136 5060 1185 5110 in
1226 5059 1342 5110 loco
1372 5075 1472 5110 non
1513 5060 1574 5113 ad
1605 5075 1788 5114 causas
1812 5063 2087 5129 judiciario

559 5161 701 5197 more
729 5145 1028 5205 audiendas,
1064 5149 1140 5199 vel
1174 5148 1363 5208 ﬂenda,
1396 5148 1668 5215 exigenda,
1717 5159 1805 5202 aut
1858 5153 2087 5204 mansio-

559 5249 670 5298 nes,
711 5237 785 5285 vel
817 5245 1017 5298 paratas
1047 5235 1329 5298 faciendas,
1375 5239 1453 5289 vel
1496 5237 1811 5303 perafredos,
1846 5250 1933 5290 aut
1963 5241 2088 5291 fide-

556 5323 786 5388 jussores
813 5323 1085 5383 tollendos,
1107 5336 1193 5376 aut
1221 5327 1456 5377 homines
1483 5335 1586 5376 tam
1625 5323 1896 5389 ingenuos,
1937 5327 2089 5379 liber-

562 5425 660 5472 tos,
681 5427 934 5479 quamque
952 5425 1136 5463 servos
1156 5427 1212 5463 su
1223 5427 1311 5478 per
1329 5423 1518 5465 terram
1544 5413 1704 5479 ipsius
1726 5414 1960 5466 ecclesiae
1983 5429 2090 5466 ma-

564 5513 760 5564 nentes,
789 5503 898 5554 sive
922 5502 1434 5569 empbyteuticarios,
1459 5516 1509 5557 et
1537 5508 1919 5573 suprascriptos
1944 5547 1956 5558 .
1987 5546 2001 5559 .
2034 5549 2045 5559 .
2078 5547 2090 5560 .

565 5591 703 5640 milio
726 5594 877 5644 modo
903 5592 1290 5660 distrugendos,
1323 5611 1418 5647 nec
1449 5599 1582 5652 ullas
1604 5601 1840 5667 publicas
1867 5603 2092 5658 functio-

567 5693 680 5741 nes,
712 5688 797 5730 aut
824 5682 1217 5750 redhibitioues,
1258 5685 1342 5738 vel
1378 5687 1584 5742 illicitas
1605 5691 1904 5747 occasiones
1927 5695 2090 5762 inqui-

2183 4535 2424 4579 sanctum
2479 4526 2853 4579 monasterium
2917 4539 3153 4580 vestrum
3215 4529 3429 4580 ﬂrtnitct‘
3475 4529 3658 4594 superius

2182 4616 2557 4681 comprehensa
2586 4615 2799 4666 valeatis
2824 4617 3116 4680 possidere,
3150 4626 3205 4667 ut
3232 4619 3399 4672 nullus
3423 4619 3656 4684 episcopus.

2183 4703 2266 4754 vel
2306 4703 2548 4767 clericus,
2596 4703 2721 4765 dux,
2752 4716 2952 4768 comes,
2989 4706 3275 4771 gastaldus,
3309 4709 3386 4760 vel
3411 4692 3659 4760 actiouariiis

2184 4800 2381 4855 noster,
2413 4803 2499 4844 aut
2527 4793 2784 4860 quispiam
2819 4807 3054 4861 magnus,
3105 4811 3400 4864 parvusque
3445 4797 3660 4850 Gastadiiu

2183 4891 2365 4933 contra
2399 4882 2498 4942 hoc
2526 4893 2761 4934 nostrum
2795 4883 3054 4937 firmitatis
3087 4897 3408 4951 praeceptum
3437 4885 3656 4940 audeatis:

2184 4973 2645 5040 quandocumque,
2693 4976 2784 5027 sed
2825 4977 2964 5028 omni
3020 4985 3279 5041 tempore,
3328 4980 3376 5029 in
3419 4981 3657 5041 jamsaacto

2188 5065 2510 5115 monasterio
2552 5072 2750 5127 vestro,
2811 5066 2890 5117 vel
2933 5066 3077 5118 vobis
3116 5068 3655 5136 succi-ascribusqne-t’s'

2190 5155 2312 5205 stris
2334 5154 2530 5228 stabilis
2561 5165 2860 5220 permaneat
2888 5156 2938 5206 in
2973 5165 3304 5220 perpetuum.
3332 5160 3386 5213 Si
3414 5161 3514 5224 quis
3534 5162 3656 5206 utan

2192 5243 2344 5309 hujus
2382 5255 2574 5296 nostra:
2612 5244 2969 5309 inscriptionis
3015 5248 3297 5299 temerario
3343 5263 3463 5298 ausu
3501 5243 3658 5296 violator

2191 5332 2466 5395 exstiterit,
2495 5340 2549 5384 et
2588 5331 2720 5382 hanc
2748 5340 2976 5383 nostram
2998 5335 3290 5398 jussionem
3321 5351 3406 5400 per
3431 5335 3572 5386 omnia
3591 5345 3662 5379 cett

2192 5412 2568 5485 observaverit,
2617 5422 2749 5474 sciat
2789 5435 2848 5473 se
2890 5427 3307 5488 compositurum
3350 5435 3534 5477 centum
3553 5423 3661 5474 litim

2193 5514 2301 5562 auri
2335 5511 2538 5576 optimi,
2572 5509 2905 5562 medietatem
2928 5510 2979 5562 in
3005 5514 3200 5577 palatio
3235 5510 3431 5578 nostro,
3459 5523 3506 5566 et
3525 5509 3662 5564 inrdic-

2197 5611 2352 5653 tatem
2411 5599 2711 5664 supradicto
2765 5602 3082 5658 monasterio
3139 5617 3340 5656 veStro.
3389 5601 3665 5657 Concediturt

2199 5696 2410 5761 insuper
2459 5693 2631 5746 omnia
2675 5692 2844 5758 vobis;
2895 5695 3192 5760 vestrisque
3242 5693 3594 5750 successoribus
3630 5703 3661 5735 ω
