3820 6236
469 294 591 350 lltO

1617 284 2213 341 LANGOBARDURUM
2256 282 2487 337 REGUM

3499 283 3620 340 “90

463 414 563 459 fere
598 406 780 467 ludus,
812 402 1055 469 quicquid
1082 415 1108 451 a
1140 414 1194 453 se
1226 413 1356 453 vana
1381 399 1533 453 Creta
1556 438 1569 461 .
1600 406 1653 451 et
1683 397 1854 451 mollis
1882 397 2001 450 mit-
2031 400 2076 456 Α
2104 395 2312 463 Sephia:
2340 395 2550 447 nomine
2578 393 2665 461 qui
2703 407 2760 448 es
2796 408 2918 448 vera
2948 394 3151 448 Domini
3182 394 3451 463 sapientia,
3476 396 3621 451 Chri-

462 498 521 547 tit
559 494 752 559 Arabs,
787 492 1095 558 mandatque
1136 492 1296 557 nigras
1334 489 1481 555 pellis
1514 486 1786 554 Ethiops,
1827 498 1878 541 et
1914 499 2004 540 ve—

462 582 621 634 stiunt
649 580 803 632 Seres
823 618 837 641 ,
868 579 965 629 huc
996 580 1187 629 mentis
1215 591 1330 640 qua:
1360 576 1617 638 inventio,
1653 575 1751 627 huc
1782 575 2005 642 illucque

464 672 523 719 ad
556 683 718 734 usque
744 667 916 718 tnttndi
948 665 1229 732 originem,
1265 664 1525 728 ﬁnemque
1553 662 1734 725 duxit,
1764 663 2006 715 conside-

465 772 582 809 rans
626 758 749 824 quid
798 757 939 808 fuere
993 754 1245 820 pnetcrita
1275 794 1289 817 ,
1341 754 1527 821 quidve
1561 754 1664 804 sint
1702 753 2007 817 prmsentia,

466 848 650 911 quidve
679 858 831 896 crunt
866 844 1031 895 futura
1051 883 1065 906 ,
1104 843 1273 894 omnia
1314 842 1410 895 sub
1434 842 1547 895 sola
1579 841 1792 908 physica
1822 838 2006 906 conje-

468 942 607 985 ctura
638 934 914 983 vanitatem
947 941 1084 983 ratus
1121 944 1267 992 sunt;
1301 943 1519 996 quorum
1548 928 1773 981 essentia
1792 966 1807 989 ,
1836 936 2008 989 ortus,

473 1025 705 1082 tentatin,
738 1022 898 1084 labor,
929 1031 981 1073 et
1006 1034 1165 1071 mors.
1191 1019 1267 1072 Nil
1298 1032 1421 1086 ergo
1444 1030 1614 1070 rerum
1642 1016 1789 1083 copia
1818 1018 2010 1084 prode-

477 1114 568 1171 rit,
596 1111 691 1162 nisi
735 1109 837 1161 Deo
888 1108 1169 1175 possessori
1221 1107 1412 1158 oblata.
1455 1104 1775 1173 Quingentos
1815 1106 2013 1169 prisco-

475 1215 583 1250 rtnn
615 1198 995 1250 reminiscimur
1016 1211 1177 1249 annos
1200 1197 1321 1249 olim
1351 1195 1752 1248 transcendisse.
1790 1192 1880 1244 Vix
1902 1192 2009 1259 jam

470 1288 864 1345 sexagenariunt
906 1286 1071 1337 :t-tatis
1104 1285 1354 1350 contingit
1388 1302 1398 1333 :
1443 1286 1634 1337 etenim
1677 1282 1721 1334 si
1759 1282 2010 1348 quosdam

474 1381 533 1426 ad
568 1387 770 1427 centum
812 1376 1079 1426 retulimus
1118 1373 1417 1440 pervenisse
1456 1381 1704 1432 aestuant,
1747 1379 1802 1421 ut
1841 1370 2013 1420 saltim

476 1476 624 1517 nocte
653 1467 877 1529 quietem
908 1462 1099 1514 habere
1125 1471 1337 1525 queant.
1360 1460 1411 1511 Si
1436 1460 1583 1510 novis
1613 1456 1743 1509 alios
1768 1456 2013 1507 incolumi

474 1550 747 1603 dulcedine
774 1550 959 1612 opibus
985 1564 1099 1600 esse
1128 1549 1334 1611 potitos,
1367 1560 1501 1598 nunc
1526 1544 1902 1596 amarissimam
1925 1544 2017 1594 de-

482 1643 605 1691 flent
650 1640 913 1702 possidere
957 1647 1258 1704 egestatem.
1298 1638 1491 1689 Cuncta
1541 1635 1749 1704 quidem
1800 1644 2015 1704 pra-ter—

2100 495 2215 549 ste;
2245 486 2296 539 in
2319 499 2416 552 qua
2439 485 2594 537 etiam
2626 478 3006 538 xenodoehium
3032 486 3321 553 puellarum
3347 496 3618 556 astruens,

2106 574 2269 628 obtuli
2307 588 2370 627 ex
2409 575 2509 626 tuis
2546 574 2729 636 donis,
2778 583 2932 642 atque
2969 574 3104 627 datis
3133 591 3146 625 :
3175 575 3228 627 in
3268 575 3443 641 primis
3476 579 3615 632 eccle-

2106 665 2236 716 siam
2258 664 2420 716 sancti
2446 664 2724 725 Benedicti,
2748 663 2860 716 loco
2881 664 2964 731 qui
2989 672 3202 716 vocatur
3223 662 3621 729 Xenodochium,

2109 752 2243 820 quod
2274 750 2496 821 positum
2542 760 2622 805 est
2663 750 2808 819 juxta
2851 752 3021 818 ipsum
3073 752 3479 816 monastcrium,
3519 769 3624 806 cum

2108 842 2351 895 omnibus
2378 842 2475 895 sibi
2506 842 2903 908 pertinentibus.
2936 841 3045 894 Iloc
3068 843 3226 893 etiam
3254 842 3545 904 statuimus.
3577 854 3625 895 ut

2112 933 2422 999 prmpositus
2455 932 2560 998 jam
2607 932 2729 984 dicti
2768 939 2962 983 sancta:
3000 931 3213 998 Sophia;
3254 934 3543 987 monasterii
3567 934 3626 985 ihi

2112 1020 2312 1082 sedeat,
2341 1020 2512 1085 ibique
2541 1020 2608 1071 sit
2632 1028 2775 1085 porta
2803 1020 2867 1071 ad
2894 1019 3127 1086 hospites
3150 1021 3529 1086 suscipiendos;
3550 1037 3629 1088 pro

2112 1123 2214 1173 qtto
2242 1118 2292 1159 ct
2330 1108 2593 1169 addimus,
2627 1115 2682 1158 nt
2708 1106 2911 1159 decima
2940 1107 3172 1159 omnium
3220 1107 3421 1174 frugum
3457 1108 3519 1160 ibi
3546 1123 3629 1160 an-

2115 1196 2338 1249 nnaliter
2365 1210 2427 1248 ex
2462 1196 2778 1250 monasterio
2806 1199 2960 1251 detttr
2990 1197 3057 1267 ad
3084 1197 3398 1263 stipendium
3428 1201 3632 1266 peregri-

2117 1301 2298 1339 norum
2318 1303 2332 1347 ;
2356 1296 2407 1339 et
2428 1286 2563 1338 sicut
2584 1286 2648 1337 ab
2669 1286 2897 1352 antiquis
2916 1285 3209 1339 rectoribus
3231 1285 3469 1353 praedicta
3486 1285 3634 1341 sancti

2116 1380 2379 1435 Benedicti
2402 1380 2623 1433 ecclesia
2654 1393 2893 1449 possessa
2926 1379 3019 1433 fuit
3043 1419 3058 1442 ,
3084 1372 3308 1440 amodo',
3338 1387 3387 1433 et
3413 1378 3635 1447 deinceps

2118 1478 2313 1521 sanctas
2338 1468 2544 1535 Sophia;
2567 1469 2867 1521 monasterii
2892 1469 3136 1536 potestati
3163 1468 3447 1534 subjaccat.
3478 1468 3570 1521 Sed
3589 1477 3637 1521 et

2118 1557 2393 1610 ecclesiam
2443 1562 2607 1611 sancti
2649 1556 2785 1610 Petri
2825 1556 3071 1624 principis
3118 1556 3500 1627 apostolorum,
3536 1571 3638 1623 qua:

2120 1645 2374 1699 :edilicata
2397 1653 2478 1698 est
2505 1647 2553 1698 in
2574 1645 2693 1713 gzdo
2723 1646 2891 1714 largiti
2914 1660 3092 1699 sumus
3125 1646 3175 1697 in
3208 1645 3519 1697 territorium
3540 1660 3638 1697 mo-

479 1736 630 1791 cunt,
672 1727 925 1779 deteriora
963 1742 1208 1791 quicque,
1261 1726 1535 1789 hreviaqne
1556 1702 2018 1790 ‘seqnunturﬂam

2135 1736 2349 1788 tasterio
2378 1745 2569 1787 sancta:
2610 1733 2907 1799 Sephite;a
2950 1733 3052 1785 fine
3094 1732 3355 1785 venatoris
3392 1745 3480 1797 per
3513 1744 3637 1784 serra

482 1817 703 1867 mundus
745 1816 1121 1882 ingemiscens,
1152 1814 1467 1879 egestatihns
1494 1818 1827 1879 angustatus,
1859 1810 2021 1862 mori-

486 1905 687 1955 bundus
724 1903 926 1970 diffugit
972 1922 983 1952 :
1028 1901 1312 1954 Salvatnris
1351 1916 1514 1960 voce,
1555 1901 1741 1953 caelum
1786 1906 2025 1962 terraque

484 1995 704 2045 transire
734 1993 1001 2053 dicuntur;
1036 1994 1321 2059 praesertim
1353 1982 1597 2042 mortales
1628 1988 1862 2056 fragiles,
1893 2003 2025 2054 quo-

488 2100 597 2134 rntn
628 2083 728 2134 vita
768 2081 913 2149 quasi
946 2083 1040 2134 flos
1072 2081 1356 2147 egreditur,
1387 2095 1446 2130 ac.
1473 2080 1613 2131 velut
1646 2080 1841 2145 lampas
1868 2090 2029 2144 appo-

487 2173 584 2223 sita
612 2181 767 2222 vento
794 2169 1010 2235 rapitur.
1038 2168 1117 2221 Nil
1141 2170 1293 2235 igitur
1322 2167 1517 2230 utilius,
1549 2167 1722 2236 nilque
1748 2166 2026 2227 salubrius,

490 2262 590 2314 nisi
623 2263 805 2312 futura:
831 2262 947 2310 vita:
979 2272 1185 2321 semper
1214 2258 1541 2321 meminisse,
1572 2272 1676 2323 quo
1708 2257 1881 2308 omnia
1906 2270 2030 2323 per-

491 2358 645 2416 gunt,
678 2357 730 2399 et
766 2348 1104 2411 anticipantes
1148 2355 1325 2397 nostra
1359 2342 1574 2399 Domino
1619 2344 1837 2405 offerre,
1880 2353 1933 2396 ut
1978 2344 2030 2397 in

495 2437 816 2499 cmlestibus,
840 2447 891 2488 et
913 2444 1159 2489 aiternam
1186 2433 1367 2498 vitam,
1395 2442 1448 2486 et
1475 2435 1698 2500 quietem
1730 2441 2031 2499 perpetuam

494 2526 881 2588 indelicientes,
918 2536 1063 2575 veras
1109 2521 1318 2573 divitias
1358 2519 1576 2582 habere,
1603 2528 1758 2587 atque
1793 2519 2034 2574 obtinere

494 2629 701 2681 semper
730 2614 1012 2673 valeamus,
1037 2612 1171 2662 sicut
1198 2610 1332 2661 idem
1363 2608 1591 2661 cmlestis
1615 2607 1861 2675 Magister
1877 2606 2034 2661 disci-

494 2705 640 2769 pulos
667 2701 858 2753 docens
890 2684 1161 2765 pollicetur
1184 2714 1196 2747 :
1224 2696 1395 2750 Nolite
1420 2697 1755 2748 tltesaurizare
1777 2695 1912 2747 vobis
1932 2695 2036 2747 tlte-

493 2805 667 2840 sauros
703 2791 753 2838 in
784 2800 912 2837 terra
937 2825 951 2848 ,
985 2786 1066 2835 ubi
1116 2800 1286 2852 arrogo
1322 2794 1366 2836 et
1402 2784 1533 2834 tinea
1568 2783 1857 2847 demolitur,
1885 2793 1930 2836 et
1955 2783 2036 2837 ubi

496 2878 629 2943 {ures
658 2875 899 2940 effodiunt
918 2914 933 2936 ,
963 2882 1006 2926 et
1032 2873 1334 2924 devorantur
1361 2886 1379 2924 :
1410 2870 1736 2923 thesaurizate
1761 2878 1926 2923 autem
1954 2884 2037 2921 tto-

500 2967 571 3016 bis
600 2964 853 3017 thesauros
881 2963 931 3013 in
958 2963 1097 3014 cmlo.
1128 2960 1189 3012 Et
1216 2960 1428 3027 reliqua.
1457 2958 1653 3025 Nempe
1680 2957 2035 3011 difficillimum

502 3063 579 3104 est
603 3095 617 3117 ,
664 3061 753 3103 aut
785 3059 957 3117 grates
995 3049 1216 3111 referre,
1258 3057 1501 3112 tantaque
1543 3060 1637 3111 pro
1687 3045 1793 3099 Deo
1831 3055 2040 3112 portare
2066 3021 2109 3075 Ο

502 3151 691 3208 quanta
725 3153 816 3204 pro
847 3135 1136 3188 hominibus
1167 3135 1442 3186 miseratus
1472 3132 1685 3199 pertulit
1710 3148 1723 3193 ;
1753 3145 1870 3184 eum
1902 3141 2042 3185 esset

509 3232 754 3282 llomin‘us
786 3227 1097 3293 tuajestatis,
1128 3240 1216 3278 rex
1253 3223 1587 3291 angelorum,
1614 3223 1819 3276 emlitus
1854 3222 2042 3274 humil-

504 3323 623 3370 lima
652 3330 802 3370 terra:
829 3315 994 3382 petiit,
1021 3313 1262 3366 servilem
1288 3313 1529 3379 dignatus
1555 3312 1771 3365 induere
1797 3310 2038 3373 formam,

504 3416 687 3471 sponte
709 3419 825 3455 sese
848 3402 1112 3454 scelerata:
1136 3399 1304 3452 intulit
1329 3400 1540 3464 neci,‘et
1569 3413 1842 3465 resurgens
1863 3400 2041 3451 attenti

509 3500 672 3550 l‘atris
712 3495 949 3562 repetivit
981 3484 1198 3559 gloriam
1242 3491 1539 3556 relinquens
1577 3489 1925 3553 exemplaria,
1965 3499 2041 3552 ut,

508 3600 746 3653 mquam,
783 3585 833 3634 in
876 3582 1073 3649 vestigii
1121 3582 1302 3633 callent
1343 3579 1599 3633 iuoll‘enso
1641 3579 1771 3644 pede
1809 3592 2044 3645 gressum

513 3686 785 3736 ponamus.
817 3671 991 3737 Itaque
1019 3671 1137 3735 quia
1167 3684 1258 3735 pro
1289 3683 1371 3720 me
1413 3680 1595 3735 passus
1621 3676 1729 3725 est.
1759 3676 1811 3719 et
1838 3666 2044 3731 quidem

509 3779 570 3814 ex
604 3763 752 3814 honre
784 3759 1065 3811 voluntatis
1104 3757 1361 3809 hilaritate
1387 3770 1706 3829 qna’cnnque
1732 3768 1886 3821 supra
1917 3754 2045 3806 infra

508 3852 722 3907 dicenda
754 3861 903 3911 sunt,
934 3849 1129 3913 obtuli,
1154 3863 1255 3901 non
1285 3863 1427 3909 mea,
1458 3847 1547 3900 sed
1577 3861 1899 3913 quaecunque
1929 3853 2049 3897 sunt

517 3944 607 3996 llei
635 3951 882 4008 appetens
914 3958 925 3991 :
958 3940 1120 3991 multa
1149 3938 1385 4004 quidem,
1417 3948 1470 3989 et
1506 3939 1773 3989 innumera
1805 3936 1927 3987 mihi
1957 3936 2050 3987 do-

516 4030 658 4081 navit
702 4029 891 4096 perfrui
936 4026 1122 4093 quibus
1168 4027 1406 4093 indignus
1449 4040 1671 4078 mereor.
1713 4025 1777 4076 At
1805 4040 1934 4093 ego,
1964 4028 2048 4091 qui

515 4119 710 4186 fragilis
744 4128 977 4169 creatura
1009 4130 1120 4167 sum
1140 4156 1153 4178 ,
1185 4113 1389 4168 Ariehis
1418 4115 1636 4167 eximius
1666 4117 1903 4180 princeps
1923 4153 1936 4173 ,
1966 4127 2052 4164 ca-

514 4213 655 4261 ducae
686 4209 804 4259 vita:
835 4222 982 4258 Casus
1014 4221 1354 4270 percurrens,
1382 4217 1430 4259 et
1470 4205 1711 4273 petennis
1744 4206 2047 4257 itntunrtali-

518 4297 635 4348 tatis
664 4311 788 4361 opes
817 4294 1026 4359 adipisci
1054 4295 1298 4358 cupiens,
1327 4293 1479 4346 credo
1501 4296 1735 4359 equidem
1755 4336 1769 4357 ,
1801 4309 1893 4345 nec
1921 4306 2047 4343 vana

516 4402 605 4452 spe
632 4385 875 4436 divinitus
902 4384 1180 4449 inspiratus
1209 4384 1507 4434 consecravi
1533 4384 1700 4433 aulam
1732 4392 1829 4434 tua:
1858 4389 2046 4435 sancta:

518 4558 595 4599 tus
625 4547 831 4613 explere
861 4560 962 4598 non
996 4546 1179 4610 potuit.
1204 4547 1428 4605 Arieltis,
1454 4547 1539 4614 qui
1578 4545 1621 4598 ci
1651 4547 1922 4610 successit,
1954 4547 2048 4597 mi-

519 4617 660 4668 rifice
686 4616 805 4666 dlnd
840 4615 1087 4681 perfecit,
1134 4616 1455 4677 dilatumque
1484 4614 1816 4679 atnplissnnis
1847 4615 2051 4680 praediis

519 4698 567 4734 et
609 4687 825 4748 opibus,
870 4685 1043 4747 ibique
1083 4685 1547 4733 sanctnnozdatinm
1592 4682 1914 4741 cmuohiutn,
1948 4693 2052 4733 sta-

522 4756 643 4811 tttit,
671 4763 721 4801 et
760 4752 1024 4801 tLasittcnst
1058 4751 1371 4801 monasterio
1407 4750 1649 4815 Sttbjecit,
1686 4754 1733 4800 in
1756 4764 1919 4815 eoque
1950 4750 2051 4801 Go-

524 4826 830 4883 tnnhergant
862 4833 1096 4868 sororem
1129 4832 1273 4867 suam
1301 4833 1596 4883 germanam
1627 4818 1934 4867 abbatissam
1967 4834 2053 4865 nr-

524 4889 685 4937 dinari
718 4887 855 4937 fecit.
884 4888 995 4950 Ipse
1022 4900 1141 4935 vero
1167 4887 1402 4949 princeps
1425 4901 1540 4935 cum
1573 4885 1839 4935 invidiosis
1869 4886 2051 4948 opibus

524 4958 619 5005 hoc
660 4955 1025 5003 monasterium
1065 4953 1281 5003 ditasset
1307 4993 1319 5013 ,
1358 4968 1415 5004 se
1456 4954 1777 5003 fnudatoretn
1820 4952 2052 5017 cjnStlent

524 5037 665 5069 vocat
698 5024 746 5070 in
774 5022 1111 5071 concessione
1136 5023 1474 5081 oblatinnum,
1496 5033 1597 5071 tam
1625 5024 1871 5079 virorum,
1899 5034 2052 5083 quam

527 5101 867 5145 tuortuortnn,
892 5104 1004 5154 quae
1033 5098 1329 5139 recensetur
1353 5090 1400 5138 in
1425 5090 1621 5139 Chron.
1654 5087 1803 5153 hujus
1829 5088 2052 5140 cwnobii

528 5159 659 5222 apud
693 5172 772 5205 me
799 5172 897 5207 tus.

604 5243 619 5272 t
660 5225 711 5273 ltt
744 5224 949 5273 nomine
975 5223 1159 5287 (inquit
1186 5224 1401 5288 oblatio)
1433 5222 1632 5275 Domini
1662 5222 1748 5272 Dei
1780 5220 2057 5272 Salvatoris

532 5295 691 5343 nostri
723 5291 842 5340 ,Ιρδυ
869 5294 1053 5341 Clirtstt
1076 5328 1091 5351 ,
1124 5294 1359 5343 dominus
1389 5293 1569 5343 Archis
1599 5290 1883 5353 piissimus,
1906 5300 2059 5355 atque

536 5360 999 5425 t-xrellctmssttttus
1032 5362 1266 5422 princeps
1292 5362 1456 5425 gentis
1483 5360 1957 5423 Longiibat'tlnt'tttn,
1982 5359 2057 5406 tli-

514 5403 1236 5491 ’κιιθιιι-ωιιιίιιιίιιιέἰιιπιιιιῖ
1271 5403 1428 5477 utilem
1472 5403 1701 5477 moleste
1739 5403 2055 5476 sanctae'b'o-

540 5498 687 5560 ptum.
710 5508 859 5558 quam
881 5509 909 5541 ιι
930 5492 1273 5545 fundamentis
1297 5496 1566 5557 .tulificati,
1588 5508 1679 5555 pro
1705 5493 2057 5556 redemptione

542 5574 739 5612 λειω-ιω
770 5562 911 5620 vitm,
944 5575 1033 5612 seu
1055 5602 1068 5625 ,
1113 5574 1203 5626 pro
1236 5564 1518 5614 salvatione
1555 5561 1720 5626 gentis
1756 5569 1943 5612 nostra:
1967 5602 1982 5625 ,
2009 5571 2060 5612 et

2083 4337 2126 4393 D

2122 1836 2284 1887 usque
2311 1823 2361 1873 in
2391 1821 2682 1875 Straslilum
2715 1821 2849 1873 inter
2884 1820 2988 1872 duo
3017 1828 3164 1881 tora;
3202 1827 3251 1871 et
3283 1833 3373 1885 per
3396 1819 3637 1871 Carbona-

2124 1911 2253 1963 rium
2286 1911 2350 1963 de
2380 1913 2591 1974 Oseulo,
2620 1926 2787 1979 usque
2814 1912 2865 1964 in
2906 1910 3058 1965 finem
3101 1913 3169 1965 de
3204 1924 3340 1964 novo
3381 1910 3640 1972 Frontino;

2124 1999 2191 2052 de
2218 1999 2315 2050 alia
2344 2013 2469 2051 vero
2498 2009 2641 2064 parte
2671 2000 2894 2066 primum
2935 2013 3030 2067 per
3056 2000 3192 2053 viam
3222 1998 3477 2065 publicam
3505 2012 3645 2067 usque

2124 2086 2187 2139 ad
2214 2088 2425 2140 ﬂuvium
2448 2087 2738 2140 Calabium.
2765 2087 2963 2141 Deinde
2985 2102 3149 2155 usque
3174 2087 3225 2140 in
3251 2086 3541 2149 terminum,
3569 2087 3643 2153 qui

2125 2174 2314 2227 dicitur
2341 2190 2367 2225 a
2400 2174 2575 2226 Latre.
2606 2174 2674 2226 Ea
2703 2174 2940 2227 concessi
2967 2175 3206 2242 equidem
3237 2182 3433 2227 sancta:
3458 2172 3646 2241 Sophia».

2128 2267 2464 2321 monasterio.
2498 2267 2659 2320 Porro
2697 2280 2833 2320 casm
2867 2277 3085 2319 numero
3113 2266 3194 2320 hac
3222 2276 3367 2318 sunt.
3394 2265 3518 2318 Casa
3545 2280 3646 2333 qua-

2129 2357 2321 2425 regitttr
2367 2371 2458 2425 per
2508 2356 2898 2409 Mattrissionem
2947 2370 3063 2408 cum
3112 2369 3307 2418 uxore,
3354 2362 3405 2407 et
3442 2352 3649 2416 filds,et

2129 2447 2369 2498 omnibus
2409 2444 2506 2497 sibi
2546 2444 2929 2511 pertinentibus
2972 2460 2985 2495 :
3026 2458 3143 2496 casa
3183 2457 3302 2511 quae
3341 2443 3531 2509 regitur
3571 2455 3650 2508 per

2134 2533 2507 2587 Francoaldum
2531 2545 2648 2584 cum
2676 2544 2870 2594 uxore,
2893 2538 2945 2581 ct
2974 2530 3090 2581 filiis
3116 2530 3215 2582 sibi
3249 2529 3607 2596 pertinentibus
3636 2545 3649 2577 :

2132 2635 2249 2674 casa
2278 2636 2393 2687 qute
2421 2619 2616 2686 regitur
2640 2633 2730 2684 per
2759 2619 3060 2671 Anselmum
3088 2630 3210 2670 eum
3242 2630 3421 2679 uxore,
3450 2624 3503 2670 et
3528 2614 3651 2677 filiis,

2133 2715 2186 2759 et
2210 2706 2452 2759 omnibus
2480 2704 2577 2757 sibi
2613 2704 3020 2771 pertinentibus;
3049 2718 3168 2757 casa
3211 2718 3329 2768 qua:
3366 2704 3552 2769 regitur
3575 2716 3655 2768 per

2137 2792 2457 2846 Ferrandum
2488 2806 2606 2844 cum
2649 2788 2896 2844 Germani
2938 2801 2989 2845 et
3026 2790 3304 2851 uxoribus,
3345 2799 3398 2843 et
3434 2789 3573 2850 ﬁliis,
3607 2798 3656 2841 et

2136 2879 2378 2929 omnibus
2424 2887 2605 2930 eorum
2639 2863 2654 2927 ἶ
2696 2889 2815 2929 casa
2852 2892 2967 2945 qua
3007 2879 3203 2944 regitur
3243 2891 3337 2943 per
3374 2876 3654 2930 Sealconem

2090 3018 2106 3037 ,
2137 2982 2253 3020 cum
2286 2966 2477 3031 uxore,
2508 2974 2561 3019 et
2588 2967 2705 3018 liliis
2730 2969 2858 3032 suis,
2887 2977 2940 3019 et
2967 2966 3208 3018 ol‘nnibus
3234 2965 3333 3018 sibi
3363 2964 3657 3030 pertinenti-

2142 3067 2236 3107 bus
2269 3072 2281 3107 :
2313 3070 2429 3108 casa
2462 3071 2577 3121 qnte
2619 3055 2817 3121 regitur
2847 3072 2935 3121 per
2962 3054 3223 3109 Vimulum
3251 3068 3368 3107 cum
3409 3069 3589 3117 uxore,
3611 3062 3659 3106 et

2143 3144 2264 3197 filiis
2283 3186 2298 3211 ,
2326 3153 2379 3196 et
2408 3145 2649 3195 omnibus
2678 3145 2771 3195 sibi
2820 3144 3219 3211 pertinentibus.
3262 3142 3322 3196 Ili
3352 3155 3525 3195 omnes
3552 3155 3656 3193 eum

2143 3231 2420 3286 mobilibus
2440 3270 2457 3296 ,
2483 3242 2640 3298 atque
2671 3231 3049 3293 immobilibus,
3080 3240 3133 3281 et
3163 3231 3367 3297 pascuis
3388 3268 3402 3292 ,
3430 3237 3482 3282 et
3506 3230 3660 3282 omni-

2143 3322 2238 3372 bus
2268 3320 2365 3373 sibi
2399 3319 2805 3385 pertinentibus,
2834 3319 2920 3388 qui
2948 3318 3156 3373 fuerunt
3184 3319 3250 3372 de
3281 3319 3524 3386 judicaria
3568 3317 3657 3369 l-‘o-

2147 3408 2309 3461 roaldi
2356 3423 2499 3461 mare
2548 3411 2688 3476 pazis
2737 3418 2944 3471 nostro;
2994 3422 3195 3461 necnon
3247 3408 3461 3461 ecclesia
3512 3405 3660 3458 sancti

2144 3494 2345 3547 Abundi
2372 3535 2387 3557 ,
2417 3509 2530 3561 qua:
2565 3494 2659 3546 sita
2701 3504 2779 3548 est
2822 3494 2870 3546 in
2901 3494 3017 3561 galo
3057 3504 3237 3547 nostro
3264 3492 3437 3545 Paline
3462 3510 3474 3543 :
3503 3505 3659 3544 nosura

2144 3596 2267 3635 vero
2295 3590 2524 3649 potestas
2554 3584 2689 3637 circa
2732 3582 2894 3649 ipsam
2931 3582 3200 3634 ecclesiam
3231 3580 3483 3632 concessit
3521 3581 3659 3631 terri-

2147 3675 2333 3726 torium
2378 3674 2429 3723 in
2460 3680 2653 3724 sancta:
2680 3668 2890 3735 Sepbiae
2921 3670 3237 3721 monasterio
3268 3669 3546 3721 modiorum
3573 3669 3661 3719 duo

2147 3772 2298 3814 eenta
2334 3778 2347 3811 :
2377 3772 2578 3812 necnon
2610 3768 2663 3811 et
2688 3758 2907 3811 ecclesia
2948 3758 3111 3809 sancti
3146 3756 3415 3820 Mercurii,
3448 3771 3554 3821 qum
3578 3768 3663 3820 po-

2124 3851 2243 3921 .sita
2273 3859 2352 3902 est
2383 3850 2433 3900 in
2459 3847 2584 3915 jano
2618 3856 2824 3908 nostro;
2856 3854 2908 3897 et
2945 3845 3011 3897 de
3053 3845 3166 3910 ipso
3196 3843 3324 3909 jano
3356 3845 3489 3896 circa
3518 3841 3662 3909 ipsam

2147 3940 2421 3993 ecclesiam
2451 3937 2818 4005 largitisumus
2842 3944 3029 3987 terram
3058 3933 3349 3985 modiorum
3370 3934 3661 3999 quingenta:

2149 4030 2238 4081 sed
2270 4036 2322 4081 et
2361 4026 2632 4078 ecclesiam
2663 4035 2855 4076 saneta
2886 4023 3179 4089 Reparatae,
3210 4037 3328 4090 qua:
3355 4022 3404 4075 in
3431 4024 3535 4089 ipso
3552 4020 3662 4087 jano

2152 4116 2312 4181 posita
2340 4121 2440 4177 est,
2473 4121 2775 4179 potestatem
2799 4110 3059 4163 concessit
3084 4110 3131 4161 in
3157 4109 3468 4161 monasterio
3494 4116 3662 4161 sancta:

2152 4202 2357 4268 Sophim
2384 4200 2643 4254 territoria
2682 4196 2975 4264 modiorum
3003 4207 3212 4249 centum
3247 4215 3257 4247 :
3293 4208 3490 4249 necnon
3514 4201 3564 4247 et
3582 4206 3658 4246 ec-

2152 4291 2361 4343 clesiam
2386 4288 2549 4340 sancti
2574 4286 2763 4353 Magni,
2784 4299 2901 4353 qua
2925 4284 3173 4338 :edilicata
3198 4294 3279 4337 est
3302 4285 3351 4335 in
3369 4284 3488 4349 jano
3505 4290 3661 4333 nostro

2152 4379 2380 4441 Noccto,
2414 4388 2466 4430 et
2509 4377 2649 4430 circa
2698 4377 2863 4442 ipsam
2909 4375 3180 4428 ecclesiam
3229 4373 3397 4439 largiti
3434 4370 3659 4425 sumusin

2153 4551 2358 4615 patriae,
2384 4550 2675 4602 oblatidnes
2698 4562 2906 4618 omnes,
2937 4558 3043 4601 tam
3089 4550 3325 4599 vivorum
3359 4562 3506 4615 quam
3527 4545 3658 4618 etiam

2153 4627 2495 4677 mortuorum,
2526 4633 2640 4684 qua:
2668 4620 2717 4668 itt
2750 4617 2933 4671 eodem
2964 4618 3307 4684 monasterio,
3333 4632 3359 4667 a
3385 4625 3658 4681 quocunque

2155 4686 2416 4738 hominum
2446 4682 2637 4751 genere
2661 4686 2792 4737 data:
2812 4724 2827 4748 ,
2852 4698 2941 4736 seu
2969 4685 3156 4737 oblatae
3189 4682 3420 4744 fuerunt,
3456 4697 3539 4751 seu
3556 4694 3657 4751 out-

2154 4769 2246 4805 nes
2279 4748 2516 4805 homin-cs
2554 4755 2706 4813 illos,
2752 4754 2836 4814 qui
2882 4763 3125 4817 tanquam
3175 4767 3259 4817 res
3308 4766 3431 4802 suas
3476 4748 3660 4800 lide‘iter

2155 4821 2469 4873 monasterio
2506 4821 2759 4881 offerunt,
2803 4824 2912 4871 tunc
2950 4820 3121 4870 omnia
3156 4820 3472 4871 mooastcxio
3498 4824 3659 4867 sancta

2154 4887 2358 4951 Sopltiu:
2400 4891 2752 4940 concessimus
2798 4886 3129 4953 possidenda.
3176 4888 3326 4950 Quod
3376 4893 3655 4953 prmccpltttl

2154 4950 2428 5007 oblationis
2458 4971 2518 5007 ex
2556 4950 2818 5022 iussione,
2856 4962 2911 5006 et
2952 4954 3147 5006 dictum
3193 4964 3385 5005 nmine
3425 4950 3658 5022 potestatis

2156 5024 2337 5091 scripsi
2368 5040 2464 5091 ego
2494 5016 2717 5076 Evaldus
2748 5016 2996 5074 notarius.
3024 5049 3093 5060 —
3119 5024 3307 5074 Actum
3343 5016 3597 5074 lleneventi
3617 5016 3657 5068 in

2157 5090 2457 5143 felicissimo
2498 5091 2687 5156 palatio
2729 5092 2779 5141 in
2824 5105 2962 5142 anno
3004 5091 3208 5141 decimo
3247 5093 3467 5157 septimo
3510 5098 3659 5139 mense

2157 5159 2431 5211 Novembri
2466 5174 2555 5222 pro
2585 5160 2689 5211 ind.
2722 5174 2808 5210 xm
2837 5157 3070 5211 feliciter.
3097 5175 3115 5205 ι
3136 5183 3200 5193 -—
3220 5157 3308 5209 Est
3330 5160 3659 5211 documenti-

2154 5242 2290 5277 anno
2310 5229 2493 5279 salutis
2522 5228 2637 5280 774.
2666 5228 2866 5277 Arichis
2889 5226 3207 5290 principatus
3234 5227 3309 5277 17,
3341 5235 3659 5290 cumregnare

2156 5296 2545 5356 cmpissctanno
2564 5295 2681 5355 758,
2708 5294 2989 5345 Februario
3012 5307 3210 5345 mense.
3234 5298 3282 5343 En
3300 5295 3476 5343 eadem
3492 5294 3654 5343 Chron.

2158 5366 2330 5425 plures
2364 5366 2565 5416 Aricltis
2594 5364 2903 5413 donationes
2943 5361 3109 5412 eidem
3151 5372 3465 5412 nmnastet'to
3502 5361 3651 5410 librtas

2159 5432 2348 5483 lissinte
2384 5434 2528 5481 factm
2580 5434 2819 5497 leguntur
2848 5446 2857 5477 :
2890 5442 2950 5497 ex
2990 5431 3051 5479 iis
3108 5444 3209 5493 pra:
3244 5437 3447 5478 cuitu-Ls
3479 5426 3651 5494 ampli?

2159 5501 2346 5550 simam
2376 5500 2555 5549 eodem
2584 5516 2718 5550 anno
2744 5496 3012 5563 clargitatn
3046 5497 3127 5548 hic
3158 5496 3478 5549 exhibemus.
