3820 6236
142 403 240 458 liii

1142 392 1530 447 DIPLOMM‘A
1574 387 1848 443 ECCLES.
1901 388 2232 446 SEI.ECTA.

3163 393 3183 444 l
3205 396 3298 449 F32

142 511 405 569 monasterio
419 518 609 565 sanctae
637 508 846 578 Sophia:
869 518 1059 563 terram
1083 509 1372 562 modiorum
1399 516 1642 560 centum:
1677 508 1722 562 Λ
1751 512 1908 557 tatem
1940 505 2356 560 Beneventanum
2404 521 2561 574 prope
2597 516 2834 560 sanctum
2869 507 3078 560 Paulum
3099 545 3114 568 ,
3145 525 3299 575 quam

143 609 345 670 quantum
381 599 644 667 presbyter
693 598 854 666 ipsius
907 596 1179 658 ecclesiae.
1228 597 1425 664 absque
1474 595 1646 660 palatii

144 689 443 745 concessione
471 687 698 741 tenebat.
732 687 834 740 Sed
875 697 926 740 et
962 687 1244 741 ecclesiam
1287 685 1452 740 sancti
1494 684 1648 738 Joan-

144 783 234 840 ais,
259 793 360 842 qum
383 776 588 830 fundata
611 788 690 830 est
716 778 767 830 in
788 777 895 844 jalo
916 785 1096 830 nostro
1117 791 1236 830 casa
1261 775 1489 838 Polluci;
1514 773 1651 827 etab

139 870 227 931 ipsa
258 865 462 920 ecclesia
505 866 676 928 largiti
720 879 901 918 sumus
943 867 994 918 in
1039 863 1415 917 monasterium
1453 869 1652 914 sauctte

142 953 315 1021 Sophia:
339 952 671 1013 territorium,
707 952 804 1006 hoc
832 961 913 1007 est
935 953 1000 1004 ab
1030 955 1136 1020 ipsa
1167 952 1388 1006 ecclesia
1416 952 1466 1005 in
1498 953 1655 1005 fluvio

145 1042 325 1094 Fertore
344 1080 357 1101 ,
392 1039 473 1090 tibi
506 1038 730 1092 Vaccina
763 1037 957 1092 flumen
985 1053 1042 1093 se
1069 1040 1356 1107 conjungit,
1379 1048 1433 1093 et
1459 1039 1526 1092 de
1555 1041 1655 1090 alio

145 1134 279 1182 latere
314 1136 556 1193 quantum
602 1127 838 1179 clausum
878 1129 1070 1180 habere
1118 1129 1343 1190 videtur,
1383 1137 1436 1181 et
1479 1128 1656 1180 vineas

143 1232 237 1284 qute
262 1216 438 1270 ibidem
471 1216 652 1284 positze
679 1226 803 1269 sunt
837 1237 847 1267 ;
879 1232 1081 1270 necnon
1104 1226 1157 1268 et
1179 1217 1455 1271 ecclesiam
1486 1216 1652 1267 sancti

146 1305 326 1370 Angeli,
351 1317 502 1370 quam
533 1303 797 1356 aedificare
824 1306 1173 1370 prtecepinius
1217 1307 1267 1357 in
1309 1305 1426 1358 loco
1460 1307 1545 1372 qui
1579 1305 1655 1357 di-

145 1394 252 1464 citur
275 1389 593 1455 Altissimus,
626 1399 681 1444 et
721 1406 784 1444 ex
826 1393 938 1459 ipso
965 1393 1083 1462 galo
1110 1393 1250 1446 circa
1293 1393 1457 1459 ipsam
1488 1395 1657 1447 eccle-

145 1483 248 1536 siam
275 1479 433 1548 largiti
461 1493 645 1533 sumus
677 1480 727 1532 in
755 1480 1072 1534 monasterio
1092 1492 1287 1534 sancta:
1313 1480 1525 1546 Sophia:
1553 1487 1659 1532 ter-

150 1569 354 1622 ritorium
381 1568 708 1636 longitudine
737 1568 978 1622 milliaria
1000 1571 1103 1622 duo
1123 1608 1138 1632 ,
1172 1569 1444 1623 latitudine
1483 1577 1656 1621 autem

151 1673 304 1721 unum,
325 1667 374 1710 et
393 1656 746 1711 concessimus
768 1659 818 1710 in
843 1659 1108 1711 nominato
1130 1660 1449 1713 monasterio
1465 1646 1660 1711 sanctze

149 1745 325 1810 Sophim
350 1746 632 1799 condomas
661 1744 693 1796 4
722 1760 785 1799 ex
827 1746 941 1812 ipso
977 1746 1220 1802 Galaldo.
1253 1748 1460 1803 Necnon
1490 1749 1660 1803 eccle—

1749 590 2068 647 Trasoaldus
2112 593 2339 649 clericus
2384 590 2655 663 poSsidere
2700 597 2842 649 visus
2896 596 3028 661 fuit,
3073 607 3126 650 et
3167 596 3304 651 sicut

1750 694 1945 737 sortem
1983 669 2131 739 suam
2182 686 2294 752 ipse
2334 685 2653 739 Trasoaldus
2694 685 2746 738 in
2796 688 3044 753 praedicta
3084 687 3304 741 ecclesia

1751 772 1935 826 obtulit
1966 775 2146 838 nobis,
2177 783 2230 828 et
2268 775 2410 842 quod
2439 776 2505 829 ad
2537 783 2767 828 nostram
2795 777 3044 842 pertinuit
3075 787 3306 843 potesta-

1753 871 1857 914 tem
1877 902 1890 924 ,
1924 863 2086 928 ipsam
2116 862 2394 917 ecclesiam
2425 879 2543 918 cum
2573 863 2814 917 omnibus
2861 865 2956 917 sibi
2996 867 3308 930 pertinenti-

1756 950 1849 1003 bus
1872 951 2191 1004 monasterio
2211 960 2407 1005 sancta:
2426 952 2635 1020 Sophia:
2658 954 3015 1007 concessimus
3036 954 3310 1021 perfruen-

1754 1039 1892 1091 dam.
1936 1038 2042 1092 Nec
2085 1053 2186 1092 non
2233 1047 2285 1091 et
2326 1040 2603 1092 ecclesiam
2640 1049 2836 1092 sancta:
2871 1040 3112 1108 Sophim,
3153 1057 3307 1110 quant

1755 1123 1985 1178 Garobin
2016 1126 2176 1178 abbas
2205 1141 2232 1178 a
2265 1126 2617 1180 fundamentis
2647 1128 2957 1193 mdificavit,
2992 1130 3078 1183 ubi
3107 1139 3159 1183 et
3188 1145 3310 1183 om-

1757 1230 1849 1266 nes
1880 1213 2150 1275 facultates
2178 1230 2302 1268 suas
2331 1211 2634 1279 obtulit,‘et
2663 1217 2813 1270 nobis
2841 1217 3133 1272 offertionis
3153 1218 3312 1274 char-

1759 1302 1918 1356 tulam
1951 1301 2191 1366 tradidit,
2221 1311 2278 1355 ut
2305 1304 2358 1356 in
2390 1314 2568 1356 nostro
2599 1313 2740 1358 esset
2769 1305 2990 1360 arbitrio
3013 1307 3315 1375 judicandi;

1761 1401 1935 1443 nostra
1962 1405 2086 1444 vero
2115 1400 2348 1456 potestas
2373 1394 2691 1446 monasterio
2725 1406 2923 1449 sancta:
2948 1395 3156 1465 Sophia:
3180 1411 3313 1451 cono

1763 1480 1986 1532 firmavit
2026 1479 2394 1548 pos—idendam
2428 1497 2441 1532 :
2474 1496 2675 1536 necnon
2725 1494 2776 1537 et
2823 1485 3101 1538 ecclesiam
3151 1487 3318 1541 sancti

1761 1569 2019 1638 Gregorii,
2045 1585 2201 1637 quam
2235 1556 2480 1624 Felicitas
2509 1572 2693 1625 ancilla
2722 1573 2924 1626 Domini
2952 1589 2978 1626 a
3012 1573 3319 1630 fundamen-

1763 1657 1828 1711 tis
1856 1659 2166 1721 acdificavit,
2197 1669 2250 1713 et
2279 1673 2372 1729 per
2398 1673 2546 1714 suam
2577 1661 2868 1715 chartulam
2897 1678 3080 1718 omnes
3106 1663 3320 1718 faculta-

1767 1755 1845 1799 tes
1870 1759 1994 1799 suas
2024 1746 2195 1799 eidem
2226 1748 2464 1801 ecclesiae
2491 1748 2697 1812 obtulit,
2725 1758 2777 1802 et
2799 1764 2863 1804 eo
2883 1751 3019 1818 quod
3047 1751 3110 1804 ad
3136 1765 3321 1804 manus

152 1839 260 1888 siam
309 1837 465 1889 sancti
505 1835 751 1901 Martini,
796 1853 909 1904 quae
946 1839 1110 1906 posita
1150 1849 1232 1893 est
1275 1839 1328 1893 in
1368 1842 1578 1905 Μοιοιο,
1608 1845 1657 1894 in
1696 1815 1738 1872 Β
1769 1845 1962 1887 nosne
1984 1833 2260 1901 potestatis
2282 1835 2802 1901 pertinuit,eamdem
2822 1839 3096 1892 ecclesiam
3123 1849 3317 1893 sancta:

155 1936 309 1978 nostro
336 1926 624 1987 territorio,
658 1926 742 1978 ubi
766 1926 970 1980 Maurus
1000 1929 1271 1999 presbyter
1298 1930 1482 1998 sedere
1505 1933 1662 1984 vide-

155 2027 242 2077 πυτ,
264 2029 374 2068 cum
399 2017 640 2070 omnibus
665 2017 762 2072 sibi
791 2020 1202 2084 pertinentibus,
1229 2015 1363 2076 sicut
1407 2023 1517 2089 ipse
1548 2039 1662 2091 pre-

151 2105 301 2173 sbyter
326 2118 410 2170 per
443 2119 585 2157 suam
612 2108 845 2160 chartam
885 2123 1092 2162 omnem
1123 2122 1469 2179 conquestum
1510 2128 1661 2169 suum

152 2203 315 2244 sancta:
340 2191 543 2259 Sophia:
570 2197 891 2248 monasterio
924 2197 1135 2250 tradidit
1161 2215 1171 2249 :
1196 2197 1437 2252 similiter
1459 2209 1514 2254 et
1539 2202 1661 2255 sub-

155 2281 370 2333 stantiam
414 2293 525 2347 que
555 2282 653 2335 sub
702 2293 883 2336 nostro
929 2284 1123 2351 palatio
1166 2287 1446 2354 supradicti
1497 2292 1664 2344 sancti

157 2367 328 2421 Ilartini
366 2368 598 2422 ecclesia:
635 2372 866 2426 tradidit.
908 2372 1149 2428 Nostram
1191 2391 1314 2430 vero
1352 2389 1664 2446 potestatem

156 2452 340 2504 omnino
363 2451 444 2503 hic
469 2453 519 2504 iu
543 2463 741 2508 sancta:
766 2457 976 2525 Sophia:
1002 2463 1322 2516 monasterio
1345 2464 1668 2519 firmabitnus

157 2542 483 2604 possidendam
505 2581 522 2604 ,
562 2555 615 2596 et
653 2548 1007 2600 concessimus
1047 2554 1315 2606 nominato
1343 2567 1536 2608 saneta:
1570 2555 1669 2609 So-

159 2631 272 2694 phia:
317 2633 630 2686 monasterio
669 2649 735 2687 ex
790 2636 904 2704 ipso
944 2638 1063 2706 galo
1109 2639 1300 2694 Motula
1350 2643 1666 2700 territorium

159 2718 366 2771 milliaria
405 2720 702 2776 duodecim.
735 2722 944 2779 Necnon
984 2736 1037 2780 et
1066 2730 1339 2784 ecclesiam
1374 2735 1540 2786 sancti
1575 2735 1670 2786 Ar-

155 2810 362 2878 cbangeli
383 2851 398 2875 ,
426 2826 540 2878 quae
569 2813 669 2866 sita
693 2823 775 2868 est
803 2816 852 2869 in
877 2818 994 2886 galo
1022 2821 1185 2873 nostri
1218 2821 1426 2890 palatii,
1455 2834 1508 2877 et
1537 2839 1667 2878 con-

158 2897 419 2960 stituimus,
450 2908 606 2967 atque
632 2905 990 2959 concessimus
1015 2916 1212 2962 sancta:
1237 2910 1448 2979 Sophia:
1475 2911 1526 2965 in
1558 2913 1672 2980 ipso

161 2990 257 3040 loco
280 2989 485 3053 Cortes,
511 2999 566 3044 et
605 2992 889 3047 condomas
935 3011 1024 3050 sex
1063 3012 1184 3053 cum
1222 3014 1414 3065 uxore,
1459 2989 1513 3054 et
1555 3003 1673 3056 filiis

160 3077 271 3131 suis.
296 3079 529 3143 Necnon.
567 3091 622 3135 et
660 3097 723 3135 ex
755 3085 870 3152 ipso
911 3087 1031 3155 galo
1079 3090 1396 3144 territorium
1430 3092 1670 3145 milliaria

161 3185 338 3226 novem.
369 3174 466 3228 Sed
496 3182 551 3227 et
571 3175 847 3228 ecclesiam
887 3177 1050 3230 sancti
1091 3177 1345 3246 Stephani
1375 3191 1672 3248 protomar-

162 3261 272 3326 tyris
289 3275 393 3328 qua:
422 3260 589 3330 posita
629 3271 712 3315 est
748 3263 798 3315 in
828 3265 1032 3329 strada,
1064 3281 1219 3332 quam
1249 3267 1428 3322 [limus
1455 3269 1615 3323 abbas
1645 3284 1674 3324 a

162 3347 480 3406 fundamentis
507 3350 807 3413 adificavit,
829 3363 878 3406 et
903 3369 994 3421 per
1013 3368 1160 3407 suam
1186 3355 1476 3410 chartulam
1509 3359 1671 3422 ipsam

159 3439 403 3494 ecclesiam
432 3457 548 3495 cuni
581 3443 825 3497 omnibus
853 3443 951 3498 sibi
985 3446 1385 3512 pertinentibus,
1415 3460 1678 3503 monaste-

163 3536 232 3587 rio
271 3547 451 3591 sancta:
493 3538 708 3606 Sophia:
755 3540 994 3602 tradidit,
1041 3551 1219 3595 nostra
1271 3557 1398 3597 vero
1449 3553 1678 3611 potestas

160 3625 314 3676 omnia
341 3625 388 3678 in
411 3628 729 3682 monasterio
747 3637 940 3682 sanctrc
960 3629 1170 3698 Sophim
1195 3631 1454 3693 ﬁrmavit;
1479 3641 1532 3686 et
1555 3648 1678 3687 con-

164 3713 303 3766 cessit
327 3715 618 3781 supradicto
649 3727 843 3770 sancta:
869 3717 1081 3786 Sophia:
1119 3719 1434 3772 monasterio
1473 3719 1537 3773 de
1561 3721 1680 3788 gan

165 3813 323 3854 nostro
359 3805 676 3860 territorium
696 3845 712 3868 .
758 3807 958 3862 scilicet
986 3808 1124 3876 quod
1156 3820 1232 3864 est
1260 3824 1414 3874 supra
1443 3821 1677 3863 sanctum

161 3889 483 3958 Stephanum,
515 3911 684 3964 usque
720 3897 772 3949 in
810 3898 964 3950 aliam
996 3902 1129 3952 viam
1170 3887 1427 3967 publicam
1452 3942 1465 3963 ,
1513 3911 1564 3952 et
1591 3916 1684 3967 per

165 3980 348 4049 longam
375 3997 531 4052 usque
552 3986 603 4038 in
624 3986 800 4040 strada
823 3991 1108 4051 malorena,
1125 3990 1213 4055 qui
1242 3991 1380 4042 vadit
1407 3992 1455 4043 in
1481 4001 1682 4044 torren-

164 4081 278 4123 tem.
314 4072 373 4125 Et
411 4078 768 4130 concessimus
809 4078 860 4130 in
891 4080 1219 4135 .monasterio
1251 4082 1518 4132 nominato
1552 4096 1681 4134 con-

160 4157 348 4212 dnmam
371 4174 598 4217 nostram
630 4167 681 4217 in
711 4165 898 4229 Canni,
930 4167 977 4218 id
999 4177 1080 4219 est
1109 4182 1228 4221 cum
1260 4181 1422 4220 uxore
1441 4209 1455 4228 ,
1486 4178 1537 4220 et
1565 4183 1680 4220 om-

161 4246 300 4298 nibus
326 4249 419 4302 sibi
451 4252 872 4319 pertinentibus:
903 4268 1102 4307 necnon
1129 4265 1181 4307 et
1209 4256 1484 4309 ecclesiam
1517 4257 1683 4310 sancti

161 4335 348 4402 Angeli,
369 4347 419 4390 et
445 4338 616 4392 Maria:
635 4380 649 4400 ,
681 4356 798 4408 qua:
829 4343 996 4408 posita
1036 4351 1116 4395 est
1159 4341 1208 4394 in
1234 4343 1353 4410 galo
1376 4352 1554 4396 nostro
1580 4344 1686 4396 Ma-

1763 1921 1970 1989 Sophice
1997 1935 2115 1976 cum
2158 1923 2399 1975 omnibus
2440 1923 2539 1976 sibi
2581 1924 2960 1991 pertinentibus
2990 1925 3318 1979 confirmavit

1767 2009 2153 2076 possidendam.
2195 2010 2566 2066 Concessimus
2592 2012 2748 2065 etiam
2778 2016 3095 2068 monasterio
3121 2025 3317 2070 sancta:

1767 2098 1974 2167 Sophia:
1997 2098 2360 2164 substantiam,
2377 2113 2489 2166 quae
2512 2098 2606 2152 fuit
2622 2099 2853 2154 Craderii
2877 2100 2987 2166 lilii,
3003 2118 3156 2171 quam
3181 2103 3279 2171 legi
3297 2131 3312 2142 ο

1770 2188 1863 2242 bus
1888 2202 1982 2257 per
2002 2189 2205 2255 culpam
2231 2202 2378 2241 suam
2408 2187 2648 2255 perdidit,
2675 2204 2738 2242 eo
2761 2191 2895 2257 quod
2920 2202 3098 2245 contra
3120 2202 3312 2245 statum
3355 2180 3361 2186 ’

1768 2277 2173 2346 aniinumlforte
2221 2276 2476 2348 nostrum]
2522 2278 2826 2332 consiliatus
2873 2289 2974 2343 est,
3029 2290 3080 2333 et
3109 2279 3311 2334 furatus

1770 2374 1852 2418 est
1883 2365 2031 2418 uobis
2071 2365 2254 2419 decem
2303 2365 2468 2418 millia
2495 2365 2692 2419 solidos
2731 2366 2797 2421 de
2826 2367 3012 2434 quibus
3043 2382 3175 2425 unus
3224 2383 3320 2421 nec

1771 2456 2062 2520 comparuit
2097 2471 2110 2508 :
2135 2465 2186 2513 et
2219 2469 2312 2521 pro
2341 2455 2422 2508 his
2443 2455 2644 2508 duabus
2669 2455 2879 2523 perfidis
2906 2455 3147 2520 offensis,
3173 2458 3323 2524 equi-

1773 2547 1888 2598 dem
1921 2546 2211 2598 substantia
2250 2545 2314 2598 ad
2357 2557 2548 2598 nosmc
2589 2547 2856 2612 potestatis
2899 2561 3107 2600 tuauutn
3145 2563 3324 2613 perve-

1775 2635 1868 2687 nit.
1920 2635 2095 2703 Itaque
2134 2636 2254 2687 dtun
2304 2635 2503 2703 legibus
2544 2635 2608 2687 ad
2651 2650 2747 2688 nos
2782 2637 3046 2702 pervenit,
3077 2635 3326 2701 prtedicto

1777 2727 2095 2778 monasterio
2121 2728 2317 2778 sancire
2346 2726 2555 2793 Sophia:
2584 2716 2838 2794 integrum
2869 2727 3125 2779 concessit
3155 2727 3323 2793 possi-

1774 2816 2024 2886 dendum,
2056 2829 2259 2879 servos,
2291 2827 2342 2868 et
2372 2814 2605 2880 ancillas,
2634 2816 2903 2870 unive'sas
2931 2827 3124 2881 sortes,
3152 2829 3324 2878 casas,

1777 2920 2020 2972 campos,
2054 2914 2198 2973 prata
2218 2945 2231 2966 ,
2263 2902 2552 2969 territorii,
2584 2904 2770 2970 silvas,
2803 2919 2983 2972 agros,
3015 2903 3246 2968 mobilia,
3274 2916 3328 2956 et

1778 2994 2105 3058 immobilia,
2158 3007 2378 3062 qumque
2434 2993 2648 3047 haberet
2701 2997 2997 3048 nominatus
3045 2993 3327 3048 Graderius

1779 3084 2057 3152 pratdictus
2092 3100 2106 3136 :
2153 3083 2245 3136 sed
2281 3093 2335 3136 et
2376 3083 2720 3136 substantiam
2761 3085 2993 3152 germani
3041 3085 3321 3151 equidem,

1777 3177 1863 3244 qui
1892 3191 2012 3232 cum
2056 3176 2172 3246 ipso
2215 3175 2594 3231 familiaritates
2621 3187 2802 3230 contra
2831 3185 3066 3230 nostrum
3095 3176 3324 3228 animum

1775 3275 1859 3322 est
1880 3267 2214 3330 consiliatus;
2237 3277 2290 3322 et
2313 3282 2406 3336 pro
2429 3267 2532 3320 alia
2555 3268 2726 3334 culpa,
2751 3269 2887 3334 «ιιιοά
2914 3281 3129 3320 uxorem
3151 3279 3323 3326 suam,

1779 3358 1990 3411 nomine
2032 3357 2356 3425 Simpliciam
2381 3371 2582 3426 ,-quam
2631 3355 2680 3408 in
2721 3357 2890 3410 medio
2935 3355 3096 3408 nostri
3128 3355 3324 3423 palatii.

1777 3446 1892 3499 sine
1921 3444 2071 3514 culpa
2115 3445 2373 3500 occidisse
2402 3445 2541 3498 visus
2586 3454 2695 3510 est;
2735 3444 2870 3498 unde
2911 3459 3004 3512 pro
3040 3445 3148 3511 ipsa
3175 3443 3326 3510 culpa

1780 3535 1961 3589 debuit
1987 3548 2307 3602 componere
2333 3534 2617 3588 secundum
2650 3534 2816 3602 legem
2839 3533 3036 3587 solidos
3057 3533 3202 3587 mille
3230 3533 3328 3586 duo

1777 3631 1990 3686 centes,
2031 3633 2083 3696 et
2124 3630 2340 3690 propter
2381 3630 2486 3674 tam
2529 3623 2758 3687 iniquum
2804 3622 3114 3680 consilium,
3154 3621 3328 3674 omnis

1780 3713 2069 3766 substantia
2117 3713 2316 3780 legibus
2355 3713 2420 3766 ad
2470 3723 2697 3766 nostrain
2743 3713 2951 3766 devenit
2982 3721 3322 3780 potestatem;

1783 3811 1959 3855 nostra
1993 3817 2120 3855 vero
2149 3812 2378 3870 potestas
2415 3804 2629 3856 omnino
2673 3801 2867 3870 integra
2888 3841 2902 3861 .
2930 3817 3046 3854 eam
3085 3796 3349 3854 substaoJ

1782 3891 1904 3943 tiam
1925 3931 1940 3952 ,
1970 3899 2218 3956 quantum
2252 3890 2363 3957 ipse
2395 3890 2659 3956 possidere
2684 3889 2821 3942 visus
2849 3890 2958 3949 fuit,
2989 3890 3038 3941 in
3065 3895 3328 3940 monaste-

1786 3980 1865 4032 rio
1901 3989 2095 4031 sanetae
2138 3978 2345 4044 Sepbiu:
2389 3977 2743 4030 concessimus
2784 3976 3146 4045 perfruendam
3181 3993 3192 4027 :
3234 3979 3326 4028 sed

1784 4080 1835 4122 et
1861 4069 2203 4121 substantiam
2233 4068 2456 4133 aliquam
2489 4067 2690 4119 Domini
2721 4066 2945 4129 ancillm,
2976 4081 3112 4132 quae,
3136 4066 3329 4118 dereli-

1786 4166 1869 4211 cto
1897 4157 2164 4224 religionis
2194 4155 2401 4218 habitu,
2433 4155 2604 4209 Tauro
2634 4155 2743 4208 lilio
2772 4155 3042 4220 liauifoni,
3075 4155 3249 4207 illicito
3275 4171 3333 4205 si:

1786 4243 1996 4296 tradidit
2019 4243 2385 4306 matrimonio;
2411 4242 2548 4296 unde
2569 4243 2850 4295 secundum
2873 4243 3120 4301 edictum,
3147 4251 3197 4293 et
3217 4242 3331 4307 ejus

1787 4341 2047 4394 tenorem,
2075 4332 2244 4384 omnis
2271 4330 2555 4384 substantia
2589 4332 2652 4383 ad
2700 4339 2927 4383 nostram
2965 4329 3137 4383 denuo
3170 4331 3324 4382 deve-

162 4437 304 4485 nere,
337 4425 498 4498 largiti
538 4442 719 4480 sumus
745 4437 801 4481 et
830 4430 879 4480 in
911 4430 1227 4500 monasterio
1251 4442 1446 4484 sancta:
1475 4432 1683 4498 Sophim
1711 4443 1763 4502 ι)
1788 4420 1863 4473 "il
1894 4428 2235 4487 Ρθίθδιδίοτηὶ
2285 4429 2458 4472 ¹¹οδιτ³
2503 4435 2626 4474 Vero
2665 4428 2893 4486 Ροίθδῑοιθ
2931 4435 3137 4473 ⁰¹¹¹¹ιθ¹η
3181 4420 3332 4482 ¹¹¹¹Ᾰ⁸¹⁸

161 4512 348 4572 vineas.
377 4525 426 4566 et
458 4517 746 4580 territoria,
787 4531 901 4582 qua:
943 4517 1214 4584 presbyter
1257 4519 1414 4584 ipsius
1453 4519 1685 4573 ecclesiae

159 4601 264 4650 sine
289 4602 456 4665 palatii
487 4605 770 4657 donatione
801 4605 1030 4658 tenebat.
1070 4605 1133 4658 Et
1175 4605 1387 4673 insuper
1427 4610 1688 4662 concessi-

160 4702 264 4739 mus
289 4689 338 4739 in
363 4691 544 4742 eodem
577 4694 694 4759 galo
735 4707 978 4758 pascuarn
1015 4693 1078 4745 ad
1109 4695 1342 4760 pecualia
1385 4697 1684 4751 monasterii

158 4785 337 4828 sancta:
361 4778 590 4844 Sephize,
622 4781 712 4832 sed
741 4790 795 4834 et
821 4782 1096 4835 ecclesiam
1122 4792 1316 4835 sancta:
1348 4784 1545 4848 Μαι-ξω,
1573 4801 1689 4851 qua:

159 4864 246 4916 sita
276 4874 353 4918 est
380 4866 433 4919 in
455 4868 608 4927 Alifa,
641 4870 754 4921 loco
777 4870 863 4936 qui
890 4870 1079 4924 dicitur
1105 4871 1338 4925 Massona
1363 4887 1480 4924 cum
1510 4876 1685 4926 omni-

159 4949 248 5002 bus
289 4949 387 5005 sibi
430 4956 843 5018 pertinentibus,
884 4966 1078 5009 sanctae
1123 4959 1334 5025 Sophia:
1374 4963 1689 5014 monasterio

158 5042 497 5096 concessimus
528 5045 918 5112 possidendam.
963 5045 1064 5100 Sed
1095 5057 1147 5099 et
1175 5051 1453 5102 ecclesiam
1492 5061 1687 5104 sanctae

160 5122 420 5189 Modesta,
449 5145 603 5196 quam
651 5131 963 5186 Leomianus
1008 5132 1309 5199 :rdilicavit,
1359 5146 1411 5189 et
1454 5153 1544 5205 per
1581 5154 1688 5192 sua:

158 5213 432 5270 oll'ertionis
468 5219 761 5273 chartulam
805 5236 988 5276 omnes
1028 5231 1310 5288 potestates
1356 5238 1477 5277 suas
1517 5228 1686 5282 eidem

157 5302 388 5358 ecclesia:
413 5307 620 5371 obtulit,
644 5319 697 5362 et
726 5319 918 5363 nostra:
950 5312 1190 5378 potestati
1218 5314 1514 5379 prmdictam
1538 5317 1687 5370 char-

162 5387 307 5443 tulam
341 5393 583 5457 tradidit,
615 5387 670 5446 ut
707 5395 758 5446 in
791 5406 971 5450 nostro
1007 5412 1215 5464 semper
1249 5407 1392 5454 esset
1423 5402 1688 5466 judicandi

159 5480 383 5535 arbitrio.
414 5483 578 5548 Quam
607 5493 658 5536 et
699 5485 974 5538 ecclesiam
1014 5499 1190 5540 nostra
1230 5498 1456 5554 potestas
1495 5503 1690 5544 sancta:

160 5563 356 5630 Sophia:
398 5572 714 5625 monasterio
765 5571 986 5626 firmavit
1038 5577 1424 5641 possidendam.
1473 5579 1577 5632 Sed
1631 5594 1682 5635 et

159 5653 416 5710 ecclesiam
448 5661 612 5713 sancti
653 5659 940 5729 Stephani,
995 5672 1108 5724 quae
1145 5663 1246 5718 sita
1287 5674 1366 5719 est
1407 5674 1524 5721 ante
1552 5667 1680 5722 civi-

1788 4511 2046 4578 Alipergtc
2074 4507 2415 4561 substantiam
2447 4505 2732 4575 integram,
2770 4523 2868 4559 una
2913 4523 3028 4559 cum
3071 4510 3178 4572 ipsa
3223 4508 3333 4560 Ali-

1790 4614 1944 4666 pcrga
1975 4597 2290 4652 monasterio
2323 4604 2518 4650 sancta:
2555 4597 2764 4664 Sophia:
2805 4598 3015 4650 tradidit
3059 4599 3328 4663 possiden-

1788 4688 1906 4738 dam
1959 4702 1970 4734 :
2021 4686 2111 4737 sed
2165 4694 2216 4737 ct
2260 4685 2542 4738 Condoma:
2592 4685 2941 4750 Impronellm,
2986 4686 3035 4736 hi
3078 4697 3197 4738 sunt
3243 4688 3331 4736 lilii

1789 4775 1999 4828 Amaldi
2047 4779 2182 4827 servi
2229 4774 2436 4835 nostri,
2480 4787 2613 4840 quos
2754 4776 2952 4837 altanus
2995 4784 3187 4828 stratos
3243 4792 3334 4842 per

1791 4878 2104 4934 prmceptum
2147 4865 2330 4918 falsum
2377 4864 2642 4926 liberavit,
2675 4887 2726 4919 νι
2763 4880 2848 4920 res
2871 4880 3051 4919 eorum
3083 4867 3320 4921 abstulit:

1790 4958 1880 5010 sed
1911 4955 2106 5024 legibus
2144 4957 2314 5017 servi,
2345 4966 2399 5009 et
2429 4970 2511 5010 res
2537 4971 2715 5011 earum
2745 4959 2806 5010 ad
2837 4969 3065 5010 nostram
3100 4967 3330 5025 petesta-

1792 5057 1892 5099 tem
1921 5047 2262 5100 devenerunt.
2306 5048 2555 5102 Similiter
2588 5058 2639 5102 et
2683 5051 2733 5101 in
2775 5049 3044 5102 Rohbiano
3073 5049 3327 5102 condotua

1792 5150 1889 5185 una
1937 5137 2143 5187 nomine
2186 5134 2329 5198 Ursi,
2371 5150 2487 5188 cum
2534 5150 2722 5197 uxore,
2768 5145 2820 5188 et
2859 5136 2979 5188 filiis
3015 5138 3150 5198 suis,
3179 5151 3328 5203 quam

1795 5227 2088 5277 nominatus
2119 5227 2413 5293 Stephanus
2444 5227 2572 5279 falso
2601 5228 2836 5289 tenebat,
2872 5230 2934 5279 ad
2977 5241 3203 5279 "05le
3237 5241 3329 5292 po-

1794 5322 2032 5365 testatem
2064 5315 2294 5380 pervenit
2324 5332 2334 5364 :
2370 5323 2542 5366 nostra
2585 5329 2705 5366 vero
2743 5324 2968 5379 potestas
3008 5315 3097 5363 has
3121 5314 3319 5365 condo-

1793 5415 1904 5452 mas
1929 5416 2045 5453 cum
2073 5403 2313 5455 omnibus
2340 5402 2437 5454 sibi
2469 5404 2846 5470 pertinentibus
2867 5404 3178 5454 monasterio
3205 5417 3324 5453 san-

1793 5501 1886 5544 cta:
1919 5492 2125 5558 Sophia:
2156 5475 2363 5544 deuavit
2396 5487 2750 5560 possidendas.
2781 5494 2882 5548 Sed
2910 5503 2957 5545 et
2983 5494 3320 5544 substantiam

1796 5579 2127 5647 Euphetnim,
2178 5581 2293 5633 lilite
2327 5581 2562 5645 Arichis,
2608 5596 2719 5648 quae
2759 5595 2813 5632 se
2855 5581 3116 5648 religionis
3147 5581 3325 5632 habitu

1790 5671 1842 5722 iu
1877 5676 2189 5728 monasterio
2215 5681 2405 5726 saneta:
2433 5671 2638 5740 Sophia:
2670 5671 2906 5732 tradidit,
2938 5685 3054 5724 cum
3080 5672 3323 5723 omnibus
