  <div class='ocr_page' id='page_1' title='image "/cluster/home/n/w/nwhite01/storage/ocr_20150623/87-88/uva.x000827073/741.png"; bbox 0 0 3820 6236; ppageno 0'>
   <div class='ocr_carea' id='block_1_1' title="bbox 502 358 629 411">
    <p class='ocr_par' dir='ltr' id='par_1_1' title="bbox 502 358 629 411">
     <span class='ocr_line' id='line_1_1' title="bbox 502 358 629 411; baseline 0 0"><span class='ocrx_word' id='word_1_1' title='bbox 502 358 629 411; x_wconf 60' lang='lat'><strong>“1’5</strong></span> 
     </span>
    </p>
   </div>
   <div class='ocr_carea' id='block_1_2' title="bbox 1626 348 2488 405">
    <p class='ocr_par' dir='ltr' id='par_1_2' title="bbox 1626 348 2488 405">
     <span class='ocr_line' id='line_1_2' title="bbox 1626 348 2488 405; baseline -0.008 1"><span class='ocrx_word' id='word_1_2' title='bbox 1626 351 1934 405; x_wconf 68' lang='lat' dir='ltr'><strong>LANGOBA</strong></span> <span class='ocrx_word' id='word_1_3' title='bbox 1946 353 1980 400; x_wconf 68' lang='grc' dir='ltr'><strong>ιι</strong></span> <span class='ocrx_word' id='word_1_4' title='bbox 1993 348 2164 402; x_wconf 78' lang='grc' dir='ltr'><strong>υυιιυ</strong></span> <span class='ocrx_word' id='word_1_5' title='bbox 2176 349 2217 402; x_wconf 76' lang='grc' dir='ltr'><strong>Μ</strong></span> <span class='ocrx_word' id='word_1_6' title='bbox 2262 348 2389 402; x_wconf 71' lang='lat' dir='ltr'><strong>HEC</strong></span> <span class='ocrx_word' id='word_1_7' title='bbox 2401 349 2435 401; x_wconf 78' lang='lat' dir='ltr'><strong>li</strong></span> <span class='ocrx_word' id='word_1_8' title='bbox 2448 349 2488 400; x_wconf 75' lang='grc' dir='ltr'><strong>Μ</strong></span> 
     </span>
    </p>
   </div>
   <div class='ocr_carea' id='block_1_3' title="bbox 3510 354 3633 407">
    <p class='ocr_par' dir='ltr' id='par_1_3' title="bbox 3510 354 3633 407">
     <span class='ocr_line' id='line_1_3' title="bbox 3510 354 3633 407; baseline -0.024 0"><span class='ocrx_word' id='word_1_9' title='bbox 3510 354 3633 407; x_wconf 67' lang='lat'><strong>“‘21</strong></span> 
     </span>
    </p>
   </div>
   <div class='ocr_carea' id='block_1_4' title="bbox 496 456 3633 526">
    <p class='ocr_par' dir='ltr' id='par_1_4' title="bbox 496 456 3633 526">
     <span class='ocr_line' id='line_1_4' title="bbox 496 456 3633 526; baseline -0.004 -7"><span class='ocrx_word' id='word_1_10' title='bbox 496 468 599 519; x_wconf 78' lang='lat' dir='ltr'><strong>suis</strong></span> <span class='ocrx_word' id='word_1_11' title='bbox 638 466 961 517; x_wconf 53' lang='lat' dir='ltr'><strong>l&#39;acttltatibus</strong></span> <span class='ocrx_word' id='word_1_12' title='bbox 983 504 996 526; x_wconf 93' lang='lat'><strong>,</strong></span> <span class='ocrx_word' id='word_1_13' title='bbox 1046 474 1147 516; x_wconf 83' lang='lat' dir='ltr'><strong>tant</strong></span> <span class='ocrx_word' id='word_1_14' title='bbox 1195 479 1241 515; x_wconf 85' lang='lat' dir='ltr'><strong>tn</strong></span> <span class='ocrx_word' id='word_1_15' title='bbox 1264 472 1509 524; x_wconf 78' lang='lat' dir='ltr'><strong>.ternam,</strong></span> <span class='ocrx_word' id='word_1_16' title='bbox 1553 476 1702 526; x_wconf 79' lang='lat' dir='ltr'><strong>quarti</strong></span> <span class='ocrx_word' id='word_1_17' title='bbox 1752 467 2013 525; x_wconf 77' lang='lat' dir='ltr'><strong>paternam</strong></span> <span class='ocrx_word' id='word_1_18' title='bbox 2045 460 2090 514; x_wconf 83' lang='lat' dir='ltr'><strong>A</strong></span> <span class='ocrx_word' id='word_1_19' title='bbox 2120 456 2334 517; x_wconf 89' lang='lat' dir='ltr'><strong>obtulit;</strong></span> <span class='ocrx_word' id='word_1_20' title='bbox 2368 466 2541 506; x_wconf 89' lang='lat' dir='ltr'><strong>nostra</strong></span> <span class='ocrx_word' id='word_1_21' title='bbox 2566 470 2684 506; x_wconf 88' lang='lat' dir='ltr'><strong>vero</strong></span> <span class='ocrx_word' id='word_1_22' title='bbox 2711 464 2963 519; x_wconf 83' lang='lat' dir='ltr'><strong>potestate</strong></span> <span class='ocrx_word' id='word_1_23' title='bbox 2990 457 3267 509; x_wconf 86' lang='lat' dir='ltr'><strong>secundum</strong></span> <span class='ocrx_word' id='word_1_24' title='bbox 3296 459 3633 513; x_wconf 74' lang='lat' dir='ltr'><strong>leSlimonittm</strong></span> 
     </span>
    </p>
   </div>
   <div class='ocr_carea' id='block_1_5' title="bbox 495 550 2011 618">
    <p class='ocr_par' dir='ltr' id='par_1_5' title="bbox 495 550 2011 618">
     <span class='ocr_line' id='line_1_5' title="bbox 495 550 2011 618; baseline -0.005 -16"><span class='ocrx_word' id='word_1_25' title='bbox 495 567 699 604; x_wconf 81' lang='lat' dir='ltr'><strong>onmem</strong></span> <span class='ocrx_word' id='word_1_26' title='bbox 742 565 885 603; x_wconf 88' lang='lat' dir='ltr'><strong>suam</strong></span> <span class='ocrx_word' id='word_1_27' title='bbox 930 551 1227 618; x_wconf 82' lang='lat' dir='ltr'><strong>pecuniam,</strong></span> <span class='ocrx_word' id='word_1_28' title='bbox 1267 565 1380 615; x_wconf 79' lang='lat' dir='ltr'><strong>qnze</strong></span> <span class='ocrx_word' id='word_1_29' title='bbox 1423 558 1525 600; x_wconf 88' lang='lat' dir='ltr'><strong>tam</strong></span> <span class='ocrx_word' id='word_1_30' title='bbox 1557 550 1627 598; x_wconf 90' lang='lat' dir='ltr'><strong>illi</strong></span> <span class='ocrx_word' id='word_1_31' title='bbox 1657 562 1716 599; x_wconf 85' lang='lat' dir='ltr'><strong>ex</strong></span> <span class='ocrx_word' id='word_1_32' title='bbox 1752 555 1894 612; x_wconf 87' lang='lat' dir='ltr'><strong>parte</strong></span> <span class='ocrx_word' id='word_1_33' title='bbox 1920 560 2011 597; x_wconf 89' lang='lat' dir='ltr'><strong>sua</strong></span> 
     </span>
    </p>
   </div>
   <div class='ocr_carea' id='block_1_6' title="bbox 495 632 2011 703">
    <p class='ocr_par' dir='ltr' id='par_1_6' title="bbox 495 632 2011 703">
     <span class='ocr_line' id='line_1_6' title="bbox 495 632 2011 703; baseline -0.005 -16"><span class='ocrx_word' id='word_1_34' title='bbox 495 654 646 702; x_wconf 86' lang='lat' dir='ltr'><strong>quam</strong></span> <span class='ocrx_word' id='word_1_35' title='bbox 689 639 951 688; x_wconf 72' lang='lat' dir='ltr'><strong>sororibus</strong></span> <span class='ocrx_word' id='word_1_36' title='bbox 992 637 1237 703; x_wconf 84' lang='lat' dir='ltr'><strong>contigit,</strong></span> <span class='ocrx_word' id='word_1_37' title='bbox 1273 649 1477 687; x_wconf 87' lang='lat' dir='ltr'><strong>omnem</strong></span> <span class='ocrx_word' id='word_1_38' title='bbox 1515 648 1658 685; x_wconf 86' lang='lat' dir='ltr'><strong>suam</strong></span> <span class='ocrx_word' id='word_1_39' title='bbox 1708 632 2011 696; x_wconf 89' lang='lat' dir='ltr'><strong>portionem,</strong></span> 
     </span>
    </p>
   </div>
   <div class='ocr_carea' id='block_1_7' title="bbox 496 721 2015 791">
    <p class='ocr_par' dir='ltr' id='par_1_7' title="bbox 496 721 2015 791">
     <span class='ocr_line' id='line_1_7' title="bbox 496 721 2015 791; baseline -0.003 -16"><span class='ocrx_word' id='word_1_40' title='bbox 496 726 736 788; x_wconf 82' lang='lat' dir='ltr'><strong>mobilia,</strong></span> <span class='ocrx_word' id='word_1_41' title='bbox 779 736 828 775; x_wconf 85' lang='lat' dir='ltr'><strong>et</strong></span> <span class='ocrx_word' id='word_1_42' title='bbox 873 726 1150 776; x_wconf 80' lang='lat' dir='ltr'><strong>immobilia</strong></span> <span class='ocrx_word' id='word_1_43' title='bbox 1187 725 1390 784; x_wconf 90' lang='lat' dir='ltr'><strong>omnia,</strong></span> <span class='ocrx_word' id='word_1_44' title='bbox 1429 733 1479 775; x_wconf 91' lang='lat' dir='ltr'><strong>et</strong></span> <span class='ocrx_word' id='word_1_45' title='bbox 1517 723 1566 773; x_wconf 92' lang='lat' dir='ltr'><strong>in</strong></span> <span class='ocrx_word' id='word_1_46' title='bbox 1610 722 1848 775; x_wconf 89' lang='lat' dir='ltr'><strong>omnibus</strong></span> <span class='ocrx_word' id='word_1_47' title='bbox 1885 721 2015 791; x_wconf 80' lang='lat' dir='ltr'><strong>inte-</strong></span> 
     </span>
    </p>
   </div>
   <div class='ocr_carea' id='block_1_8' title="bbox 498 808 2012 879">
    <p class='ocr_par' dir='ltr' id='par_1_8' title="bbox 498 808 2012 879">
     <span class='ocr_line' id='line_1_8' title="bbox 498 808 2012 879; baseline -0.002 -19"><span class='ocrx_word' id='word_1_48' title='bbox 498 826 639 879; x_wconf 77' lang='lat' dir='ltr'><strong>gram</strong></span> <span class='ocrx_word' id='word_1_49' title='bbox 661 850 675 871; x_wconf 94' lang='lat'><strong>,</strong></span> <span class='ocrx_word' id='word_1_50' title='bbox 705 812 945 877; x_wconf 66' lang='lat' dir='ltr'><strong>prindicto</strong></span> <span class='ocrx_word' id='word_1_51' title='bbox 972 819 1165 863; x_wconf 71' lang='lat' dir='ltr'><strong>sancta:</strong></span> <span class='ocrx_word' id='word_1_52' title='bbox 1194 810 1397 875; x_wconf 78' lang='lat' dir='ltr'><strong>SOphia:</strong></span> <span class='ocrx_word' id='word_1_53' title='bbox 1427 810 1737 861; x_wconf 80' lang='lat' dir='ltr'><strong>monasterio</strong></span> <span class='ocrx_word' id='word_1_54' title='bbox 1776 808 2012 867; x_wconf 81' lang='lat' dir='ltr'><strong>tradidit;</strong></span> 
     </span>
    </p>
   </div>
   <div class='ocr_carea' id='block_1_9' title="bbox 498 896 2014 963">
    <p class='ocr_par' dir='ltr' id='par_1_9' title="bbox 498 896 2014 963">
     <span class='ocr_line' id='line_1_9' title="bbox 498 896 2014 963; baseline -0.002 -15"><span class='ocrx_word' id='word_1_55' title='bbox 498 900 629 949; x_wconf 80' lang='lat' dir='ltr'><strong>unde</strong></span> <span class='ocrx_word' id='word_1_56' title='bbox 651 908 703 950; x_wconf 90' lang='lat' dir='ltr'><strong>et</strong></span> <span class='ocrx_word' id='word_1_57' title='bbox 730 914 819 962; x_wconf 64' lang='lat' dir='ltr'><strong>ter</strong></span> <span class='ocrx_word' id='word_1_58' title='bbox 849 899 943 949; x_wconf 88' lang='lat' dir='ltr'><strong>hoc</strong></span> <span class='ocrx_word' id='word_1_59' title='bbox 967 900 1314 950; x_wconf 82' lang='lat' dir='ltr'><strong>concessimus</strong></span> <span class='ocrx_word' id='word_1_60' title='bbox 1343 906 1653 963; x_wconf 71' lang='lat' dir='ltr'><strong>praeceptum</strong></span> <span class='ocrx_word' id='word_1_61' title='bbox 1675 939 1687 957; x_wconf 88' lang='lat'><strong>,</strong></span> <span class='ocrx_word' id='word_1_62' title='bbox 1717 911 1778 947; x_wconf 76' lang='lat' dir='ltr'><strong>ex</strong></span> <span class='ocrx_word' id='word_1_63' title='bbox 1809 896 2014 946; x_wconf 81' lang='lat' dir='ltr'><strong>univer-</strong></span> 
     </span>
    </p>
   </div>
   <div class='ocr_carea' id='block_1_10' title="bbox 498 982 2015 1050">
    <p class='ocr_par' dir='ltr' id='par_1_10' title="bbox 498 982 2015 1050">
     <span class='ocr_line' id='line_1_10' title="bbox 498 982 2015 1050; baseline -0.002 -15"><span class='ocrx_word' id='word_1_64' title='bbox 498 985 569 1035; x_wconf 63' lang='lat' dir='ltr'><strong>sis</strong></span> <span class='ocrx_word' id='word_1_65' title='bbox 599 986 851 1049; x_wconf 61' lang='lat' dir='ltr'><strong>pradictae</strong></span> <span class='ocrx_word' id='word_1_66' title='bbox 882 986 1177 1045; x_wconf 73' lang='lat' dir='ltr'><strong>Euphemia:</strong></span> <span class='ocrx_word' id='word_1_67' title='bbox 1206 986 1435 1050; x_wconf 85' lang='lat' dir='ltr'><strong>pecuniis</strong></span> <span class='ocrx_word' id='word_1_68' title='bbox 1465 991 1656 1035; x_wconf 64' lang='lat' dir='ltr'><strong>sancta:</strong></span> <span class='ocrx_word' id='word_1_69' title='bbox 1680 982 1885 1047; x_wconf 69' lang='lat' dir='ltr'><strong>Sophim</strong></span> <span class='ocrx_word' id='word_1_70' title='bbox 1907 996 2015 1033; x_wconf 89' lang='lat' dir='ltr'><strong>mo-</strong></span> 
     </span>
    </p>
   </div>
   <div class='ocr_carea' id='block_1_11' title="bbox 497 1072 2016 1140">
    <p class='ocr_par' dir='ltr' id='par_1_11' title="bbox 497 1072 2016 1140">
     <span class='ocr_line' id='line_1_11' title="bbox 497 1072 2016 1140; baseline -0.002 -16"><span class='ocrx_word' id='word_1_71' title='bbox 497 1074 723 1127; x_wconf 82' lang='lat' dir='ltr'><strong>nasterio</strong></span> <span class='ocrx_word' id='word_1_72' title='bbox 746 1075 995 1140; x_wconf 72' lang='lat' dir='ltr'><strong>intrgrum</strong></span> <span class='ocrx_word' id='word_1_73' title='bbox 1023 1076 1382 1126; x_wconf 90' lang='lat' dir='ltr'><strong>constituimus</strong></span> <span class='ocrx_word' id='word_1_74' title='bbox 1400 1111 1415 1136; x_wconf 90' lang='lat'><strong>,</strong></span> <span class='ocrx_word' id='word_1_75' title='bbox 1445 1085 1495 1122; x_wconf 92' lang='lat' dir='ltr'><strong>et</strong></span> <span class='ocrx_word' id='word_1_76' title='bbox 1521 1072 1830 1123; x_wconf 82' lang='lat' dir='ltr'><strong>lirmavimus</strong></span> <span class='ocrx_word' id='word_1_77' title='bbox 1858 1088 1869 1121; x_wconf 90' lang='lat'>:</span> <span class='ocrx_word' id='word_1_78' title='bbox 1897 1085 2016 1123; x_wconf 86' lang='lat' dir='ltr'><strong>nec-</strong></span> 
     </span>
    </p>
   </div>
   <div class='ocr_carea' id='block_1_12' title="bbox 499 1147 2013 1228">
    <p class='ocr_par' dir='ltr' id='par_1_12' title="bbox 499 1147 2013 1228">
     <span class='ocr_line' id='line_1_12' title="bbox 499 1147 2013 1228; baseline -0.001 -15"><span class='ocrx_word' id='word_1_79' title='bbox 499 1177 597 1214; x_wconf 91' lang='lat' dir='ltr'><strong>uon</strong></span> <span class='ocrx_word' id='word_1_80' title='bbox 643 1173 697 1215; x_wconf 90' lang='lat' dir='ltr'><strong>et</strong></span> <span class='ocrx_word' id='word_1_81' title='bbox 745 1172 929 1214; x_wconf 85' lang='lat' dir='ltr'><strong>terram</strong></span> <span class='ocrx_word' id='word_1_82' title='bbox 977 1165 1025 1215; x_wconf 89' lang='lat' dir='ltr'><strong>in</strong></span> <span class='ocrx_word' id='word_1_83' title='bbox 1071 1162 1255 1228; x_wconf 84' lang='lat' dir='ltr'><strong>Apulia</strong></span> <span class='ocrx_word' id='word_1_84' title='bbox 1302 1162 1365 1213; x_wconf 92' lang='lat' dir='ltr'><strong>ad</strong></span> <span class='ocrx_word' id='word_1_85' title='bbox 1414 1171 1644 1213; x_wconf 88' lang='lat' dir='ltr'><strong>sanctum</strong></span> <span class='ocrx_word' id='word_1_86' title='bbox 1692 1147 1917 1212; x_wconf 78' lang='lat' dir='ltr'><strong>Felicem</strong></span> <span class='ocrx_word' id='word_1_87' title='bbox 1950 1161 2013 1211; x_wconf 91' lang='lat' dir='ltr'><strong>ad</strong></span> 
     </span>
    </p>
   </div>
   <div class='ocr_carea' id='block_1_13' title="bbox 499 1250 2016 1317">
    <p class='ocr_par' dir='ltr' id='par_1_13' title="bbox 499 1250 2016 1317">
     <span class='ocr_line' id='line_1_13' title="bbox 499 1250 2016 1317; baseline -0.002 -15"><span class='ocrx_word' id='word_1_88' title='bbox 499 1252 805 1302; x_wconf 74' lang='lat' dir='ltr'><strong>Sruxianum</strong></span> <span class='ocrx_word' id='word_1_89' title='bbox 837 1267 990 1317; x_wconf 86' lang='lat' dir='ltr'><strong>super</strong></span> <span class='ocrx_word' id='word_1_90' title='bbox 1016 1254 1184 1315; x_wconf 87' lang='lat' dir='ltr'><strong>viam,</strong></span> <span class='ocrx_word' id='word_1_91' title='bbox 1214 1265 1367 1317; x_wconf 90' lang='lat' dir='ltr'><strong>quam</strong></span> <span class='ocrx_word' id='word_1_92' title='bbox 1394 1251 1552 1302; x_wconf 81' lang='lat' dir='ltr'><strong>abbas</strong></span> <span class='ocrx_word' id='word_1_93' title='bbox 1580 1250 1869 1301; x_wconf 89' lang='lat' dir='ltr'><strong>monasterii</strong></span> <span class='ocrx_word' id='word_1_94' title='bbox 1896 1263 2016 1301; x_wconf 85' lang='lat' dir='ltr'><strong>san-</strong></span> 
     </span>
    </p>
   </div>
   <div class='ocr_carea' id='block_1_14' title="bbox 496 1337 2014 1404">
    <p class='ocr_par' dir='ltr' id='par_1_14' title="bbox 496 1337 2014 1404">
     <span class='ocr_line' id='line_1_14' title="bbox 496 1337 2014 1404; baseline -0.001 -17"><span class='ocrx_word' id='word_1_95' title='bbox 496 1338 560 1388; x_wconf 88' lang='lat' dir='ltr'><strong>cti</strong></span> <span class='ocrx_word' id='word_1_96' title='bbox 591 1337 800 1389; x_wconf 77' lang='lat' dir='ltr'><strong>Joannis</strong></span> <span class='ocrx_word' id='word_1_97' title='bbox 830 1339 893 1398; x_wconf 85' lang='lat' dir='ltr'><strong>de</strong></span> <span class='ocrx_word' id='word_1_98' title='bbox 922 1348 1063 1404; x_wconf 89' lang='lat' dir='ltr'><strong>porta</strong></span> <span class='ocrx_word' id='word_1_99' title='bbox 1095 1351 1249 1390; x_wconf 89' lang='lat' dir='ltr'><strong>aurea</strong></span> <span class='ocrx_word' id='word_1_100' title='bbox 1281 1338 1507 1401; x_wconf 87' lang='lat' dir='ltr'><strong>tenebat,</strong></span> <span class='ocrx_word' id='word_1_101' title='bbox 1536 1347 1710 1389; x_wconf 86' lang='lat' dir='ltr'><strong>contra</strong></span> <span class='ocrx_word' id='word_1_102' title='bbox 1738 1337 2014 1401; x_wconf 83' lang='lat' dir='ltr'><strong>rationem,</strong></span> 
     </span>
    </p>
   </div>
   <div class='ocr_carea' id='block_1_15' title="bbox 495 1422 2015 1493">
    <p class='ocr_par' dir='ltr' id='par_1_15' title="bbox 495 1422 2015 1493">
     <span class='ocr_line' id='line_1_15' title="bbox 495 1422 2015 1493; baseline -0.001 -17"><span class='ocrx_word' id='word_1_103' title='bbox 495 1427 613 1490; x_wconf 82' lang='lat' dir='ltr'><strong>quia</strong></span> <span class='ocrx_word' id='word_1_104' title='bbox 642 1426 702 1476; x_wconf 88' lang='lat' dir='ltr'><strong>ad</strong></span> <span class='ocrx_word' id='word_1_105' title='bbox 732 1440 907 1477; x_wconf 88' lang='lat' dir='ltr'><strong>servos</strong></span> <span class='ocrx_word' id='word_1_106' title='bbox 921 1422 1139 1478; x_wconf 55' lang='lat' dir='ltr'><strong>‘nostros</strong></span> <span class='ocrx_word' id='word_1_107' title='bbox 1168 1426 1445 1493; x_wconf 85' lang='lat' dir='ltr'><strong>pertinuit,</strong></span> <span class='ocrx_word' id='word_1_108' title='bbox 1472 1437 1521 1477; x_wconf 91' lang='lat' dir='ltr'><strong>et</strong></span> <span class='ocrx_word' id='word_1_109' title='bbox 1554 1427 1674 1478; x_wconf 93' lang='lat' dir='ltr'><strong>dum</strong></span> <span class='ocrx_word' id='word_1_110' title='bbox 1705 1426 2015 1491; x_wconf 87' lang='lat' dir='ltr'><strong>comproba-</strong></span> 
     </span>
    </p>
   </div>
   <div class='ocr_carea' id='block_1_16' title="bbox 501 1511 2011 1579">
    <p class='ocr_par' dir='ltr' id='par_1_16' title="bbox 501 1511 2011 1579">
     <span class='ocr_line' id='line_1_16' title="bbox 501 1511 2011 1579; baseline 0.003 -19"><span class='ocrx_word' id='word_1_111' title='bbox 501 1522 605 1561; x_wconf 88' lang='lat' dir='ltr'><strong>tum</strong></span> <span class='ocrx_word' id='word_1_112' title='bbox 637 1514 842 1576; x_wconf 80' lang='lat' dir='ltr'><strong>fuisset,</strong></span> <span class='ocrx_word' id='word_1_113' title='bbox 872 1514 1031 1579; x_wconf 86' lang='lat' dir='ltr'><strong>ipsam</strong></span> <span class='ocrx_word' id='word_1_114' title='bbox 1055 1528 1196 1565; x_wconf 89' lang='lat' dir='ltr'><strong>aram</strong></span> <span class='ocrx_word' id='word_1_115' title='bbox 1218 1512 1464 1579; x_wconf 86' lang='lat' dir='ltr'><strong>integram</strong></span> <span class='ocrx_word' id='word_1_116' title='bbox 1490 1515 1716 1579; x_wconf 84' lang='lat' dir='ltr'><strong>recipere</strong></span> <span class='ocrx_word' id='word_1_117' title='bbox 1735 1511 2011 1579; x_wconf 80' lang='lat' dir='ltr'><strong>jussimus;</strong></span> 
     </span>
    </p>
   </div>
   <div class='ocr_carea' id='block_1_17' title="bbox 497 1599 2016 1667">
    <p class='ocr_par' dir='ltr' id='par_1_17' title="bbox 497 1599 2016 1667">
     <span class='ocr_line' id='line_1_17' title="bbox 497 1599 2016 1667; baseline 0.006 -20"><span class='ocrx_word' id='word_1_118' title='bbox 497 1608 547 1648; x_wconf 86' lang='lat' dir='ltr'><strong>et</strong></span> <span class='ocrx_word' id='word_1_119' title='bbox 575 1599 693 1664; x_wconf 86' lang='lat' dir='ltr'><strong>quia</strong></span> <span class='ocrx_word' id='word_1_120' title='bbox 736 1600 797 1651; x_wconf 88' lang='lat' dir='ltr'><strong>ad</strong></span> <span class='ocrx_word' id='word_1_121' title='bbox 836 1610 1062 1653; x_wconf 87' lang='lat' dir='ltr'><strong>nostram</strong></span> <span class='ocrx_word' id='word_1_122' title='bbox 1112 1600 1352 1666; x_wconf 85' lang='lat' dir='ltr'><strong>pertinuit</strong></span> <span class='ocrx_word' id='word_1_123' title='bbox 1396 1609 1733 1665; x_wconf 85' lang='lat' dir='ltr'><strong>potestatem,</strong></span> <span class='ocrx_word' id='word_1_124' title='bbox 1774 1602 2016 1667; x_wconf 73' lang='lat' dir='ltr'><strong>praulit-to</strong></span> 
     </span>
    </p>
   </div>
   <div class='ocr_carea' id='block_1_18' title="bbox 453 1686 2017 1755">
    <p class='ocr_par' dir='ltr' id='par_1_18' title="bbox 453 1686 2017 1755">
     <span class='ocr_line' id='line_1_18' title="bbox 453 1686 2017 1755; baseline 0.001 -16"><span class='ocrx_word' id='word_1_125' title='bbox 453 1688 463 1701; x_wconf 82' lang='lat'><strong><em>’</em></strong></span> <span class='ocrx_word' id='word_1_126' title='bbox 496 1698 688 1739; x_wconf 67' lang='lat' dir='ltr'><strong>sancta:</strong></span> <span class='ocrx_word' id='word_1_127' title='bbox 714 1686 919 1752; x_wconf 77' lang='lat' dir='ltr'><strong>Sepliia:</strong></span> <span class='ocrx_word' id='word_1_128' title='bbox 949 1689 1260 1740; x_wconf 89' lang='lat' dir='ltr'><strong>monasterio</strong></span> <span class='ocrx_word' id='word_1_129' title='bbox 1286 1686 1531 1754; x_wconf 73' lang='lat' dir='ltr'><strong>integram</strong></span> <span class='ocrx_word' id='word_1_130' title='bbox 1554 1690 1900 1742; x_wconf 81' lang='lat' dir='ltr'><strong>concessimus</strong></span> <span class='ocrx_word' id='word_1_131' title='bbox 1927 1705 2017 1755; x_wconf 85' lang='lat' dir='ltr'><strong>po—</strong></span> 
     </span>
    </p>
   </div>
   <div class='ocr_carea' id='block_1_19' title="bbox 2116 544 3611 613">
    <p class='ocr_par' dir='ltr' id='par_1_19' title="bbox 2116 544 3611 613">
     <span class='ocr_line' id='line_1_19' title="bbox 2116 544 3611 613; baseline 0.003 -19"><span class='ocrx_word' id='word_1_132' title='bbox 2116 544 2399 595; x_wconf 83' lang='lat' dir='ltr'><strong>oll&#39;ertionis</strong></span> <span class='ocrx_word' id='word_1_133' title='bbox 2435 553 2629 595; x_wconf 80' lang='lat' dir='ltr'><strong>sancta:</strong></span> <span class='ocrx_word' id='word_1_134' title='bbox 2669 544 2875 609; x_wconf 67' lang='lat' dir='ltr'><strong>Sophia:</strong></span> <span class='ocrx_word' id='word_1_135' title='bbox 2916 559 3119 610; x_wconf 86' lang='lat' dir='ltr'><strong>semper</strong></span> <span class='ocrx_word' id='word_1_136' title='bbox 3172 546 3486 599; x_wconf 84' lang='lat' dir='ltr'><strong>lirmavimus</strong></span> <span class='ocrx_word' id='word_1_137' title='bbox 3527 565 3611 613; x_wconf 70' lang='lat' dir='ltr'><strong>per</strong></span> 
     </span>
    </p>
   </div>
   <div class='ocr_carea' id='block_1_20' title="bbox 2116 631 3626 697">
    <p class='ocr_par' dir='ltr' id='par_1_20' title="bbox 2116 631 3626 697">
     <span class='ocr_line' id='line_1_20' title="bbox 2116 631 3626 697; baseline 0.004 -16"><span class='ocrx_word' id='word_1_138' title='bbox 2116 631 2381 683; x_wconf 77' lang='lat' dir='ltr'><strong>fruendam</strong></span> <span class='ocrx_word' id='word_1_139' title='bbox 2426 646 2441 682; x_wconf 90' lang='lat'>:</span> <span class='ocrx_word' id='word_1_140' title='bbox 2488 645 2688 683; x_wconf 84' lang='lat' dir='ltr'><strong>necnon</strong></span> <span class='ocrx_word' id='word_1_141' title='bbox 2752 640 2806 684; x_wconf 90' lang='lat' dir='ltr'><strong>et</strong></span> <span class='ocrx_word' id='word_1_142' title='bbox 2871 633 3207 685; x_wconf 84' lang='lat' dir='ltr'><strong>substantiam</strong></span> <span class='ocrx_word' id='word_1_143' title='bbox 3257 633 3626 697; x_wconf 81' lang='lat' dir='ltr'><strong>Cruarniperti,</strong></span> 
     </span>
    </p>
   </div>
   <div class='ocr_carea' id='block_1_21' title="bbox 2115 716 3633 788">
    <p class='ocr_par' dir='ltr' id='par_1_21' title="bbox 2115 716 3633 788">
     <span class='ocr_line' id='line_1_21' title="bbox 2115 716 3633 788; baseline 0.005 -21"><span class='ocrx_word' id='word_1_144' title='bbox 2115 730 2267 781; x_wconf 88' lang='lat' dir='ltr'><strong>quam</strong></span> <span class='ocrx_word' id='word_1_145' title='bbox 2289 725 2342 769; x_wconf 92' lang='lat' dir='ltr'><strong>et</strong></span> <span class='ocrx_word' id='word_1_146' title='bbox 2368 717 2464 783; x_wconf 90' lang='lat' dir='ltr'><strong>ipsi</strong></span> <span class='ocrx_word' id='word_1_147' title='bbox 2488 726 2680 769; x_wconf 79' lang='lat' dir='ltr'><strong>sanet-.e</strong></span> <span class='ocrx_word' id='word_1_148' title='bbox 2703 716 2907 782; x_wconf 72' lang='lat' dir='ltr'><strong>Sephire</strong></span> <span class='ocrx_word' id='word_1_149' title='bbox 2942 719 3256 771; x_wconf 85' lang='lat' dir='ltr'><strong>monasterio</strong></span> <span class='ocrx_word' id='word_1_150' title='bbox 3282 720 3524 788; x_wconf 76' lang='lat' dir='ltr'><strong>integram</strong></span> <span class='ocrx_word' id='word_1_151' title='bbox 3550 738 3633 788; x_wconf 77' lang='lat' dir='ltr'><strong>per</strong></span> 
     </span>
    </p>
   </div>
   <div class='ocr_carea' id='block_1_22' title="bbox 2118 802 3605 870">
    <p class='ocr_par' dir='ltr' id='par_1_22' title="bbox 2118 802 3605 870">
     <span class='ocr_line' id='line_1_22' title="bbox 2118 802 3605 870; baseline 0.006 -18"><span class='ocrx_word' id='word_1_152' title='bbox 2118 802 2286 854; x_wconf 80' lang='lat' dir='ltr'><strong>omnia</strong></span> <span class='ocrx_word' id='word_1_153' title='bbox 2314 803 2529 866; x_wconf 87' lang='lat' dir='ltr'><strong>obtulit;</strong></span> <span class='ocrx_word' id='word_1_154' title='bbox 2559 805 2777 870; x_wconf 85' lang='lat' dir='ltr'><strong>ideoque</strong></span> <span class='ocrx_word' id='word_1_155' title='bbox 2808 814 2980 857; x_wconf 88' lang='lat' dir='ltr'><strong>nostra</strong></span> <span class='ocrx_word' id='word_1_156' title='bbox 3016 806 3230 858; x_wconf 74' lang='lat' dir='ltr'><strong>facultas</strong></span> <span class='ocrx_word' id='word_1_157' title='bbox 3266 821 3470 860; x_wconf 91' lang='lat' dir='ltr'><strong>omnem</strong></span> <span class='ocrx_word' id='word_1_158' title='bbox 3513 811 3605 861; x_wconf 85' lang='lat' dir='ltr'><strong>sub</strong></span> 
     </span>
    </p>
   </div>
   <div class='ocr_carea' id='block_1_23' title="bbox 2115 891 3633 950">
    <p class='ocr_par' dir='ltr' id='par_1_23' title="bbox 2115 891 3633 950">
     <span class='ocr_line' id='line_1_23' title="bbox 2115 891 3633 950; baseline 0.007 -10"><span class='ocrx_word' id='word_1_159' title='bbox 2115 891 2353 943; x_wconf 87' lang='lat' dir='ltr'><strong>stantiam</strong></span> <span class='ocrx_word' id='word_1_160' title='bbox 2369 892 2649 945; x_wconf 88' lang='lat' dir='ltr'><strong>secundum</strong></span> <span class='ocrx_word' id='word_1_161' title='bbox 2674 900 2870 944; x_wconf 83' lang='lat' dir='ltr'><strong>textum</strong></span> <span class='ocrx_word' id='word_1_162' title='bbox 2890 893 3175 950; x_wconf 71' lang='lat' dir='ltr'><strong>olfertionis</strong></span> <span class='ocrx_word' id='word_1_163' title='bbox 3190 898 3501 950; x_wconf 86' lang='lat' dir='ltr'><strong>monasterio</strong></span> <span class='ocrx_word' id='word_1_164' title='bbox 3520 912 3633 950; x_wconf 89' lang='lat' dir='ltr'><strong>san-</strong></span> 
     </span>
    </p>
   </div>
   <div class='ocr_carea' id='block_1_24' title="bbox 2115 978 3631 1045">
    <p class='ocr_par' dir='ltr' id='par_1_24' title="bbox 2115 978 3631 1045">
     <span class='ocr_line' id='line_1_24' title="bbox 2115 978 3631 1045; baseline 0.008 -17"><span class='ocrx_word' id='word_1_165' title='bbox 2115 985 2212 1029; x_wconf 74' lang='lat' dir='ltr'><strong>ctre</strong></span> <span class='ocrx_word' id='word_1_166' title='bbox 2250 978 2454 1043; x_wconf 73' lang='lat' dir='ltr'><strong>Sephia:</strong></span> <span class='ocrx_word' id='word_1_167' title='bbox 2493 979 2820 1031; x_wconf 79' lang='lat' dir='ltr'><strong>continuavit</strong></span> <span class='ocrx_word' id='word_1_168' title='bbox 2857 982 3217 1045; x_wconf 78' lang='lat' dir='ltr'><strong>possidendam</strong></span> <span class='ocrx_word' id='word_1_169' title='bbox 3256 985 3393 1037; x_wconf 72' lang='lat' dir='ltr'><strong>:sed</strong></span> <span class='ocrx_word' id='word_1_170' title='bbox 3430 996 3480 1038; x_wconf 87' lang='lat' dir='ltr'><strong>et</strong></span> <span class='ocrx_word' id='word_1_171' title='bbox 3519 988 3631 1040; x_wconf 73' lang='lat' dir='ltr'><strong>sult—</strong></span> 
     </span>
    </p>
   </div>
   <div class='ocr_carea' id='block_1_25' title="bbox 2115 1065 3630 1138">
    <p class='ocr_par' dir='ltr' id='par_1_25' title="bbox 2115 1065 3630 1138">
     <span class='ocr_line' id='line_1_25' title="bbox 2115 1065 3630 1138; baseline 0.005 -21"><span class='ocrx_word' id='word_1_172' title='bbox 2115 1066 2356 1117; x_wconf 83' lang='lat' dir='ltr'><strong>stantiam</strong></span> <span class='ocrx_word' id='word_1_173' title='bbox 2385 1065 2596 1133; x_wconf 83' lang='lat' dir='ltr'><strong>majoris</strong></span> <span class='ocrx_word' id='word_1_174' title='bbox 2624 1066 2711 1117; x_wconf 92' lang='lat' dir='ltr'><strong>lilii</strong></span> <span class='ocrx_word' id='word_1_175' title='bbox 2755 1065 2994 1119; x_wconf 89' lang='lat' dir='ltr'><strong>Drabunii</strong></span> <span class='ocrx_word' id='word_1_176' title='bbox 3013 1107 3029 1129; x_wconf 89' lang='lat'><strong>,</strong></span> <span class='ocrx_word' id='word_1_177' title='bbox 3067 1070 3151 1134; x_wconf 88' lang='lat' dir='ltr'><strong>qui</strong></span> <span class='ocrx_word' id='word_1_178' title='bbox 3190 1078 3241 1138; x_wconf 69' lang='lat' dir='ltr'><strong>et</strong></span> <span class='ocrx_word' id='word_1_179' title='bbox 3270 1070 3382 1136; x_wconf 86' lang='lat' dir='ltr'><strong>ipse</strong></span> <span class='ocrx_word' id='word_1_180' title='bbox 3407 1072 3630 1124; x_wconf 83' lang='lat' dir='ltr'><strong>similiter</strong></span> 
     </span>
    </p>
   </div>
   <div class='ocr_carea' id='block_1_26' title="bbox 2116 1153 3627 1219">
    <p class='ocr_par' dir='ltr' id='par_1_26' title="bbox 2116 1153 3627 1219">
     <span class='ocr_line' id='line_1_26' title="bbox 2116 1153 3627 1219; baseline 0.005 -15"><span class='ocrx_word' id='word_1_181' title='bbox 2116 1162 2308 1206; x_wconf 64' lang='lat' dir='ltr'><strong>sanctae</strong></span> <span class='ocrx_word' id='word_1_182' title='bbox 2333 1153 2541 1219; x_wconf 57' lang='lat' dir='ltr'><strong>Scythia:</strong></span> <span class='ocrx_word' id='word_1_183' title='bbox 2571 1155 2890 1207; x_wconf 85' lang='lat' dir='ltr'><strong>monasterio</strong></span> <span class='ocrx_word' id='word_1_184' title='bbox 2911 1170 3093 1208; x_wconf 89' lang='lat' dir='ltr'><strong>omnes</strong></span> <span class='ocrx_word' id='word_1_185' title='bbox 3115 1172 3217 1210; x_wconf 85' lang='lat' dir='ltr'><strong>-res</strong></span> <span class='ocrx_word' id='word_1_186' title='bbox 3258 1172 3378 1211; x_wconf 86' lang='lat' dir='ltr'><strong>suas</strong></span> <span class='ocrx_word' id='word_1_187' title='bbox 3417 1160 3627 1211; x_wconf 82' lang='lat' dir='ltr'><strong>obtulit:</strong></span> 
     </span>
    </p>
   </div>
   <div class='ocr_carea' id='block_1_27' title="bbox 2118 1243 3631 1308">
    <p class='ocr_par' dir='ltr' id='par_1_27' title="bbox 2118 1243 3631 1308">
     <span class='ocr_line' id='line_1_27' title="bbox 2118 1243 3631 1308; baseline 0.005 -19"><span class='ocrx_word' id='word_1_188' title='bbox 2118 1250 2291 1291; x_wconf 81' lang='lat' dir='ltr'><strong>nostra</strong></span> <span class='ocrx_word' id='word_1_189' title='bbox 2338 1254 2458 1293; x_wconf 91' lang='lat' dir='ltr'><strong>vero</strong></span> <span class='ocrx_word' id='word_1_190' title='bbox 2496 1250 2723 1306; x_wconf 86' lang='lat' dir='ltr'><strong>potestas</strong></span> <span class='ocrx_word' id='word_1_191' title='bbox 2761 1243 3065 1308; x_wconf 86' lang='lat' dir='ltr'><strong>sublimata,</strong></span> <span class='ocrx_word' id='word_1_192' title='bbox 3098 1244 3432 1297; x_wconf 67' lang='lat' dir='ltr'><strong>substantiam</strong></span> <span class='ocrx_word' id='word_1_193' title='bbox 3458 1260 3631 1298; x_wconf 81' lang='lat' dir='ltr'><strong>secun-</strong></span> 
     </span>
    </p>
   </div>
   <div class='ocr_carea' id='block_1_28' title="bbox 2116 1328 3632 1385">
    <p class='ocr_par' dir='ltr' id='par_1_28' title="bbox 2116 1328 3632 1385">
     <span class='ocr_line' id='line_1_28' title="bbox 2116 1328 3632 1385; baseline 0.003 -6"><span class='ocrx_word' id='word_1_194' title='bbox 2116 1328 2235 1379; x_wconf 87' lang='lat' dir='ltr'><strong>dum</strong></span> <span class='ocrx_word' id='word_1_195' title='bbox 2263 1338 2455 1381; x_wconf 75' lang='lat' dir='ltr'><strong>textum</strong></span> <span class='ocrx_word' id='word_1_196' title='bbox 2485 1328 2770 1381; x_wconf 81' lang='lat' dir='ltr'><strong>otI&#39;ertiouis</strong></span> <span class='ocrx_word' id='word_1_197' title='bbox 2798 1331 2846 1381; x_wconf 93' lang='lat' dir='ltr'><strong>in</strong></span> <span class='ocrx_word' id='word_1_198' title='bbox 2874 1332 3054 1383; x_wconf 88' lang='lat' dir='ltr'><strong>eodem</strong></span> <span class='ocrx_word' id='word_1_199' title='bbox 3086 1332 3397 1383; x_wconf 87' lang='lat' dir='ltr'><strong>monasterio</strong></span> <span class='ocrx_word' id='word_1_200' title='bbox 3422 1332 3632 1385; x_wconf 82' lang='lat' dir='ltr'><strong>ﬁrmavit</strong></span> 
     </span>
    </p>
   </div>
   <div class='ocr_carea' id='block_1_29' title="bbox 2118 1416 3633 1484">
    <p class='ocr_par' dir='ltr' id='par_1_29' title="bbox 2118 1416 3633 1484">
     <span class='ocr_line' id='line_1_29' title="bbox 2118 1416 3633 1484; baseline 0.005 -20"><span class='ocrx_word' id='word_1_201' title='bbox 2118 1416 2423 1481; x_wconf 80' lang='lat' dir='ltr'><strong>possidenda</strong></span> <span class='ocrx_word' id='word_1_202' title='bbox 2451 1434 2463 1468; x_wconf 89' lang='lat'><strong>:</strong></span> <span class='ocrx_word' id='word_1_203' title='bbox 2487 1418 2576 1469; x_wconf 88' lang='lat' dir='ltr'><strong>sed</strong></span> <span class='ocrx_word' id='word_1_204' title='bbox 2598 1430 2646 1470; x_wconf 90' lang='lat' dir='ltr'><strong>et</strong></span> <span class='ocrx_word' id='word_1_205' title='bbox 2673 1420 3009 1468; x_wconf 86' lang='lat' dir='ltr'><strong>substantiam</strong></span> <span class='ocrx_word' id='word_1_206' title='bbox 3036 1418 3322 1484; x_wconf 68' lang='lat' dir='ltr'><strong>l‘ercgrinte</strong></span> <span class='ocrx_word' id='word_1_207' title='bbox 3342 1420 3454 1471; x_wconf 69' lang='lat' dir='ltr'><strong>(ilia:</strong></span> <span class='ocrx_word' id='word_1_208' title='bbox 3474 1420 3633 1471; x_wconf 81' lang='lat' dir='ltr'><strong>Thea-</strong></span> 
     </span>
    </p>
   </div>
   <div class='ocr_carea' id='block_1_30' title="bbox 2115 1505 3631 1573">
    <p class='ocr_par' dir='ltr' id='par_1_30' title="bbox 2115 1505 3631 1573">
     <span class='ocr_line' id='line_1_30' title="bbox 2115 1505 3631 1573; baseline 0.002 -16"><span class='ocrx_word' id='word_1_209' title='bbox 2115 1505 2306 1568; x_wconf 83' lang='lat' dir='ltr'><strong>sperti,</strong></span> <span class='ocrx_word' id='word_1_210' title='bbox 2350 1518 2502 1569; x_wconf 89' lang='lat' dir='ltr'><strong>quam</strong></span> <span class='ocrx_word' id='word_1_211' title='bbox 2548 1520 2722 1556; x_wconf 88' lang='lat' dir='ltr'><strong>secum</strong></span> <span class='ocrx_word' id='word_1_212' title='bbox 2760 1519 2877 1561; x_wconf 89' lang='lat' dir='ltr'><strong>cum</strong></span> <span class='ocrx_word' id='word_1_213' title='bbox 2907 1506 3147 1557; x_wconf 89' lang='lat' dir='ltr'><strong>omnibus</strong></span> <span class='ocrx_word' id='word_1_214' title='bbox 3179 1506 3329 1558; x_wconf 87' lang='lat' dir='ltr'><strong>rebus</strong></span> <span class='ocrx_word' id='word_1_215' title='bbox 3357 1506 3452 1559; x_wconf 88' lang='lat' dir='ltr'><strong>sibi</strong></span> <span class='ocrx_word' id='word_1_216' title='bbox 3489 1510 3631 1573; x_wconf 74' lang='lat' dir='ltr'><strong>perti-</strong></span> 
     </span>
    </p>
   </div>
   <div class='ocr_carea' id='block_1_31' title="bbox 2120 1591 3632 1662">
    <p class='ocr_par' dir='ltr' id='par_1_31' title="bbox 2120 1591 3632 1662">
     <span class='ocr_line' id='line_1_31' title="bbox 2120 1591 3632 1662; baseline 0.005 -22"><span class='ocrx_word' id='word_1_217' title='bbox 2120 1593 2388 1653; x_wconf 73' lang='lat' dir='ltr'><strong>rentibus,</strong></span> <span class='ocrx_word' id='word_1_218' title='bbox 2416 1591 2690 1646; x_wconf 86' lang='lat' dir='ltr'><strong>mobilibus</strong></span> <span class='ocrx_word' id='word_1_219' title='bbox 2715 1599 2768 1644; x_wconf 90' lang='lat' dir='ltr'><strong>et</strong></span> <span class='ocrx_word' id='word_1_220' title='bbox 2802 1591 3180 1654; x_wconf 72' lang='lat' dir='ltr'><strong>immobilibus,</strong></span> <span class='ocrx_word' id='word_1_221' title='bbox 3215 1603 3404 1647; x_wconf 68' lang='lat' dir='ltr'><strong>sanctze</strong></span> <span class='ocrx_word' id='word_1_222' title='bbox 3440 1596 3632 1662; x_wconf 74' lang='lat' dir='ltr'><strong>Sephire</strong></span> 
     </span>
    </p>
   </div>
   <div class='ocr_carea' id='block_1_32' title="bbox 2125 1677 3631 1743">
    <p class='ocr_par' dir='ltr' id='par_1_32' title="bbox 2125 1677 3631 1743">
     <span class='ocr_line' id='line_1_32' title="bbox 2125 1677 3631 1743; baseline 0.003 -16"><span class='ocrx_word' id='word_1_223' title='bbox 2125 1677 2439 1729; x_wconf 72' lang='lat' dir='ltr'><strong>tuona~tetio</strong></span> <span class='ocrx_word' id='word_1_224' title='bbox 2484 1678 2657 1729; x_wconf 87' lang='lat' dir='ltr'><strong>divina</strong></span> <span class='ocrx_word' id='word_1_225' title='bbox 2698 1677 3037 1743; x_wconf 83' lang='lat' dir='ltr'><strong>contemplata</strong></span> <span class='ocrx_word' id='word_1_226' title='bbox 3084 1692 3237 1733; x_wconf 89' lang='lat' dir='ltr'><strong>manu</strong></span> <span class='ocrx_word' id='word_1_227' title='bbox 3275 1679 3453 1731; x_wconf 87' lang='lat' dir='ltr'><strong>obtulit</strong></span> <span class='ocrx_word' id='word_1_228' title='bbox 3484 1680 3631 1732; x_wconf 59' lang='lat' dir='ltr'><strong>ﬁdeli.</strong></span> 
     </span>
    </p>
   </div>
   <div class='ocr_carea' id='block_1_33' title="bbox 503 1750 3626 1847">
    <p class='ocr_par' dir='ltr' id='par_1_33' title="bbox 503 1750 3626 1847">
     <span class='ocr_line' id='line_1_33' title="bbox 503 1750 3626 1847; baseline 0.002 -23"><span class='ocrx_word' id='word_1_229' title='bbox 503 1784 740 1826; x_wconf 90' lang='lat' dir='ltr'><strong>testatem</strong></span> <span class='ocrx_word' id='word_1_230' title='bbox 772 1750 1151 1840; x_wconf 82' lang='lat' dir='ltr'><strong>possidendam.</strong></span> <span class='ocrx_word' id='word_1_231' title='bbox 1190 1775 1288 1827; x_wconf 86' lang='lat' dir='ltr'><strong>Sed</strong></span> <span class='ocrx_word' id='word_1_232' title='bbox 1310 1785 1371 1847; x_wconf 88' lang='lat' dir='ltr'><strong>et</strong></span> <span class='ocrx_word' id='word_1_233' title='bbox 1394 1750 1751 1839; x_wconf 33' lang='lat' dir='ltr'><strong>&#39;ol‘lertionem,</strong></span> <span class='ocrx_word' id='word_1_234' title='bbox 1781 1750 1940 1838; x_wconf 76' lang='lat' dir='ltr'><strong>quain</strong></span> <span class='ocrx_word' id='word_1_235' title='bbox 1965 1775 2015 1835; x_wconf 85' lang='lat' dir='ltr'><strong>in</strong></span> <span class='ocrx_word' id='word_1_236' title='bbox 2050 1750 2088 1808; x_wconf 75' lang='grc' dir='ltr'><strong><em>Β</em></strong></span> <span class='ocrx_word' id='word_1_237' title='bbox 2120 1773 2226 1826; x_wconf 69' lang='grc' dir='ltr'><strong>ίθτὶ</strong></span> <span class='ocrx_word' id='word_1_238' title='bbox 2262 1772 2435 1816; x_wconf 67' lang='grc' dir='ltr'><strong>τιθείη</strong></span> <span class='ocrx_word' id='word_1_239' title='bbox 2466 1779 2590 1817; x_wconf 70' lang='lat' dir='ltr'><strong>Vero</strong></span> <span class='ocrx_word' id='word_1_240' title='bbox 2621 1772 2846 1830; x_wconf 61' lang='grc' dir='ltr'><strong>Ροιθεῑθε</strong></span> <span class='ocrx_word' id='word_1_241' title='bbox 2876 1765 3049 1817; x_wconf 76' lang='grc' dir='ltr'><strong>ο¹¹¹¹¹ί³</strong></span> <span class='ocrx_word' id='word_1_242' title='bbox 3073 1780 3187 1831; x_wconf 60' lang='lat' dir='ltr'><strong>qua?</strong></span> <span class='ocrx_word' id='word_1_243' title='bbox 3212 1766 3276 1817; x_wconf 67' lang='lat' dir='ltr'><strong>ad</strong></span> <span class='ocrx_word' id='word_1_244' title='bbox 3301 1767 3509 1820; x_wconf 62' lang='lat' dir='ltr'><strong>eandem</strong></span> <span class='ocrx_word' id='word_1_245' title='bbox 3537 1765 3626 1821; x_wconf 61' lang='lat'><strong>[’0‘</strong></span> 
     </span>
    </p>
   </div>
   <div class='ocr_carea' id='block_1_34' title="bbox 502 1861 2017 1928">
    <p class='ocr_par' dir='ltr' id='par_1_34' title="bbox 502 1861 2017 1928">
     <span class='ocr_line' id='line_1_34' title="bbox 502 1861 2017 1928; baseline 0.003 -17"><span class='ocrx_word' id='word_1_246' title='bbox 502 1863 808 1927; x_wconf 69' lang='lat' dir='ltr'><strong>supradicta:</strong></span> <span class='ocrx_word' id='word_1_247' title='bbox 837 1870 1028 1914; x_wconf 73' lang='lat' dir='ltr'><strong>sanctte</strong></span> <span class='ocrx_word' id='word_1_248' title='bbox 1059 1861 1264 1928; x_wconf 74' lang='lat' dir='ltr'><strong>Sophia:</strong></span> <span class='ocrx_word' id='word_1_249' title='bbox 1290 1864 1602 1915; x_wconf 83' lang='lat' dir='ltr'><strong>monasterio</strong></span> <span class='ocrx_word' id='word_1_250' title='bbox 1631 1863 1925 1916; x_wconf 72' lang='lat' dir='ltr'><strong>ltoderisius</strong></span> <span class='ocrx_word' id='word_1_251' title='bbox 1959 1866 2017 1915; x_wconf 81' lang='lat' dir='ltr'><strong>ft-</strong></span> 
     </span>
    </p>
   </div>
   <div class='ocr_carea' id='block_1_35' title="bbox 496 1948 2017 2005">
    <p class='ocr_par' dir='ltr' id='par_1_35' title="bbox 496 1948 2017 2005">
     <span class='ocr_line' id='line_1_35' title="bbox 496 1948 2017 2005; baseline 0.002 -4"><span class='ocrx_word' id='word_1_252' title='bbox 496 1950 594 2001; x_wconf 90' lang='lat' dir='ltr'><strong>lius</strong></span> <span class='ocrx_word' id='word_1_253' title='bbox 624 1948 865 2002; x_wconf 78' lang='lat' dir='ltr'><strong>Rodichis</strong></span> <span class='ocrx_word' id='word_1_254' title='bbox 889 1950 1187 2003; x_wconf 88' lang='lat' dir='ltr'><strong>habitatoris</strong></span> <span class='ocrx_word' id='word_1_255' title='bbox 1211 1950 1428 2002; x_wconf 84' lang='lat' dir='ltr'><strong>civitatis</strong></span> <span class='ocrx_word' id='word_1_256' title='bbox 1450 1960 1639 2001; x_wconf 63' lang='lat' dir='ltr'><strong>nostra:</strong></span> <span class='ocrx_word' id='word_1_257' title='bbox 1660 1952 2017 2005; x_wconf 67' lang='lat' dir='ltr'><strong>cousi:ntieute</strong></span> 
     </span>
    </p>
   </div>
   <div class='ocr_carea' id='block_1_36' title="bbox 498 2038 2015 2103">
    <p class='ocr_par' dir='ltr' id='par_1_36' title="bbox 498 2038 2015 2103">
     <span class='ocr_line' id='line_1_36' title="bbox 498 2038 2015 2103; baseline 0.003 -15"><span class='ocrx_word' id='word_1_258' title='bbox 498 2048 668 2090; x_wconf 83' lang='lat' dir='ltr'><strong>nostra</strong></span> <span class='ocrx_word' id='word_1_259' title='bbox 701 2045 952 2103; x_wconf 88' lang='lat' dir='ltr'><strong>potestate</strong></span> <span class='ocrx_word' id='word_1_260' title='bbox 976 2038 1195 2102; x_wconf 88' lang='lat' dir='ltr'><strong>obtulit,</strong></span> <span class='ocrx_word' id='word_1_261' title='bbox 1226 2039 1529 2091; x_wconf 82' lang='lat' dir='ltr'><strong>servandum</strong></span> <span class='ocrx_word' id='word_1_262' title='bbox 1562 2042 1909 2092; x_wconf 80' lang='lat' dir='ltr'><strong>testimonium</strong></span> <span class='ocrx_word' id='word_1_263' title='bbox 1936 2042 2015 2092; x_wconf 78' lang='lat' dir='ltr'><strong>of-</strong></span> 
     </span>
    </p>
   </div>
   <div class='ocr_carea' id='block_1_37' title="bbox 498 2124 2017 2190">
    <p class='ocr_par' dir='ltr' id='par_1_37' title="bbox 498 2124 2017 2190">
     <span class='ocr_line' id='line_1_37' title="bbox 498 2124 2017 2190; baseline 0.004 -17"><span class='ocrx_word' id='word_1_264' title='bbox 498 2124 749 2187; x_wconf 85' lang='lat' dir='ltr'><strong>tertionis,</strong></span> <span class='ocrx_word' id='word_1_265' title='bbox 781 2124 1094 2177; x_wconf 87' lang='lat' dir='ltr'><strong>lirmavimus</strong></span> <span class='ocrx_word' id='word_1_266' title='bbox 1118 2124 1498 2190; x_wconf 85' lang='lat' dir='ltr'><strong>perl‘rueudam.</strong></span> <span class='ocrx_word' id='word_1_267' title='bbox 1528 2126 1631 2179; x_wconf 87' lang='lat' dir='ltr'><strong>Nec</strong></span> <span class='ocrx_word' id='word_1_268' title='bbox 1650 2141 1751 2178; x_wconf 91' lang='lat' dir='ltr'><strong>non</strong></span> <span class='ocrx_word' id='word_1_269' title='bbox 1771 2135 1823 2179; x_wconf 92' lang='lat' dir='ltr'><strong>et</strong></span> <span class='ocrx_word' id='word_1_270' title='bbox 1846 2140 2017 2179; x_wconf 89' lang='lat' dir='ltr'><strong>casam</strong></span> 
     </span>
    </p>
   </div>
   <div class='ocr_carea' id='block_1_38' title="bbox 498 2208 2015 2283">
    <p class='ocr_par' dir='ltr' id='par_1_38' title="bbox 498 2208 2015 2283">
     <span class='ocr_line' id='line_1_38' title="bbox 498 2208 2015 2283; baseline 0.004 -23"><span class='ocrx_word' id='word_1_271' title='bbox 498 2212 546 2261; x_wconf 88' lang='lat' dir='ltr'><strong>in</strong></span> <span class='ocrx_word' id='word_1_272' title='bbox 578 2210 803 2277; x_wconf 76' lang='lat' dir='ltr'><strong>Papiann</strong></span> <span class='ocrx_word' id='word_1_273' title='bbox 828 2225 983 2279; x_wconf 86' lang='lat' dir='ltr'><strong>super</strong></span> <span class='ocrx_word' id='word_1_274' title='bbox 1012 2208 1365 2279; x_wconf 62' lang='lat' dir='ltr'><strong>Trane,&#39;quae</strong></span> <span class='ocrx_word' id='word_1_275' title='bbox 1395 2210 1487 2265; x_wconf 81' lang='lat' dir='ltr'><strong>fuit</strong></span> <span class='ocrx_word' id='word_1_276' title='bbox 1516 2213 1593 2283; x_wconf 83' lang='lat' dir='ltr'><strong>de</strong></span> <span class='ocrx_word' id='word_1_277' title='bbox 1637 2216 1802 2266; x_wconf 89' lang='lat' dir='ltr'><strong>servis</strong></span> <span class='ocrx_word' id='word_1_278' title='bbox 1844 2216 2015 2281; x_wconf 85' lang='lat' dir='ltr'><strong>palatii</strong></span> 
     </span>
    </p>
   </div>
   <div class='ocr_carea' id='block_1_39' title="bbox 501 2298 2017 2368">
    <p class='ocr_par' dir='ltr' id='par_1_39' title="bbox 501 2298 2017 2368">
     <span class='ocr_line' id='line_1_39' title="bbox 501 2298 2017 2368; baseline 0.005 -20"><span class='ocrx_word' id='word_1_279' title='bbox 501 2300 696 2365; x_wconf 56' lang='lat' dir='ltr'><strong>nostri,</strong></span> <span class='ocrx_word' id='word_1_280' title='bbox 728 2313 880 2363; x_wconf 84' lang='lat' dir='ltr'><strong>quam</strong></span> <span class='ocrx_word' id='word_1_281' title='bbox 908 2298 1131 2352; x_wconf 79' lang='lat' dir='ltr'><strong>Joannes</strong></span> <span class='ocrx_word' id='word_1_282' title='bbox 1168 2301 1394 2354; x_wconf 61' lang='lat' dir='ltr'><strong>notarius</strong></span> <span class='ocrx_word' id='word_1_283' title='bbox 1442 2316 1533 2367; x_wconf 90' lang='lat' dir='ltr'><strong>per</strong></span> <span class='ocrx_word' id='word_1_284' title='bbox 1576 2311 1884 2368; x_wconf 71' lang='lat' dir='ltr'><strong>praeceptum</strong></span> <span class='ocrx_word' id='word_1_285' title='bbox 1926 2303 2017 2355; x_wconf 78' lang='lat' dir='ltr'><strong>tal-</strong></span> 
     </span>
    </p>
   </div>
   <div class='ocr_carea' id='block_1_40' title="bbox 504 2386 2019 2455">
    <p class='ocr_par' dir='ltr' id='par_1_40' title="bbox 504 2386 2019 2455">
     <span class='ocr_line' id='line_1_40' title="bbox 504 2386 2019 2455; baseline 0.007 -21"><span class='ocrx_word' id='word_1_286' title='bbox 504 2401 615 2437; x_wconf 84' lang='lat' dir='ltr'><strong>snm</strong></span> <span class='ocrx_word' id='word_1_287' title='bbox 656 2386 977 2451; x_wconf 77' lang='lat' dir='ltr'><strong>possidebat,</strong></span> <span class='ocrx_word' id='word_1_288' title='bbox 1012 2388 1145 2440; x_wconf 90' lang='lat' dir='ltr'><strong>unde</strong></span> <span class='ocrx_word' id='word_1_289' title='bbox 1190 2388 1385 2455; x_wconf 79' lang='lat' dir='ltr'><strong>legibus</strong></span> <span class='ocrx_word' id='word_1_290' title='bbox 1431 2389 1493 2439; x_wconf 90' lang='lat' dir='ltr'><strong>ad</strong></span> <span class='ocrx_word' id='word_1_291' title='bbox 1540 2398 1764 2441; x_wconf 86' lang='lat' dir='ltr'><strong>nostram</strong></span> <span class='ocrx_word' id='word_1_292' title='bbox 1812 2390 2019 2444; x_wconf 86' lang='lat' dir='ltr'><strong>devenit</strong></span> 
     </span>
    </p>
   </div>
   <div class='ocr_carea' id='block_1_41' title="bbox 503 2474 2017 2545">
    <p class='ocr_par' dir='ltr' id='par_1_41' title="bbox 503 2474 2017 2545">
     <span class='ocr_line' id='line_1_41' title="bbox 503 2474 2017 2545; baseline 0.007 -24"><span class='ocrx_word' id='word_1_293' title='bbox 503 2482 828 2539; x_wconf 79' lang='lat' dir='ltr'><strong>potestatem.</strong></span> <span class='ocrx_word' id='word_1_294' title='bbox 854 2474 1032 2527; x_wconf 85' lang='lat' dir='ltr'><strong>Nostra</strong></span> <span class='ocrx_word' id='word_1_295' title='bbox 1061 2490 1261 2541; x_wconf 83' lang='lat' dir='ltr'><strong>quoque</strong></span> <span class='ocrx_word' id='word_1_296' title='bbox 1289 2486 1539 2542; x_wconf 58' lang='lat' dir='ltr'><strong>potestate</strong></span> <span class='ocrx_word' id='word_1_297' title='bbox 1569 2477 1733 2545; x_wconf 81' lang='lat' dir='ltr'><strong>largiti</strong></span> <span class='ocrx_word' id='word_1_298' title='bbox 1761 2493 1941 2532; x_wconf 88' lang='lat' dir='ltr'><strong>sumus</strong></span> <span class='ocrx_word' id='word_1_299' title='bbox 1968 2481 2017 2532; x_wconf 91' lang='lat' dir='ltr'><strong>in</strong></span> 
     </span>
    </p>
   </div>
   <div class='ocr_carea' id='block_1_42' title="bbox 501 2565 2016 2633">
    <p class='ocr_par' dir='ltr' id='par_1_42' title="bbox 501 2565 2016 2633">
     <span class='ocr_line' id='line_1_42' title="bbox 501 2565 2016 2633; baseline 0.006 -21"><span class='ocrx_word' id='word_1_300' title='bbox 501 2565 679 2615; x_wconf 75' lang='lat' dir='ltr'><strong>eodem</strong></span> <span class='ocrx_word' id='word_1_301' title='bbox 708 2565 822 2617; x_wconf 90' lang='lat' dir='ltr'><strong>loco</strong></span> <span class='ocrx_word' id='word_1_302' title='bbox 849 2580 992 2617; x_wconf 83' lang='lat' dir='ltr'><strong>casas</strong></span> <span class='ocrx_word' id='word_1_303' title='bbox 1016 2580 1126 2629; x_wconf 81' lang='lat' dir='ltr'><strong>sex,</strong></span> <span class='ocrx_word' id='word_1_304' title='bbox 1154 2572 1265 2631; x_wconf 71' lang='lat' dir='ltr'><strong>qua:</strong></span> <span class='ocrx_word' id='word_1_305' title='bbox 1297 2579 1538 2633; x_wconf 82' lang='lat' dir='ltr'><strong>reguntur</strong></span> <span class='ocrx_word' id='word_1_306' title='bbox 1565 2582 1655 2633; x_wconf 91' lang='lat' dir='ltr'><strong>per</strong></span> <span class='ocrx_word' id='word_1_307' title='bbox 1677 2567 2016 2622; x_wconf 87' lang='lat' dir='ltr'><strong>Gaiderisium</strong></span> 
     </span>
    </p>
   </div>
   <div class='ocr_carea' id='block_1_43' title="bbox 498 2653 2015 2719">
    <p class='ocr_par' dir='ltr' id='par_1_43' title="bbox 498 2653 2015 2719">
     <span class='ocr_line' id='line_1_43' title="bbox 498 2653 2015 2719; baseline 0.008 -20"><span class='ocrx_word' id='word_1_308' title='bbox 498 2667 612 2702; x_wconf 85' lang='lat' dir='ltr'><strong>cum</strong></span> <span class='ocrx_word' id='word_1_309' title='bbox 643 2667 831 2715; x_wconf 81' lang='lat' dir='ltr'><strong>uxore,</strong></span> <span class='ocrx_word' id='word_1_310' title='bbox 860 2662 911 2704; x_wconf 87' lang='lat' dir='ltr'><strong>et</strong></span> <span class='ocrx_word' id='word_1_311' title='bbox 941 2653 1089 2719; x_wconf 91' lang='lat' dir='ltr'><strong>liliis,</strong></span> <span class='ocrx_word' id='word_1_312' title='bbox 1120 2663 1172 2705; x_wconf 88' lang='lat' dir='ltr'><strong>et</strong></span> <span class='ocrx_word' id='word_1_313' title='bbox 1201 2655 1435 2706; x_wconf 88' lang='lat' dir='ltr'><strong>omnibus</strong></span> <span class='ocrx_word' id='word_1_314' title='bbox 1471 2655 1565 2707; x_wconf 87' lang='lat' dir='ltr'><strong>sibi</strong></span> <span class='ocrx_word' id='word_1_315' title='bbox 1596 2656 1969 2719; x_wconf 81' lang='lat' dir='ltr'><strong>pertinentibus</strong></span> <span class='ocrx_word' id='word_1_316' title='bbox 2000 2673 2015 2710; x_wconf 87' lang='lat'><strong>:</strong></span> 
     </span>
    </p>
   </div>
   <div class='ocr_carea' id='block_1_44' title="bbox 501 2741 2020 2815">
    <p class='ocr_par' dir='ltr' id='par_1_44' title="bbox 501 2741 2020 2815">
     <span class='ocr_line' id='line_1_44' title="bbox 501 2741 2020 2815; baseline 0.004 -25"><span class='ocrx_word' id='word_1_317' title='bbox 501 2753 670 2790; x_wconf 83' lang='lat' dir='ltr'><strong>casam</strong></span> <span class='ocrx_word' id='word_1_318' title='bbox 711 2754 822 2803; x_wconf 74' lang='lat' dir='ltr'><strong>qua&quot;:</strong></span> <span class='ocrx_word' id='word_1_319' title='bbox 853 2744 1049 2815; x_wconf 76' lang='lat' dir='ltr'><strong>regitur</strong></span> <span class='ocrx_word' id='word_1_320' title='bbox 1076 2754 1164 2807; x_wconf 83' lang='lat' dir='ltr'><strong>per</strong></span> <span class='ocrx_word' id='word_1_321' title='bbox 1200 2741 1537 2794; x_wconf 78' lang='lat' dir='ltr'><strong>Creobaldum</strong></span> <span class='ocrx_word' id='word_1_322' title='bbox 1576 2756 1692 2796; x_wconf 88' lang='lat' dir='ltr'><strong>cum</strong></span> <span class='ocrx_word' id='word_1_323' title='bbox 1734 2766 1941 2815; x_wconf 43' lang='grc' dir='ltr'><strong>ωπον</strong></span> <span class='ocrx_word' id='word_1_324' title='bbox 1965 2763 2020 2806; x_wconf 72' lang='grc' dir='ltr'><strong>ει</strong></span> 
     </span>
    </p>
   </div>
   <div class='ocr_carea' id='block_1_45' title="bbox 496 2812 2021 2906">
    <p class='ocr_par' dir='ltr' id='par_1_45' title="bbox 496 2812 2021 2906">
     <span class='ocr_line' id='line_1_45' title="bbox 496 2812 2021 2906; baseline 0.012 -30"><span class='ocrx_word' id='word_1_325' title='bbox 496 2825 647 2888; x_wconf 79' lang='lat' dir='ltr'><strong>ﬁliis,</strong></span> <span class='ocrx_word' id='word_1_326' title='bbox 678 2834 729 2877; x_wconf 79' lang='lat' dir='ltr'><strong>et</strong></span> <span class='ocrx_word' id='word_1_327' title='bbox 756 2828 992 2879; x_wconf 87' lang='lat' dir='ltr'><strong>omnibus</strong></span> <span class='ocrx_word' id='word_1_328' title='bbox 1030 2812 1128 2880; x_wconf 79' lang='lat' dir='ltr'><strong>sibi</strong></span> <span class='ocrx_word' id='word_1_329' title='bbox 1170 2840 1572 2901; x_wconf 74' lang='lat' dir='ltr'><strong>pertinentibus;</strong></span> <span class='ocrx_word' id='word_1_330' title='bbox 1599 2851 1770 2892; x_wconf 83' lang='lat' dir='ltr'><strong>casam</strong></span> <span class='ocrx_word' id='word_1_331' title='bbox 1799 2812 2021 2906; x_wconf 33' lang='lat' dir='ltr'><strong>quae—re-</strong></span> 
     </span>
    </p>
   </div>
   <div class='ocr_carea' id='block_1_46' title="bbox 497 2924 2022 2990">
    <p class='ocr_par' dir='ltr' id='par_1_46' title="bbox 497 2924 2022 2990">
     <span class='ocr_line' id='line_1_46' title="bbox 497 2924 2022 2990; baseline 0.005 -18"><span class='ocrx_word' id='word_1_332' title='bbox 497 2924 632 2987; x_wconf 80' lang='lat' dir='ltr'><strong>gitur</strong></span> <span class='ocrx_word' id='word_1_333' title='bbox 663 2937 749 2989; x_wconf 87' lang='lat' dir='ltr'><strong>per</strong></span> <span class='ocrx_word' id='word_1_334' title='bbox 777 2928 1097 2975; x_wconf 68' lang='lat' dir='ltr'><strong>Ausetanum</strong></span> <span class='ocrx_word' id='word_1_335' title='bbox 1138 2938 1253 2975; x_wconf 88' lang='lat' dir='ltr'><strong>cum</strong></span> <span class='ocrx_word' id='word_1_336' title='bbox 1281 2939 1467 2990; x_wconf 78' lang='lat' dir='ltr'><strong>more,</strong></span> <span class='ocrx_word' id='word_1_337' title='bbox 1499 2933 1551 2978; x_wconf 89' lang='lat' dir='ltr'><strong>et</strong></span> <span class='ocrx_word' id='word_1_338' title='bbox 1590 2926 1735 2988; x_wconf 88' lang='lat' dir='ltr'><strong>liliis,</strong></span> <span class='ocrx_word' id='word_1_339' title='bbox 1777 2937 1829 2979; x_wconf 94' lang='lat' dir='ltr'><strong>et</strong></span> <span class='ocrx_word' id='word_1_340' title='bbox 1857 2931 2022 2981; x_wconf 86' lang='lat' dir='ltr'><strong>omni-</strong></span> 
     </span>
    </p>
   </div>
   <div class='ocr_carea' id='block_1_47' title="bbox 501 3011 2021 3082">
    <p class='ocr_par' dir='ltr' id='par_1_47' title="bbox 501 3011 2021 3082">
     <span class='ocr_line' id='line_1_47' title="bbox 501 3011 2021 3082; baseline 0.003 -20"><span class='ocrx_word' id='word_1_341' title='bbox 501 3012 595 3063; x_wconf 92' lang='lat' dir='ltr'><strong>bus</strong></span> <span class='ocrx_word' id='word_1_342' title='bbox 624 3011 718 3065; x_wconf 91' lang='lat' dir='ltr'><strong>sibi</strong></span> <span class='ocrx_word' id='word_1_343' title='bbox 749 3011 1119 3077; x_wconf 82' lang='lat' dir='ltr'><strong>pertinentibus</strong></span> <span class='ocrx_word' id='word_1_344' title='bbox 1146 3028 1159 3062; x_wconf 91' lang='lat'><strong>:</strong></span> <span class='ocrx_word' id='word_1_345' title='bbox 1189 3026 1357 3064; x_wconf 86' lang='lat' dir='ltr'><strong>casam</strong></span> <span class='ocrx_word' id='word_1_346' title='bbox 1394 3029 1507 3079; x_wconf 73' lang='lat' dir='ltr'><strong>qua:</strong></span> <span class='ocrx_word' id='word_1_347' title='bbox 1550 3016 1745 3080; x_wconf 79' lang='lat' dir='ltr'><strong>regitur</strong></span> <span class='ocrx_word' id='word_1_348' title='bbox 1782 3028 1872 3082; x_wconf 85' lang='lat' dir='ltr'><strong>per</strong></span> <span class='ocrx_word' id='word_1_349' title='bbox 1898 3015 2021 3070; x_wconf 84' lang='lat' dir='ltr'><strong>Per-</strong></span> 
     </span>
    </p>
   </div>
   <div class='ocr_carea' id='block_1_48' title="bbox 504 3099 2018 3173">
    <p class='ocr_par' dir='ltr' id='par_1_48' title="bbox 504 3099 2018 3173">
     <span class='ocr_line' id='line_1_48' title="bbox 504 3099 2018 3173; baseline 0.004 -22"><span class='ocrx_word' id='word_1_350' title='bbox 504 3100 660 3153; x_wconf 90' lang='lat' dir='ltr'><strong>tulum</strong></span> <span class='ocrx_word' id='word_1_351' title='bbox 690 3114 803 3152; x_wconf 91' lang='lat' dir='ltr'><strong>cum</strong></span> <span class='ocrx_word' id='word_1_352' title='bbox 834 3114 1013 3161; x_wconf 82' lang='lat' dir='ltr'><strong>uxore,</strong></span> <span class='ocrx_word' id='word_1_353' title='bbox 1046 3110 1095 3153; x_wconf 89' lang='lat' dir='ltr'><strong>et</strong></span> <span class='ocrx_word' id='word_1_354' title='bbox 1124 3099 1261 3164; x_wconf 83' lang='lat' dir='ltr'><strong>ﬁliis,</strong></span> <span class='ocrx_word' id='word_1_355' title='bbox 1292 3108 1346 3173; x_wconf 90' lang='lat' dir='ltr'><strong>et_</strong></span> <span class='ocrx_word' id='word_1_356' title='bbox 1372 3101 1605 3153; x_wconf 81' lang='lat' dir='ltr'><strong>omnibus</strong></span> <span class='ocrx_word' id='word_1_357' title='bbox 1632 3103 1727 3155; x_wconf 88' lang='lat' dir='ltr'><strong>sibi</strong></span> <span class='ocrx_word' id='word_1_358' title='bbox 1757 3103 2018 3169; x_wconf 85' lang='lat' dir='ltr'><strong>pertinen-</strong></span> 
     </span>
    </p>
   </div>
   <div class='ocr_carea' id='block_1_49' title="bbox 504 3190 2016 3257">
    <p class='ocr_par' dir='ltr' id='par_1_49' title="bbox 504 3190 2016 3257">
     <span class='ocr_line' id='line_1_49' title="bbox 504 3190 2016 3257; baseline 0.003 -14"><span class='ocrx_word' id='word_1_359' title='bbox 504 3194 637 3245; x_wconf 86' lang='lat' dir='ltr'><strong>tibus</strong></span> <span class='ocrx_word' id='word_1_360' title='bbox 680 3208 691 3242; x_wconf 92' lang='lat'><strong>:</strong></span> <span class='ocrx_word' id='word_1_361' title='bbox 742 3204 911 3243; x_wconf 87' lang='lat' dir='ltr'><strong>casam</strong></span> <span class='ocrx_word' id='word_1_362' title='bbox 958 3204 1071 3257; x_wconf 72' lang='lat' dir='ltr'><strong>qure</strong></span> <span class='ocrx_word' id='word_1_363' title='bbox 1120 3192 1309 3255; x_wconf 86' lang='lat' dir='ltr'><strong>regitur</strong></span> <span class='ocrx_word' id='word_1_364' title='bbox 1349 3205 1439 3256; x_wconf 90' lang='lat' dir='ltr'><strong>per</strong></span> <span class='ocrx_word' id='word_1_365' title='bbox 1481 3190 1862 3246; x_wconf 84' lang='lat' dir='ltr'><strong>Tautecaudum</strong></span> <span class='ocrx_word' id='word_1_366' title='bbox 1903 3208 2016 3247; x_wconf 91' lang='lat' dir='ltr'><strong>cum</strong></span> 
     </span>
    </p>
   </div>
   <div class='ocr_carea' id='block_1_50' title="bbox 502 3279 2017 3347">
    <p class='ocr_par' dir='ltr' id='par_1_50' title="bbox 502 3279 2017 3347">
     <span class='ocr_line' id='line_1_50' title="bbox 502 3279 2017 3347; baseline 0.002 -15"><span class='ocrx_word' id='word_1_367' title='bbox 502 3296 679 3341; x_wconf 79' lang='lat' dir='ltr'><strong>uxore,</strong></span> <span class='ocrx_word' id='word_1_368' title='bbox 711 3290 761 3332; x_wconf 91' lang='lat' dir='ltr'><strong>et</strong></span> <span class='ocrx_word' id='word_1_369' title='bbox 782 3279 927 3343; x_wconf 82' lang='lat' dir='ltr'><strong>(iliis,</strong></span> <span class='ocrx_word' id='word_1_370' title='bbox 961 3289 1014 3332; x_wconf 90' lang='lat' dir='ltr'><strong>et</strong></span> <span class='ocrx_word' id='word_1_371' title='bbox 1038 3280 1276 3333; x_wconf 88' lang='lat' dir='ltr'><strong>omnibus</strong></span> <span class='ocrx_word' id='word_1_372' title='bbox 1298 3280 1393 3332; x_wconf 83' lang='lat' dir='ltr'><strong>sibi</strong></span> <span class='ocrx_word' id='word_1_373' title='bbox 1417 3280 1786 3347; x_wconf 85' lang='lat' dir='ltr'><strong>pertinentibus</strong></span> <span class='ocrx_word' id='word_1_374' title='bbox 1811 3301 1821 3334; x_wconf 79' lang='grc' dir='ltr'>ε</span> <span class='ocrx_word' id='word_1_375' title='bbox 1847 3298 2017 3336; x_wconf 84' lang='lat' dir='ltr'><strong>casam</strong></span> 
     </span>
    </p>
   </div>
   <div class='ocr_carea' id='block_1_51' title="bbox 501 3368 2020 3438">
    <p class='ocr_par' dir='ltr' id='par_1_51' title="bbox 501 3368 2020 3438">
     <span class='ocr_line' id='line_1_51' title="bbox 501 3368 2020 3438; baseline 0.003 -20"><span class='ocrx_word' id='word_1_376' title='bbox 501 3384 614 3433; x_wconf 75' lang='lat' dir='ltr'><strong>quze</strong></span> <span class='ocrx_word' id='word_1_377' title='bbox 657 3369 847 3436; x_wconf 85' lang='lat' dir='ltr'><strong>regitur</strong></span> <span class='ocrx_word' id='word_1_378' title='bbox 890 3384 979 3436; x_wconf 90' lang='lat' dir='ltr'><strong>per</strong></span> <span class='ocrx_word' id='word_1_379' title='bbox 1020 3368 1304 3431; x_wconf 82' lang='lat' dir='ltr'><strong>Firmium,</strong></span> <span class='ocrx_word' id='word_1_380' title='bbox 1344 3370 1529 3436; x_wconf 80' lang='lat' dir='ltr'><strong>singuli</strong></span> <span class='ocrx_word' id='word_1_381' title='bbox 1574 3384 1690 3422; x_wconf 91' lang='lat' dir='ltr'><strong>cum</strong></span> <span class='ocrx_word' id='word_1_382' title='bbox 1736 3384 1924 3438; x_wconf 80' lang='lat' dir='ltr'><strong>uxore,</strong></span> <span class='ocrx_word' id='word_1_383' title='bbox 1970 3381 2020 3425; x_wconf 92' lang='lat' dir='ltr'><strong>et</strong></span> 
     </span>
    </p>
   </div>
   <div class='ocr_carea' id='block_1_52' title="bbox 505 3453 2021 3521">
    <p class='ocr_par' dir='ltr' id='par_1_52' title="bbox 505 3453 2021 3521">
     <span class='ocr_line' id='line_1_52' title="bbox 505 3453 2021 3521; baseline 0.004 -16"><span class='ocrx_word' id='word_1_384' title='bbox 505 3454 649 3516; x_wconf 87' lang='lat' dir='ltr'><strong>liliis,</strong></span> <span class='ocrx_word' id='word_1_385' title='bbox 680 3465 729 3505; x_wconf 82' lang='lat' dir='ltr'><strong>et</strong></span> <span class='ocrx_word' id='word_1_386' title='bbox 758 3455 996 3505; x_wconf 90' lang='lat' dir='ltr'><strong>omnibus</strong></span> <span class='ocrx_word' id='word_1_387' title='bbox 1028 3453 1124 3506; x_wconf 79' lang='lat' dir='ltr'><strong>sibi</strong></span> <span class='ocrx_word' id='word_1_388' title='bbox 1167 3454 1571 3520; x_wconf 83' lang='lat' dir='ltr'><strong>pertinentibus,</strong></span> <span class='ocrx_word' id='word_1_389' title='bbox 1618 3470 1731 3521; x_wconf 67' lang='lat' dir='ltr'><strong>qum</strong></span> <span class='ocrx_word' id='word_1_390' title='bbox 1777 3455 1931 3510; x_wconf 76' lang='lat' dir='ltr'><strong>frater</strong></span> <span class='ocrx_word' id='word_1_391' title='bbox 1956 3458 2021 3511; x_wconf 89' lang='lat' dir='ltr'><strong>de</strong></span> 
     </span>
    </p>
   </div>
   <div class='ocr_carea' id='block_1_53' title="bbox 502 3533 2024 3612">
    <p class='ocr_par' dir='ltr' id='par_1_53' title="bbox 502 3533 2024 3612">
     <span class='ocr_line' id='line_1_53' title="bbox 502 3533 2024 3612; baseline 0.007 -24"><span class='ocrx_word' id='word_1_392' title='bbox 502 3541 768 3605; x_wconf 65' lang='lat' dir='ltr'><strong>iudiciaria</strong></span> <span class='ocrx_word' id='word_1_393' title='bbox 797 3542 1038 3594; x_wconf 87' lang='lat' dir='ltr'><strong>canosina</strong></span> <span class='ocrx_word' id='word_1_394' title='bbox 1077 3541 1141 3595; x_wconf 87' lang='lat' dir='ltr'><strong>de</strong></span> <span class='ocrx_word' id='word_1_395' title='bbox 1191 3542 1525 3596; x_wconf 84' lang='lat' dir='ltr'><strong>subauctione</strong></span> <span class='ocrx_word' id='word_1_396' title='bbox 1552 3542 1806 3596; x_wconf 83' lang='lat' dir='ltr'><strong>Roderisii</strong></span> <span class='ocrx_word' id='word_1_397' title='bbox 1835 3533 2024 3612; x_wconf 81' lang='lat' dir='ltr'><strong>gastal-</strong></span> 
     </span>
    </p>
   </div>
   <div class='ocr_carea' id='block_1_54' title="bbox 503 3633 2023 3701">
    <p class='ocr_par' dir='ltr' id='par_1_54' title="bbox 503 3633 2023 3701">
     <span class='ocr_line' id='line_1_54' title="bbox 503 3633 2023 3701; baseline 0.005 -19"><span class='ocrx_word' id='word_1_398' title='bbox 503 3634 589 3684; x_wconf 70' lang='lat' dir='ltr'><strong>die</strong></span> <span class='ocrx_word' id='word_1_399' title='bbox 612 3643 808 3685; x_wconf 88' lang='lat' dir='ltr'><strong>nostro.</strong></span> <span class='ocrx_word' id='word_1_400' title='bbox 837 3633 937 3687; x_wconf 90' lang='lat' dir='ltr'><strong>Sed</strong></span> <span class='ocrx_word' id='word_1_401' title='bbox 967 3647 1017 3686; x_wconf 91' lang='lat' dir='ltr'><strong>et</strong></span> <span class='ocrx_word' id='word_1_402' title='bbox 1048 3635 1384 3688; x_wconf 80' lang='lat' dir='ltr'><strong>substantiam</strong></span> <span class='ocrx_word' id='word_1_403' title='bbox 1412 3634 1728 3701; x_wconf 83' lang='lat' dir='ltr'><strong>Teusprandi</strong></span> <span class='ocrx_word' id='word_1_404' title='bbox 1747 3673 1762 3700; x_wconf 89' lang='lat'><strong>,</strong></span> <span class='ocrx_word' id='word_1_405' title='bbox 1792 3645 1844 3691; x_wconf 89' lang='lat' dir='ltr'><strong>et</strong></span> <span class='ocrx_word' id='word_1_406' title='bbox 1868 3634 2023 3689; x_wconf 85' lang='lat' dir='ltr'><strong>Joan-</strong></span> 
     </span>
    </p>
   </div>
   <div class='ocr_carea' id='block_1_55' title="bbox 507 3719 2021 3789">
    <p class='ocr_par' dir='ltr' id='par_1_55' title="bbox 507 3719 2021 3789">
     <span class='ocr_line' id='line_1_55' title="bbox 507 3719 2021 3789; baseline 0.005 -20"><span class='ocrx_word' id='word_1_407' title='bbox 507 3722 586 3773; x_wconf 89' lang='lat' dir='ltr'><strong>nis</strong></span> <span class='ocrx_word' id='word_1_408' title='bbox 612 3759 625 3783; x_wconf 92' lang='lat'><strong>,</strong></span> <span class='ocrx_word' id='word_1_409' title='bbox 664 3730 716 3773; x_wconf 92' lang='lat' dir='ltr'><strong>et</strong></span> <span class='ocrx_word' id='word_1_410' title='bbox 744 3719 1010 3786; x_wconf 82' lang='lat' dir='ltr'><strong>Frosolgbi</strong></span> <span class='ocrx_word' id='word_1_411' title='bbox 1038 3732 1259 3774; x_wconf 85' lang='lat' dir='ltr'><strong>nostram</strong></span> <span class='ocrx_word' id='word_1_412' title='bbox 1288 3731 1496 3789; x_wconf 87' lang='lat' dir='ltr'><strong>propter</strong></span> <span class='ocrx_word' id='word_1_413' title='bbox 1518 3723 1706 3775; x_wconf 89' lang='lat' dir='ltr'><strong>lurtum</strong></span> <span class='ocrx_word' id='word_1_414' title='bbox 1739 3723 2021 3777; x_wconf 86' lang='lat' dir='ltr'><strong>solidorum</strong></span> 
     </span>
    </p>
   </div>
   <div class='ocr_carea' id='block_1_56' title="bbox 504 3809 2024 3879">
    <p class='ocr_par' dir='ltr' id='par_1_56' title="bbox 504 3809 2024 3879">
     <span class='ocr_line' id='line_1_56' title="bbox 504 3809 2024 3879; baseline 0.001 -18"><span class='ocrx_word' id='word_1_415' title='bbox 504 3824 591 3861; x_wconf 75' lang='lat' dir='ltr'><strong>sex</strong></span> <span class='ocrx_word' id='word_1_416' title='bbox 616 3810 876 3873; x_wconf 77' lang='lat' dir='ltr'><strong>millium,</strong></span> <span class='ocrx_word' id='word_1_417' title='bbox 915 3825 1043 3877; x_wconf 89' lang='lat' dir='ltr'><strong>quos</strong></span> <span class='ocrx_word' id='word_1_418' title='bbox 1072 3810 1216 3863; x_wconf 87' lang='lat' dir='ltr'><strong>nobis</strong></span> <span class='ocrx_word' id='word_1_419' title='bbox 1244 3809 1397 3865; x_wconf 79' lang='lat' dir='ltr'><strong>furati</strong></span> <span class='ocrx_word' id='word_1_420' title='bbox 1436 3821 1584 3873; x_wconf 86' lang='lat' dir='ltr'><strong>sunt;</strong></span> <span class='ocrx_word' id='word_1_421' title='bbox 1617 3812 1750 3864; x_wconf 88' lang='lat' dir='ltr'><strong>unde</strong></span> <span class='ocrx_word' id='word_1_422' title='bbox 1780 3826 1879 3864; x_wconf 91' lang='lat' dir='ltr'><strong>non</strong></span> <span class='ocrx_word' id='word_1_423' title='bbox 1910 3814 2024 3879; x_wconf 89' lang='lat' dir='ltr'><strong>plus</strong></span> 
     </span>
    </p>
   </div>
   <div class='ocr_carea' id='block_1_57' title="bbox 505 3901 2023 3969">
    <p class='ocr_par' dir='ltr' id='par_1_57' title="bbox 505 3901 2023 3969">
     <span class='ocr_line' id='line_1_57' title="bbox 505 3901 2023 3969; baseline 0.004 -20"><span class='ocrx_word' id='word_1_424' title='bbox 505 3916 655 3966; x_wconf 84' lang='lat' dir='ltr'><strong>quam</strong></span> <span class='ocrx_word' id='word_1_425' title='bbox 685 3911 900 3966; x_wconf 84' lang='lat' dir='ltr'><strong>quatuor</strong></span> <span class='ocrx_word' id='word_1_426' title='bbox 929 3903 1085 3954; x_wconf 78' lang='lat' dir='ltr'><strong>millia</strong></span> <span class='ocrx_word' id='word_1_427' title='bbox 1120 3901 1476 3969; x_wconf 83' lang='lat' dir='ltr'><strong>recollegimus</strong></span> <span class='ocrx_word' id='word_1_428' title='bbox 1500 3902 1690 3955; x_wconf 85' lang='lat' dir='ltr'><strong>solidos</strong></span> <span class='ocrx_word' id='word_1_429' title='bbox 1709 3942 1723 3963; x_wconf 86' lang='lat'><strong>,</strong></span> <span class='ocrx_word' id='word_1_430' title='bbox 1754 3910 1805 3954; x_wconf 91' lang='lat' dir='ltr'><strong>et</strong></span> <span class='ocrx_word' id='word_1_431' title='bbox 1826 3916 1910 3954; x_wconf 84' lang='lat' dir='ltr'><strong>res</strong></span> <span class='ocrx_word' id='word_1_432' title='bbox 1935 3915 2023 3955; x_wconf 86' lang='lat' dir='ltr'><strong>e0-</strong></span> 
     </span>
    </p>
   </div>
   <div class='ocr_carea' id='block_1_58' title="bbox 508 3991 2021 4058">
    <p class='ocr_par' dir='ltr' id='par_1_58' title="bbox 508 3991 2021 4058">
     <span class='ocr_line' id='line_1_58' title="bbox 508 3991 2021 4058; baseline 0 -18"><span class='ocrx_word' id='word_1_433' title='bbox 508 4005 620 4040; x_wconf 91' lang='lat' dir='ltr'><strong>rum</strong></span> <span class='ocrx_word' id='word_1_434' title='bbox 648 4004 827 4042; x_wconf 89' lang='lat' dir='ltr'><strong>onmes</strong></span> <span class='ocrx_word' id='word_1_435' title='bbox 857 3991 1052 4057; x_wconf 80' lang='lat' dir='ltr'><strong>legibus</strong></span> <span class='ocrx_word' id='word_1_436' title='bbox 1080 3992 1141 4043; x_wconf 88' lang='lat' dir='ltr'><strong>ad</strong></span> <span class='ocrx_word' id='word_1_437' title='bbox 1174 4000 1396 4044; x_wconf 86' lang='lat' dir='ltr'><strong>nostram</strong></span> <span class='ocrx_word' id='word_1_438' title='bbox 1419 4001 1764 4058; x_wconf 81' lang='lat' dir='ltr'><strong>pervenerunt</strong></span> <span class='ocrx_word' id='word_1_439' title='bbox 1795 3999 2021 4056; x_wconf 88' lang='lat' dir='ltr'><strong>potesta-</strong></span> 
     </span>
    </p>
   </div>
   <div class='ocr_carea' id='block_1_59' title="bbox 507 4079 2023 4144">
    <p class='ocr_par' dir='ltr' id='par_1_59' title="bbox 507 4079 2023 4144">
     <span class='ocr_line' id='line_1_59' title="bbox 507 4079 2023 4144; baseline 0.001 -17"><span class='ocrx_word' id='word_1_440' title='bbox 507 4089 608 4130; x_wconf 91' lang='lat' dir='ltr'><strong>tem</strong></span> <span class='ocrx_word' id='word_1_441' title='bbox 644 4095 655 4129; x_wconf 75' lang='grc' dir='ltr'>ε</span> <span class='ocrx_word' id='word_1_442' title='bbox 692 4086 864 4129; x_wconf 86' lang='lat' dir='ltr'><strong>nostra</strong></span> <span class='ocrx_word' id='word_1_443' title='bbox 897 4092 1017 4129; x_wconf 91' lang='lat' dir='ltr'><strong>vero</strong></span> <span class='ocrx_word' id='word_1_444' title='bbox 1045 4088 1267 4143; x_wconf 83' lang='lat' dir='ltr'><strong>potestas</strong></span> <span class='ocrx_word' id='word_1_445' title='bbox 1295 4080 1459 4144; x_wconf 89' lang='lat' dir='ltr'><strong>ipsum</strong></span> <span class='ocrx_word' id='word_1_446' title='bbox 1485 4079 1649 4130; x_wconf 90' lang='lat' dir='ltr'><strong>locum</strong></span> <span class='ocrx_word' id='word_1_447' title='bbox 1675 4080 1803 4130; x_wconf 89' lang='lat' dir='ltr'><strong>intra</strong></span> <span class='ocrx_word' id='word_1_448' title='bbox 1834 4088 2023 4130; x_wconf 76' lang='lat' dir='ltr'><strong>sancttn</strong></span> 
     </span>
    </p>
   </div>
   <div class='ocr_carea' id='block_1_60' title="bbox 506 4166 2023 4234">
    <p class='ocr_par' dir='ltr' id='par_1_60' title="bbox 506 4166 2023 4234">
     <span class='ocr_line' id='line_1_60' title="bbox 506 4166 2023 4234; baseline 0.001 -16"><span class='ocrx_word' id='word_1_449' title='bbox 506 4168 711 4230; x_wconf 72' lang='lat' dir='ltr'><strong>Soliltize</strong></span> <span class='ocrx_word' id='word_1_450' title='bbox 756 4167 1121 4219; x_wconf 90' lang='lat' dir='ltr'><strong>monasterium</strong></span> <span class='ocrx_word' id='word_1_451' title='bbox 1167 4167 1421 4220; x_wconf 87' lang='lat' dir='ltr'><strong>concessit</strong></span> <span class='ocrx_word' id='word_1_452' title='bbox 1463 4166 1826 4234; x_wconf 86' lang='lat' dir='ltr'><strong>possidendum</strong></span> <span class='ocrx_word' id='word_1_453' title='bbox 1876 4185 1885 4216; x_wconf 91' lang='lat'><strong>:</strong></span> <span class='ocrx_word' id='word_1_454' title='bbox 1929 4180 2023 4219; x_wconf 88' lang='lat' dir='ltr'><strong>nec</strong></span> 
     </span>
    </p>
   </div>
   <div class='ocr_carea' id='block_1_61' title="bbox 509 4257 2022 4311">
    <p class='ocr_par' dir='ltr' id='par_1_61' title="bbox 509 4257 2022 4311">
     <span class='ocr_line' id='line_1_61' title="bbox 509 4257 2022 4311; baseline -0.001 -2"><span class='ocrx_word' id='word_1_455' title='bbox 509 4274 607 4309; x_wconf 86' lang='lat' dir='ltr'><strong>non</strong></span> <span class='ocrx_word' id='word_1_456' title='bbox 638 4269 690 4311; x_wconf 88' lang='lat' dir='ltr'><strong>et</strong></span> <span class='ocrx_word' id='word_1_457' title='bbox 729 4259 777 4308; x_wconf 87' lang='lat' dir='ltr'><strong>in</strong></span> <span class='ocrx_word' id='word_1_458' title='bbox 807 4258 1126 4311; x_wconf 89' lang='lat' dir='ltr'><strong>Gastraldato</strong></span> <span class='ocrx_word' id='word_1_459' title='bbox 1160 4258 1449 4311; x_wconf 86' lang='lat' dir='ltr'><strong>Bisernensi</strong></span> <span class='ocrx_word' id='word_1_460' title='bbox 1476 4259 1827 4311; x_wconf 89' lang='lat' dir='ltr'><strong>concessimus</strong></span> <span class='ocrx_word' id='word_1_461' title='bbox 1854 4257 2022 4309; x_wconf 88' lang='lat' dir='ltr'><strong>Corti-</strong></span> 
     </span>
    </p>
   </div>
   <div class='ocr_carea' id='block_1_62' title="bbox 507 4344 2104 4421">
    <p class='ocr_par' dir='ltr' id='par_1_62' title="bbox 507 4344 2104 4421">
     <span class='ocr_line' id='line_1_62' title="bbox 507 4344 2104 4421; baseline 0.001 -26"><span class='ocrx_word' id='word_1_462' title='bbox 507 4359 695 4407; x_wconf 84' lang='lat' dir='ltr'><strong>sanos,</strong></span> <span class='ocrx_word' id='word_1_463' title='bbox 732 4346 779 4396; x_wconf 89' lang='lat' dir='ltr'><strong>bi</strong></span> <span class='ocrx_word' id='word_1_464' title='bbox 824 4355 942 4397; x_wconf 89' lang='lat' dir='ltr'><strong>sunt</strong></span> <span class='ocrx_word' id='word_1_465' title='bbox 970 4344 1362 4400; x_wconf 79' lang='lat' dir='ltr'><strong>cum.uxoribus</strong></span> <span class='ocrx_word' id='word_1_466' title='bbox 1389 4345 1523 4406; x_wconf 91' lang='lat' dir='ltr'><strong>suis,</strong></span> <span class='ocrx_word' id='word_1_467' title='bbox 1563 4352 1615 4397; x_wconf 89' lang='lat' dir='ltr'><strong>et</strong></span> <span class='ocrx_word' id='word_1_468' title='bbox 1654 4345 1890 4397; x_wconf 88' lang='lat' dir='ltr'><strong>omnibus</strong></span> <span class='ocrx_word' id='word_1_469' title='bbox 1925 4344 2022 4399; x_wconf 83' lang='lat' dir='ltr'><strong>sibi</strong></span> <span class='ocrx_word' id='word_1_470' title='bbox 2057 4363 2104 4421; x_wconf 74' lang='grc' dir='ltr'><strong>υ</strong></span> 
     </span>
    </p>
   </div>
   <div class='ocr_carea' id='block_1_63' title="bbox 510 4432 1784 4497">
    <p class='ocr_par' dir='ltr' id='par_1_63' title="bbox 510 4432 1784 4497">
     <span class='ocr_line' id='line_1_63' title="bbox 510 4432 1784 4497; baseline -0.002 -12"><span class='ocrx_word' id='word_1_471' title='bbox 510 4434 879 4497; x_wconf 83' lang='lat' dir='ltr'><strong>pertinentibus</strong></span> <span class='ocrx_word' id='word_1_472' title='bbox 913 4449 926 4484; x_wconf 91' lang='lat'><strong>:</strong></span> <span class='ocrx_word' id='word_1_473' title='bbox 955 4433 1046 4486; x_wconf 89' lang='lat' dir='ltr'><strong>sed</strong></span> <span class='ocrx_word' id='word_1_474' title='bbox 1077 4442 1128 4485; x_wconf 93' lang='lat' dir='ltr'><strong>et</strong></span> <span class='ocrx_word' id='word_1_475' title='bbox 1154 4448 1307 4486; x_wconf 88' lang='lat' dir='ltr'><strong>unam</strong></span> <span class='ocrx_word' id='word_1_476' title='bbox 1337 4446 1567 4487; x_wconf 85' lang='lat' dir='ltr'><strong>sororem</strong></span> <span class='ocrx_word' id='word_1_477' title='bbox 1598 4432 1784 4485; x_wconf 91' lang='lat' dir='ltr'><strong>lndari.</strong></span> 
     </span>
    </p>
   </div>
   <div class='ocr_carea' id='block_1_64' title="bbox 582 4520 2026 4588">
    <p class='ocr_par' dir='ltr' id='par_1_64' title="bbox 582 4520 2026 4588">
     <span class='ocr_line' id='line_1_64' title="bbox 582 4520 2026 4588; baseline 0.003 -18"><span class='ocrx_word' id='word_1_478' title='bbox 582 4520 683 4571; x_wconf 91' lang='lat' dir='ltr'><strong>llos</strong></span> <span class='ocrx_word' id='word_1_479' title='bbox 707 4529 873 4572; x_wconf 85' lang='lat' dir='ltr'><strong>autem</strong></span> <span class='ocrx_word' id='word_1_480' title='bbox 899 4536 1013 4573; x_wconf 90' lang='lat' dir='ltr'><strong>cum</strong></span> <span class='ocrx_word' id='word_1_481' title='bbox 1042 4523 1231 4588; x_wconf 81' lang='lat' dir='ltr'><strong>integra</strong></span> <span class='ocrx_word' id='word_1_482' title='bbox 1261 4522 1493 4588; x_wconf 90' lang='lat' dir='ltr'><strong>portione</strong></span> <span class='ocrx_word' id='word_1_483' title='bbox 1513 4535 1692 4573; x_wconf 89' lang='lat' dir='ltr'><strong>eorum</strong></span> <span class='ocrx_word' id='word_1_484' title='bbox 1717 4528 1908 4574; x_wconf 64' lang='lat' dir='ltr'><strong>sanette</strong></span> <span class='ocrx_word' id='word_1_485' title='bbox 1931 4522 2026 4575; x_wconf 87' lang='lat' dir='ltr'><strong>So-</strong></span> 
     </span>
    </p>
   </div>
   <div class='ocr_carea' id='block_1_65' title="bbox 514 4604 1785 4672">
    <p class='ocr_par' dir='ltr' id='par_1_65' title="bbox 514 4604 1785 4672">
     <span class='ocr_line' id='line_1_65' title="bbox 514 4604 1785 4672; baseline 0.002 -18"><span class='ocrx_word' id='word_1_486' title='bbox 514 4607 647 4672; x_wconf 70' lang='lat' dir='ltr'><strong>pbire</strong></span> <span class='ocrx_word' id='word_1_487' title='bbox 685 4607 995 4657; x_wconf 77' lang='lat' dir='ltr'><strong>iuonasterio</strong></span> <span class='ocrx_word' id='word_1_488' title='bbox 1020 4607 1370 4657; x_wconf 83' lang='lat' dir='ltr'><strong>concessimus</strong></span> <span class='ocrx_word' id='word_1_489' title='bbox 1399 4604 1785 4671; x_wconf 90' lang='lat' dir='ltr'><strong>possidendum.</strong></span> 
     </span>
    </p>
   </div>
   <div class='ocr_carea' id='block_1_66' title="bbox 586 4693 2029 4759">
    <p class='ocr_par' dir='ltr' id='par_1_66' title="bbox 586 4693 2029 4759">
     <span class='ocr_line' id='line_1_66' title="bbox 586 4693 2029 4759; baseline -0.002 -13"><span class='ocrx_word' id='word_1_490' title='bbox 586 4696 740 4758; x_wconf 87' lang='lat' dir='ltr'><strong>Item,</strong></span> <span class='ocrx_word' id='word_1_491' title='bbox 767 4703 817 4745; x_wconf 90' lang='lat' dir='ltr'><strong>et</strong></span> <span class='ocrx_word' id='word_1_492' title='bbox 844 4694 895 4745; x_wconf 90' lang='lat' dir='ltr'><strong>in</strong></span> <span class='ocrx_word' id='word_1_493' title='bbox 930 4694 1111 4745; x_wconf 88' lang='lat' dir='ltr'><strong>eodem</strong></span> <span class='ocrx_word' id='word_1_494' title='bbox 1141 4693 1423 4759; x_wconf 81' lang='lat' dir='ltr'><strong>gastaldato</strong></span> <span class='ocrx_word' id='word_1_495' title='bbox 1464 4694 1811 4745; x_wconf 86' lang='lat' dir='ltr'><strong>concessimus</strong></span> <span class='ocrx_word' id='word_1_496' title='bbox 1851 4694 2029 4744; x_wconf 84' lang='lat' dir='ltr'><strong>bacca-</strong></span> 
     </span>
    </p>
   </div>
   <div class='ocr_carea' id='block_1_67' title="bbox 510 4778 2031 4842">
    <p class='ocr_par' dir='ltr' id='par_1_67' title="bbox 510 4778 2031 4842">
     <span class='ocr_line' id='line_1_67' title="bbox 510 4778 2031 4842; baseline -0.001 -9"><span class='ocrx_word' id='word_1_497' title='bbox 510 4787 615 4835; x_wconf 79' lang='lat' dir='ltr'><strong>iios</strong></span> <span class='ocrx_word' id='word_1_498' title='bbox 646 4801 656 4833; x_wconf 95' lang='lat'><strong>:</strong></span> <span class='ocrx_word' id='word_1_499' title='bbox 689 4782 739 4833; x_wconf 91' lang='lat' dir='ltr'><strong>bi</strong></span> <span class='ocrx_word' id='word_1_500' title='bbox 768 4789 888 4833; x_wconf 88' lang='lat' dir='ltr'><strong>sunt</strong></span> <span class='ocrx_word' id='word_1_501' title='bbox 914 4780 1108 4831; x_wconf 85' lang='lat' dir='ltr'><strong>Grauso</strong></span> <span class='ocrx_word' id='word_1_502' title='bbox 1129 4794 1243 4833; x_wconf 87' lang='lat' dir='ltr'><strong>eum</strong></span> <span class='ocrx_word' id='word_1_503' title='bbox 1271 4794 1429 4832; x_wconf 78' lang='lat' dir='ltr'><strong>uxore</strong></span> <span class='ocrx_word' id='word_1_504' title='bbox 1448 4820 1464 4842; x_wconf 91' lang='lat'><strong>,</strong></span> <span class='ocrx_word' id='word_1_505' title='bbox 1495 4790 1546 4831; x_wconf 92' lang='lat' dir='ltr'><strong>et</strong></span> <span class='ocrx_word' id='word_1_506' title='bbox 1572 4778 1685 4830; x_wconf 89' lang='lat' dir='ltr'><strong>liliis</strong></span> <span class='ocrx_word' id='word_1_507' title='bbox 1704 4818 1716 4839; x_wconf 92' lang='lat'><strong>,</strong></span> <span class='ocrx_word' id='word_1_508' title='bbox 1746 4781 1835 4831; x_wconf 86' lang='lat' dir='ltr'><strong>sed</strong></span> <span class='ocrx_word' id='word_1_509' title='bbox 1862 4787 1913 4830; x_wconf 92' lang='lat' dir='ltr'><strong>et</strong></span> <span class='ocrx_word' id='word_1_510' title='bbox 1943 4793 2031 4831; x_wconf 86' lang='lat' dir='ltr'><strong>ne-</strong></span> 
     </span>
    </p>
   </div>
   <div class='ocr_carea' id='block_1_68' title="bbox 514 4865 2034 4934">
    <p class='ocr_par' dir='ltr' id='par_1_68' title="bbox 514 4865 2034 4934">
     <span class='ocr_line' id='line_1_68' title="bbox 514 4865 2034 4934; baseline -0.005 -12"><span class='ocrx_word' id='word_1_511' title='bbox 514 4882 657 4931; x_wconf 84' lang='lat' dir='ltr'><strong>potes</strong></span> <span class='ocrx_word' id='word_1_512' title='bbox 683 4909 695 4930; x_wconf 92' lang='lat'><strong>,</strong></span> <span class='ocrx_word' id='word_1_513' title='bbox 746 4868 1016 4934; x_wconf 89' lang='lat' dir='ltr'><strong>omniaque</strong></span> <span class='ocrx_word' id='word_1_514' title='bbox 1056 4881 1235 4920; x_wconf 87' lang='lat' dir='ltr'><strong>eorum</strong></span> <span class='ocrx_word' id='word_1_515' title='bbox 1287 4865 1591 4931; x_wconf 84' lang='lat' dir='ltr'><strong>pertinentia</strong></span> <span class='ocrx_word' id='word_1_516' title='bbox 1637 4882 1660 4913; x_wconf 85' lang='lat'><strong>:-</strong></span> <span class='ocrx_word' id='word_1_517' title='bbox 1696 4877 1789 4916; x_wconf 90' lang='lat' dir='ltr'><strong>nec</strong></span> <span class='ocrx_word' id='word_1_518' title='bbox 1826 4878 1927 4916; x_wconf 90' lang='lat' dir='ltr'><strong>non</strong></span> <span class='ocrx_word' id='word_1_519' title='bbox 1980 4871 2034 4915; x_wconf 89' lang='lat' dir='ltr'><strong>ct</strong></span> 
     </span>
    </p>
   </div>
   <div class='ocr_carea' id='block_1_69' title="bbox 510 4949 2029 5024">
    <p class='ocr_par' dir='ltr' id='par_1_69' title="bbox 510 4949 2029 5024">
     <span class='ocr_line' id='line_1_69' title="bbox 510 4949 2029 5024; baseline -0.005 -14"><span class='ocrx_word' id='word_1_520' title='bbox 510 4958 802 5024; x_wconf 84' lang='lat' dir='ltr'><strong>Syndonem</strong></span> <span class='ocrx_word' id='word_1_521' title='bbox 830 4971 945 5008; x_wconf 91' lang='lat' dir='ltr'><strong>cum</strong></span> <span class='ocrx_word' id='word_1_522' title='bbox 982 4969 1139 5006; x_wconf 66' lang='lat' dir='ltr'><strong>uxore</strong></span> <span class='ocrx_word' id='word_1_523' title='bbox 1173 4994 1188 5017; x_wconf 93' lang='lat'><strong>,</strong></span> <span class='ocrx_word' id='word_1_524' title='bbox 1213 4965 1265 5007; x_wconf 90' lang='lat' dir='ltr'><strong>et</strong></span> <span class='ocrx_word' id='word_1_525' title='bbox 1294 4949 1413 5006; x_wconf 75' lang='lat' dir='ltr'><strong>[iiiis</strong></span> <span class='ocrx_word' id='word_1_526' title='bbox 1441 4953 1578 5013; x_wconf 81' lang='lat' dir='ltr'><strong>suis;</strong></span> <span class='ocrx_word' id='word_1_527' title='bbox 1616 4952 1704 5004; x_wconf 89' lang='lat' dir='ltr'><strong>sed</strong></span> <span class='ocrx_word' id='word_1_528' title='bbox 1742 4962 1792 5005; x_wconf 90' lang='lat' dir='ltr'><strong>et</strong></span> <span class='ocrx_word' id='word_1_529' title='bbox 1822 4952 2029 5010; x_wconf 79' lang='lat' dir='ltr'><strong>Baccas,</strong></span> 
     </span>
    </p>
   </div>
   <div class='ocr_carea' id='block_1_70' title="bbox 513 5040 2033 5111">
    <p class='ocr_par' dir='ltr' id='par_1_70' title="bbox 513 5040 2033 5111">
     <span class='ocr_line' id='line_1_70' title="bbox 513 5040 2033 5111; baseline -0.004 -16"><span class='ocrx_word' id='word_1_530' title='bbox 513 5047 597 5111; x_wconf 82' lang='lat' dir='ltr'><strong>qui</strong></span> <span class='ocrx_word' id='word_1_531' title='bbox 628 5045 722 5097; x_wconf 82' lang='lat' dir='ltr'><strong>fuit</strong></span> <span class='ocrx_word' id='word_1_532' title='bbox 759 5058 942 5094; x_wconf 86' lang='lat' dir='ltr'><strong>servus</strong></span> <span class='ocrx_word' id='word_1_533' title='bbox 984 5043 1201 5094; x_wconf 76' lang='lat' dir='ltr'><strong>liimichi</strong></span> <span class='ocrx_word' id='word_1_534' title='bbox 1225 5084 1237 5102; x_wconf 82' lang='lat'><strong>,</strong></span> <span class='ocrx_word' id='word_1_535' title='bbox 1271 5051 1323 5093; x_wconf 89' lang='lat' dir='ltr'><strong>et</strong></span> <span class='ocrx_word' id='word_1_536' title='bbox 1349 5040 1411 5093; x_wconf 85' lang='lat' dir='ltr'><strong>de</strong></span> <span class='ocrx_word' id='word_1_537' title='bbox 1436 5054 1679 5107; x_wconf 77' lang='lat' dir='ltr'><strong>germano</strong></span> <span class='ocrx_word' id='word_1_538' title='bbox 1708 5040 1793 5102; x_wconf 92' lang='lat' dir='ltr'><strong>qui</strong></span> <span class='ocrx_word' id='word_1_539' title='bbox 1820 5054 2033 5104; x_wconf 86' lang='lat' dir='ltr'><strong>carpen-</strong></span> 
     </span>
    </p>
   </div>
   <div class='ocr_carea' id='block_1_71' title="bbox 516 5128 2030 5191">
    <p class='ocr_par' dir='ltr' id='par_1_71' title="bbox 516 5128 2030 5191">
     <span class='ocr_line' id='line_1_71' title="bbox 516 5128 2030 5191; baseline -0.005 -7"><span class='ocrx_word' id='word_1_540' title='bbox 516 5136 626 5187; x_wconf 72' lang='lat' dir='ltr'><strong>tarii</strong></span> <span class='ocrx_word' id='word_1_541' title='bbox 674 5133 854 5185; x_wconf 73' lang='lat' dir='ltr'><strong>nOstri.</strong></span> <span class='ocrx_word' id='word_1_542' title='bbox 899 5132 996 5184; x_wconf 83' lang='lat' dir='ltr'><strong>Sed</strong></span> <span class='ocrx_word' id='word_1_543' title='bbox 1037 5142 1087 5183; x_wconf 89' lang='lat' dir='ltr'><strong>et</strong></span> <span class='ocrx_word' id='word_1_544' title='bbox 1124 5139 1320 5183; x_wconf 83' lang='lat' dir='ltr'><strong>cortem</strong></span> <span class='ocrx_word' id='word_1_545' title='bbox 1359 5131 1419 5180; x_wconf 80' lang='lat' dir='ltr'><strong>ad</strong></span> <span class='ocrx_word' id='word_1_546' title='bbox 1459 5140 1687 5179; x_wconf 69' lang='lat' dir='ltr'><strong>strictum</strong></span> <span class='ocrx_word' id='word_1_547' title='bbox 1714 5128 2030 5191; x_wconf 81' lang='lat' dir='ltr'><strong>Stephanum</strong></span> 
     </span>
    </p>
   </div>
   <div class='ocr_carea' id='block_1_72' title="bbox 517 5213 2034 5283">
    <p class='ocr_par' dir='ltr' id='par_1_72' title="bbox 517 5213 2034 5283">
     <span class='ocr_line' id='line_1_72' title="bbox 517 5213 2034 5283; baseline -0.006 -8"><span class='ocrx_word' id='word_1_548' title='bbox 517 5227 649 5276; x_wconf 89' lang='lat' dir='ltr'><strong>inter</strong></span> <span class='ocrx_word' id='word_1_549' title='bbox 679 5222 883 5273; x_wconf 80' lang='lat' dir='ltr'><strong>ﬂuitiina</strong></span> <span class='ocrx_word' id='word_1_550' title='bbox 909 5258 921 5281; x_wconf 83' lang='lat'><strong>,</strong></span> <span class='ocrx_word' id='word_1_551' title='bbox 950 5219 1031 5283; x_wconf 92' lang='lat' dir='ltr'><strong>qui</strong></span> <span class='ocrx_word' id='word_1_552' title='bbox 1078 5218 1169 5269; x_wconf 78' lang='lat' dir='ltr'><strong>fuit</strong></span> <span class='ocrx_word' id='word_1_553' title='bbox 1207 5217 1418 5268; x_wconf 81' lang='lat' dir='ltr'><strong>Andoali</strong></span> <span class='ocrx_word' id='word_1_554' title='bbox 1446 5214 1683 5267; x_wconf 80' lang='lat' dir='ltr'><strong>Canosini</strong></span> <span class='ocrx_word' id='word_1_555' title='bbox 1706 5258 1718 5279; x_wconf 87' lang='lat'><strong>,</strong></span> <span class='ocrx_word' id='word_1_556' title='bbox 1757 5214 1841 5279; x_wconf 90' lang='lat' dir='ltr'><strong>qui</strong></span> <span class='ocrx_word' id='word_1_557' title='bbox 1878 5213 2034 5266; x_wconf 86' lang='lat' dir='ltr'><strong>nobili</strong></span> 
     </span>
    </p>
   </div>
   <div class='ocr_carea' id='block_1_73' title="bbox 520 5305 2037 5371">
    <p class='ocr_par' dir='ltr' id='par_1_73' title="bbox 520 5305 2037 5371">
     <span class='ocr_line' id='line_1_73' title="bbox 520 5305 2037 5371; baseline -0.007 -6"><span class='ocrx_word' id='word_1_558' title='bbox 520 5312 801 5365; x_wconf 80' lang='lat' dir='ltr'><strong>Perachino</strong></span> <span class='ocrx_word' id='word_1_559' title='bbox 844 5322 1026 5359; x_wconf 69' lang='lat' dir='ltr'><strong>omnes</strong></span> <span class='ocrx_word' id='word_1_560' title='bbox 1076 5322 1158 5358; x_wconf 88' lang='lat' dir='ltr'><strong>res</strong></span> <span class='ocrx_word' id='word_1_561' title='bbox 1206 5320 1324 5359; x_wconf 90' lang='lat' dir='ltr'><strong>suas</strong></span> <span class='ocrx_word' id='word_1_562' title='bbox 1367 5306 1573 5358; x_wconf 87' lang='lat' dir='ltr'><strong>tradidit</strong></span> <span class='ocrx_word' id='word_1_563' title='bbox 1623 5322 1633 5355; x_wconf 92' lang='lat'><strong>:</strong></span> <span class='ocrx_word' id='word_1_564' title='bbox 1678 5306 1849 5357; x_wconf 91' lang='lat' dir='ltr'><strong>locum</strong></span> <span class='ocrx_word' id='word_1_565' title='bbox 1888 5305 2037 5371; x_wconf 88' lang='lat' dir='ltr'><strong>igitur</strong></span> 
     </span>
    </p>
   </div>
   <div class='ocr_carea' id='block_1_74' title="bbox 523 5388 2036 5459">
    <p class='ocr_par' dir='ltr' id='par_1_74' title="bbox 523 5388 2036 5459">
     <span class='ocr_line' id='line_1_74' title="bbox 523 5388 2036 5459; baseline -0.007 -8"><span class='ocrx_word' id='word_1_566' title='bbox 523 5404 671 5451; x_wconf 88' lang='lat' dir='ltr'><strong>istum</strong></span> <span class='ocrx_word' id='word_1_567' title='bbox 700 5405 889 5448; x_wconf 74' lang='lat' dir='ltr'><strong>sancta:</strong></span> <span class='ocrx_word' id='word_1_568' title='bbox 909 5395 1111 5459; x_wconf 66' lang='lat' dir='ltr'><strong>Sophia:</strong></span> <span class='ocrx_word' id='word_1_569' title='bbox 1140 5392 1490 5446; x_wconf 70' lang='lat' dir='ltr'><strong>concessimus</strong></span> <span class='ocrx_word' id='word_1_570' title='bbox 1511 5390 1872 5459; x_wconf 83' lang='lat' dir='ltr'><strong>possidendum</strong></span> <span class='ocrx_word' id='word_1_571' title='bbox 1906 5408 1916 5441; x_wconf 94' lang='lat'>:</span> <span class='ocrx_word' id='word_1_572' title='bbox 1947 5388 2036 5441; x_wconf 90' lang='lat' dir='ltr'><strong>sed</strong></span> 
     </span>
    </p>
   </div>
   <div class='ocr_carea' id='block_1_75' title="bbox 521 5477 2036 5547">
    <p class='ocr_par' dir='ltr' id='par_1_75' title="bbox 521 5477 2036 5547">
     <span class='ocr_line' id='line_1_75' title="bbox 521 5477 2036 5547; baseline -0.007 -10"><span class='ocrx_word' id='word_1_573' title='bbox 521 5499 570 5539; x_wconf 85' lang='lat' dir='ltr'><strong>et</strong></span> <span class='ocrx_word' id='word_1_574' title='bbox 611 5486 881 5538; x_wconf 86' lang='lat' dir='ltr'><strong>ecclesiam</strong></span> <span class='ocrx_word' id='word_1_575' title='bbox 929 5485 1088 5535; x_wconf 87' lang='lat' dir='ltr'><strong>sancti</strong></span> <span class='ocrx_word' id='word_1_576' title='bbox 1140 5481 1386 5547; x_wconf 77' lang='lat' dir='ltr'><strong>Adjutorii</strong></span> <span class='ocrx_word' id='word_1_577' title='bbox 1434 5485 1485 5532; x_wconf 91' lang='lat' dir='ltr'><strong>ln</strong></span> <span class='ocrx_word' id='word_1_578' title='bbox 1532 5486 1704 5531; x_wconf 86' lang='lat' dir='ltr'><strong>sancta</strong></span> <span class='ocrx_word' id='word_1_579' title='bbox 1750 5480 1945 5543; x_wconf 79' lang='lat' dir='ltr'><strong>Agatba</strong></span> <span class='ocrx_word' id='word_1_580' title='bbox 1986 5477 2036 5528; x_wconf 92' lang='lat' dir='ltr'><strong>in</strong></span> 
     </span>
    </p>
   </div>
   <div class='ocr_carea' id='block_1_76' title="bbox 539 5568 2037 5638">
    <p class='ocr_par' dir='ltr' id='par_1_76' title="bbox 539 5568 2037 5638">
     <span class='ocr_line' id='line_1_76' title="bbox 539 5568 2037 5638; baseline -0.008 -9"><span class='ocrx_word' id='word_1_581' title='bbox 539 5577 707 5630; x_wconf 81' lang='lat' dir='ltr'><strong>inibus</strong></span> <span class='ocrx_word' id='word_1_582' title='bbox 735 5578 959 5630; x_wconf 77' lang='lat' dir='ltr'><strong>limatum</strong></span> <span class='ocrx_word' id='word_1_583' title='bbox 988 5582 1179 5626; x_wconf 72' lang='lat' dir='ltr'><strong>sant-ta:</strong></span> <span class='ocrx_word' id='word_1_584' title='bbox 1207 5571 1414 5638; x_wconf 76' lang='lat' dir='ltr'><strong>Sophia:</strong></span> <span class='ocrx_word' id='word_1_585' title='bbox 1448 5569 1756 5624; x_wconf 84' lang='lat' dir='ltr'><strong>monasterio</strong></span> <span class='ocrx_word' id='word_1_586' title='bbox 1786 5568 2037 5634; x_wconf 78' lang='lat' dir='ltr'><strong>integram</strong></span> 
     </span>
    </p>
   </div>
   <div class='ocr_carea' id='block_1_77' title="bbox 2114 1852 3631 1919">
    <p class='ocr_par' dir='ltr' id='par_1_77' title="bbox 2114 1852 3631 1919">
     <span class='ocr_line' id='line_1_77' title="bbox 2114 1852 3631 1919; baseline 0.001 -15"><span class='ocrx_word' id='word_1_587' title='bbox 2114 1854 2264 1917; x_wconf 72' lang='lat' dir='ltr'><strong>regrii</strong></span> <span class='ocrx_word' id='word_1_588' title='bbox 2286 1866 2331 1904; x_wconf 74' lang='lat' dir='ltr'><strong>te</strong></span> <span class='ocrx_word' id='word_1_589' title='bbox 2356 1852 2694 1904; x_wconf 88' lang='lat' dir='ltr'><strong>substantiam</strong></span> <span class='ocrx_word' id='word_1_590' title='bbox 2726 1852 2983 1916; x_wconf 90' lang='lat' dir='ltr'><strong>pertinent</strong></span> <span class='ocrx_word' id='word_1_591' title='bbox 3012 1862 3205 1906; x_wconf 80' lang='lat' dir='ltr'><strong>sancta:</strong></span> <span class='ocrx_word' id='word_1_592' title='bbox 3238 1853 3441 1919; x_wconf 65' lang='lat' dir='ltr'><strong>Sepbie</strong></span> <span class='ocrx_word' id='word_1_593' title='bbox 3468 1870 3631 1906; x_wconf 84' lang='lat' dir='ltr'><strong>mona-</strong></span> 
     </span>
    </p>
   </div>
   <div class='ocr_carea' id='block_1_78' title="bbox 2114 1936 3629 2002">
    <p class='ocr_par' dir='ltr' id='par_1_78' title="bbox 2114 1936 3629 2002">
     <span class='ocr_line' id='line_1_78' title="bbox 2114 1936 3629 2002; baseline 0.001 -14"><span class='ocrx_word' id='word_1_594' title='bbox 2114 1939 2276 1989; x_wconf 84' lang='lat' dir='ltr'><strong>sterio</strong></span> <span class='ocrx_word' id='word_1_595' title='bbox 2322 1936 2544 1987; x_wconf 79' lang='lat' dir='ltr'><strong>ﬁrmavit</strong></span> <span class='ocrx_word' id='word_1_596' title='bbox 2592 1937 2895 2002; x_wconf 83' lang='lat' dir='ltr'><strong>possidenda</strong></span> <span class='ocrx_word' id='word_1_597' title='bbox 2948 1954 2961 1988; x_wconf 90' lang='lat'><strong>:</strong></span> <span class='ocrx_word' id='word_1_598' title='bbox 3010 1951 3209 1990; x_wconf 72' lang='lat' dir='ltr'><strong>necnrn</strong></span> <span class='ocrx_word' id='word_1_599' title='bbox 3256 1939 3304 1990; x_wconf 89' lang='lat' dir='ltr'><strong>in</strong></span> <span class='ocrx_word' id='word_1_600' title='bbox 3345 1938 3548 1992; x_wconf 58' lang='lat' dir='ltr'><strong>Solet-no</strong></span> <span class='ocrx_word' id='word_1_601' title='bbox 3573 1942 3629 1990; x_wconf 85' lang='lat' dir='ltr'><strong>ad</strong></span> 
     </span>
    </p>
   </div>
   <div class='ocr_carea' id='block_1_79' title="bbox 2117 2026 3629 2095">
    <p class='ocr_par' dir='ltr' id='par_1_79' title="bbox 2117 2026 3629 2095">
     <span class='ocr_line' id='line_1_79' title="bbox 2117 2026 3629 2095; baseline 0.003 -19"><span class='ocrx_word' id='word_1_602' title='bbox 2117 2034 2351 2077; x_wconf 88' lang='lat' dir='ltr'><strong>sanctmn</strong></span> <span class='ocrx_word' id='word_1_603' title='bbox 2381 2026 2699 2079; x_wconf 85' lang='lat' dir='ltr'><strong>Salvatorem</strong></span> <span class='ocrx_word' id='word_1_604' title='bbox 2721 2040 2841 2093; x_wconf 88' lang='lat' dir='ltr'><strong>erga</strong></span> <span class='ocrx_word' id='word_1_605' title='bbox 2872 2030 3033 2094; x_wconf 89' lang='lat' dir='ltr'><strong>ipsum</strong></span> <span class='ocrx_word' id='word_1_606' title='bbox 3063 2028 3248 2088; x_wconf 89' lang='lat' dir='ltr'><strong>lacum.</strong></span> <span class='ocrx_word' id='word_1_607' title='bbox 3274 2027 3437 2095; x_wconf 82' lang='lat' dir='ltr'><strong>largiti</strong></span> <span class='ocrx_word' id='word_1_608' title='bbox 3466 2044 3629 2081; x_wconf 87' lang='lat' dir='ltr'><strong>sumus</strong></span> 
     </span>
    </p>
   </div>
   <div class='ocr_carea' id='block_1_80' title="bbox 2118 2113 3628 2183">
    <p class='ocr_par' dir='ltr' id='par_1_80' title="bbox 2118 2113 3628 2183">
     <span class='ocr_line' id='line_1_80' title="bbox 2118 2113 3628 2183; baseline 0.001 -20"><span class='ocrx_word' id='word_1_609' title='bbox 2118 2113 2470 2178; x_wconf 87' lang='lat' dir='ltr'><strong>territorium,</strong></span> <span class='ocrx_word' id='word_1_610' title='bbox 2504 2114 2601 2166; x_wconf 90' lang='lat' dir='ltr'><strong>hoc</strong></span> <span class='ocrx_word' id='word_1_611' title='bbox 2631 2124 2709 2166; x_wconf 91' lang='lat' dir='ltr'><strong>est</strong></span> <span class='ocrx_word' id='word_1_612' title='bbox 2739 2114 2905 2167; x_wconf 85' lang='lat' dir='ltr'><strong>modia</strong></span> <span class='ocrx_word' id='word_1_613' title='bbox 2936 2116 3303 2183; x_wconf 72' lang='lat' dir='ltr'><strong>quinquaginta</strong></span> <span class='ocrx_word' id='word_1_614' title='bbox 3344 2133 3355 2165; x_wconf 89' lang='lat'><strong>:</strong></span> <span class='ocrx_word' id='word_1_615' title='bbox 3393 2114 3480 2168; x_wconf 88' lang='lat' dir='ltr'><strong>sed</strong></span> <span class='ocrx_word' id='word_1_616' title='bbox 3515 2124 3562 2167; x_wconf 90' lang='lat' dir='ltr'><strong>et</strong></span> <span class='ocrx_word' id='word_1_617' title='bbox 3586 2118 3628 2165; x_wconf 90' lang='lat' dir='ltr'><strong>in</strong></span> 
     </span>
    </p>
   </div>
   <div class='ocr_carea' id='block_1_81' title="bbox 2114 2198 3630 2267">
    <p class='ocr_par' dir='ltr' id='par_1_81' title="bbox 2114 2198 3630 2267">
     <span class='ocr_line' id='line_1_81' title="bbox 2114 2198 3630 2267; baseline 0.003 -16"><span class='ocrx_word' id='word_1_618' title='bbox 2114 2198 2311 2251; x_wconf 84' lang='lat' dir='ltr'><strong>Gualdo</strong></span> <span class='ocrx_word' id='word_1_619' title='bbox 2340 2201 2388 2252; x_wconf 90' lang='lat' dir='ltr'><strong>in</strong></span> <span class='ocrx_word' id='word_1_620' title='bbox 2434 2200 2537 2255; x_wconf 87' lang='lat' dir='ltr'><strong>ﬁne</strong></span> <span class='ocrx_word' id='word_1_621' title='bbox 2566 2201 2798 2262; x_wconf 87' lang='lat' dir='ltr'><strong>conlina,</strong></span> <span class='ocrx_word' id='word_1_622' title='bbox 2828 2200 2941 2254; x_wconf 88' lang='lat' dir='ltr'><strong>loco</strong></span> <span class='ocrx_word' id='word_1_623' title='bbox 2982 2204 3067 2267; x_wconf 90' lang='lat' dir='ltr'><strong>qui</strong></span> <span class='ocrx_word' id='word_1_624' title='bbox 3113 2213 3325 2257; x_wconf 84' lang='lat' dir='ltr'><strong>vocatur</strong></span> <span class='ocrx_word' id='word_1_625' title='bbox 3356 2204 3428 2254; x_wconf 77' lang='lat' dir='ltr'><strong>Ad</strong></span> <span class='ocrx_word' id='word_1_626' title='bbox 3467 2218 3630 2255; x_wconf 89' lang='lat' dir='ltr'><strong>monu-</strong></span> 
     </span>
    </p>
   </div>
   <div class='ocr_carea' id='block_1_82' title="bbox 2116 2288 3629 2356">
    <p class='ocr_par' dir='ltr' id='par_1_82' title="bbox 2116 2288 3629 2356">
     <span class='ocr_line' id='line_1_82' title="bbox 2116 2288 3629 2356; baseline 0.003 -19"><span class='ocrx_word' id='word_1_627' title='bbox 2116 2296 2307 2352; x_wconf 83' lang='lat' dir='ltr'><strong>menta,</strong></span> <span class='ocrx_word' id='word_1_628' title='bbox 2337 2302 2453 2341; x_wconf 88' lang='lat' dir='ltr'><strong>cum</strong></span> <span class='ocrx_word' id='word_1_629' title='bbox 2486 2288 2699 2354; x_wconf 76' lang='lat' dir='ltr'><strong>integris</strong></span> <span class='ocrx_word' id='word_1_630' title='bbox 2731 2289 2920 2341; x_wconf 80' lang='lat' dir='ltr'><strong>ﬁnibus</strong></span> <span class='ocrx_word' id='word_1_631' title='bbox 2946 2292 3052 2343; x_wconf 77' lang='lat' dir='ltr'><strong>suis</strong></span> <span class='ocrx_word' id='word_1_632' title='bbox 3081 2302 3273 2344; x_wconf 77' lang='lat' dir='ltr'><strong>saucue</strong></span> <span class='ocrx_word' id='word_1_633' title='bbox 3305 2291 3503 2356; x_wconf 78' lang='lat' dir='ltr'><strong>Sophia:</strong></span> <span class='ocrx_word' id='word_1_634' title='bbox 3526 2306 3629 2342; x_wconf 80' lang='grc' dir='ltr'>ιιιο-</span> 
     </span>
    </p>
   </div>
   <div class='ocr_carea' id='block_1_83' title="bbox 2118 2360 3626 2442">
    <p class='ocr_par' dir='ltr' id='par_1_83' title="bbox 2118 2360 3626 2442">
     <span class='ocr_line' id='line_1_83' title="bbox 2118 2360 3626 2442; baseline 0.003 -17"><span class='ocrx_word' id='word_1_635' title='bbox 2118 2376 2343 2427; x_wconf 83' lang='lat' dir='ltr'><strong>nastet&#39;io</strong></span> <span class='ocrx_word' id='word_1_636' title='bbox 2388 2374 2620 2429; x_wconf 86' lang='lat' dir='ltr'><strong>concessi</strong></span> <span class='ocrx_word' id='word_1_637' title='bbox 2648 2360 2973 2442; x_wconf 40' lang='lat' dir='ltr'><strong>‘perfruenda</strong></span> <span class='ocrx_word' id='word_1_638' title='bbox 3014 2395 3027 2431; x_wconf 89' lang='lat'><strong>:</strong></span> <span class='ocrx_word' id='word_1_639' title='bbox 3075 2392 3276 2431; x_wconf 83' lang='lat' dir='ltr'><strong>necnon</strong></span> <span class='ocrx_word' id='word_1_640' title='bbox 3321 2388 3374 2430; x_wconf 92' lang='lat' dir='ltr'><strong>et</strong></span> <span class='ocrx_word' id='word_1_641' title='bbox 3417 2382 3626 2432; x_wconf 68' lang='lat' dir='ltr'><strong>concessi</strong></span> 
     </span>
    </p>
   </div>
   <div class='ocr_carea' id='block_1_84' title="bbox 2116 2461 3627 2529">
    <p class='ocr_par' dir='ltr' id='par_1_84' title="bbox 2116 2461 3627 2529">
     <span class='ocr_line' id='line_1_84' title="bbox 2116 2461 3627 2529; baseline 0 -14"><span class='ocrx_word' id='word_1_642' title='bbox 2116 2474 2307 2515; x_wconf 75' lang='lat' dir='ltr'><strong>sanctte</strong></span> <span class='ocrx_word' id='word_1_643' title='bbox 2338 2461 2545 2529; x_wconf 62' lang='lat' dir='ltr'><strong>Sophim</strong></span> <span class='ocrx_word' id='word_1_644' title='bbox 2575 2464 2855 2517; x_wconf 87' lang='lat' dir='ltr'><strong>condomas</strong></span> <span class='ocrx_word' id='word_1_645' title='bbox 2883 2468 3090 2517; x_wconf 89' lang='lat' dir='ltr'><strong>nomine</strong></span> <span class='ocrx_word' id='word_1_646' title='bbox 3122 2464 3345 2517; x_wconf 79' lang='lat' dir='ltr'><strong>Atlerisii</strong></span> <span class='ocrx_word' id='word_1_647' title='bbox 3376 2480 3487 2517; x_wconf 78' lang='lat' dir='ltr'><strong>cum</strong></span> <span class='ocrx_word' id='word_1_648' title='bbox 3514 2480 3627 2515; x_wconf 75' lang='lat' dir='ltr'><strong>uxo-</strong></span> 
     </span>
    </p>
   </div>
   <div class='ocr_carea' id='block_1_85' title="bbox 2118 2552 3626 2623">
    <p class='ocr_par' dir='ltr' id='par_1_85' title="bbox 2118 2552 3626 2623">
     <span class='ocr_line' id='line_1_85' title="bbox 2118 2552 3626 2623; baseline 0.005 -19"><span class='ocrx_word' id='word_1_649' title='bbox 2118 2567 2203 2615; x_wconf 90' lang='lat' dir='ltr'><strong>re,</strong></span> <span class='ocrx_word' id='word_1_650' title='bbox 2239 2563 2289 2604; x_wconf 88' lang='lat' dir='ltr'><strong>et</strong></span> <span class='ocrx_word' id='word_1_651' title='bbox 2318 2554 2573 2620; x_wconf 85' lang='lat' dir='ltr'><strong>germanis</strong></span> <span class='ocrx_word' id='word_1_652' title='bbox 2602 2554 2708 2606; x_wconf 90' lang='lat' dir='ltr'><strong>suis</strong></span> <span class='ocrx_word' id='word_1_653' title='bbox 2732 2597 2746 2617; x_wconf 85' lang='lat'><strong>,</strong></span> <span class='ocrx_word' id='word_1_654' title='bbox 2778 2564 2829 2606; x_wconf 90' lang='lat' dir='ltr'><strong>et</strong></span> <span class='ocrx_word' id='word_1_655' title='bbox 2852 2552 2999 2617; x_wconf 83' lang='lat' dir='ltr'><strong>liliis,</strong></span> <span class='ocrx_word' id='word_1_656' title='bbox 3030 2564 3081 2606; x_wconf 79' lang='lat' dir='ltr'><strong>t-t</strong></span> <span class='ocrx_word' id='word_1_657' title='bbox 3103 2555 3335 2623; x_wconf 79' lang='lat' dir='ltr'><strong>ﬁliabus,</strong></span> <span class='ocrx_word' id='word_1_658' title='bbox 3367 2555 3443 2614; x_wconf 84' lang='lat' dir='ltr'><strong>vel</strong></span> <span class='ocrx_word' id='word_1_659' title='bbox 3471 2564 3626 2614; x_wconf 82' lang='lat' dir='ltr'><strong>oninia</strong></span> 
     </span>
    </p>
   </div>
   <div class='ocr_carea' id='block_1_86' title="bbox 2117 2640 3627 2707">
    <p class='ocr_par' dir='ltr' id='par_1_86' title="bbox 2117 2640 3627 2707">
     <span class='ocr_line' id='line_1_86' title="bbox 2117 2640 3627 2707; baseline 0.002 -9"><span class='ocrx_word' id='word_1_660' title='bbox 2117 2655 2294 2695; x_wconf 77' lang='lat' dir='ltr'><strong>eorum</strong></span> <span class='ocrx_word' id='word_1_661' title='bbox 2325 2656 2439 2707; x_wconf 52' lang='lat' dir='ltr'><strong>qua</strong></span> <span class='ocrx_word' id='word_1_662' title='bbox 2461 2640 2638 2697; x_wconf 66' lang='lat' dir='ltr'><strong>halmit</strong></span> <span class='ocrx_word' id='word_1_663' title='bbox 2660 2644 2710 2700; x_wconf 86' lang='lat' dir='ltr'><strong>in</strong></span> <span class='ocrx_word' id='word_1_664' title='bbox 2731 2644 2897 2702; x_wconf 84' lang='lat' dir='ltr'><strong>catula</strong></span> <span class='ocrx_word' id='word_1_665' title='bbox 2923 2650 3084 2702; x_wconf 84' lang='lat' dir='ltr'><strong>teneri</strong></span> <span class='ocrx_word' id='word_1_666' title='bbox 3109 2649 3382 2702; x_wconf 84' lang='lat' dir='ltr'><strong>Crastaldo</strong></span> <span class='ocrx_word' id='word_1_667' title='bbox 3406 2665 3419 2701; x_wconf 93' lang='lat'>:</span> <span class='ocrx_word' id='word_1_668' title='bbox 3448 2663 3627 2702; x_wconf 85' lang='lat' dir='ltr'><strong>necnon</strong></span> 
     </span>
    </p>
   </div>
   <div class='ocr_carea' id='block_1_87' title="bbox 2118 2738 3630 2802">
    <p class='ocr_par' dir='ltr' id='par_1_87' title="bbox 2118 2738 3630 2802">
     <span class='ocr_line' id='line_1_87' title="bbox 2118 2738 3630 2802; baseline 0 -12"><span class='ocrx_word' id='word_1_669' title='bbox 2118 2748 2170 2791; x_wconf 87' lang='lat' dir='ltr'><strong>et</strong></span> <span class='ocrx_word' id='word_1_670' title='bbox 2198 2752 2398 2801; x_wconf 73' lang='lat' dir='ltr'><strong>servos,</strong></span> <span class='ocrx_word' id='word_1_671' title='bbox 2429 2751 2521 2791; x_wconf 89' lang='lat' dir='ltr'><strong>seu</strong></span> <span class='ocrx_word' id='word_1_672' title='bbox 2553 2738 2788 2802; x_wconf 86' lang='lat' dir='ltr'><strong>ancillas,</strong></span> <span class='ocrx_word' id='word_1_673' title='bbox 2820 2752 3017 2792; x_wconf 88' lang='lat' dir='ltr'><strong>necnon</strong></span> <span class='ocrx_word' id='word_1_674' title='bbox 3044 2748 3093 2790; x_wconf 92' lang='lat' dir='ltr'><strong>et</strong></span> <span class='ocrx_word' id='word_1_675' title='bbox 3137 2740 3336 2800; x_wconf 84' lang='lat' dir='ltr'><strong>vineas,</strong></span> <span class='ocrx_word' id='word_1_676' title='bbox 3367 2748 3417 2791; x_wconf 91' lang='lat' dir='ltr'><strong>et</strong></span> <span class='ocrx_word' id='word_1_677' title='bbox 3445 2740 3630 2791; x_wconf 82' lang='lat' dir='ltr'><strong>territo-</strong></span> 
     </span>
    </p>
   </div>
   <div class='ocr_carea' id='block_1_88' title="bbox 2119 2826 3630 2895">
    <p class='ocr_par' dir='ltr' id='par_1_88' title="bbox 2119 2826 3630 2895">
     <span class='ocr_line' id='line_1_88' title="bbox 2119 2826 3630 2895; baseline -0.001 -17"><span class='ocrx_word' id='word_1_678' title='bbox 2119 2829 2213 2891; x_wconf 90' lang='lat' dir='ltr'><strong>ria,</strong></span> <span class='ocrx_word' id='word_1_679' title='bbox 2238 2840 2486 2893; x_wconf 88' lang='lat' dir='ltr'><strong>quantum</strong></span> <span class='ocrx_word' id='word_1_680' title='bbox 2519 2826 2855 2882; x_wconf 86' lang='lat' dir='ltr'><strong>manchaldus</strong></span> <span class='ocrx_word' id='word_1_681' title='bbox 2880 2829 3149 2895; x_wconf 79' lang='lat' dir='ltr'><strong>presbyter</strong></span> <span class='ocrx_word' id='word_1_682' title='bbox 3175 2828 3227 2878; x_wconf 91' lang='lat' dir='ltr'><strong>in</strong></span> <span class='ocrx_word' id='word_1_683' title='bbox 3249 2826 3464 2879; x_wconf 85' lang='lat' dir='ltr'><strong>ecclesia</strong></span> <span class='ocrx_word' id='word_1_684' title='bbox 3485 2827 3630 2877; x_wconf 88' lang='lat' dir='ltr'><strong>sancti</strong></span> 
     </span>
    </p>
   </div>
   <div class='ocr_carea' id='block_1_89' title="bbox 2120 2918 3627 2987">
    <p class='ocr_par' dir='ltr' id='par_1_89' title="bbox 2120 2918 3627 2987">
     <span class='ocr_line' id='line_1_89' title="bbox 2120 2918 3627 2987; baseline -0.003 -17"><span class='ocrx_word' id='word_1_685' title='bbox 2120 2919 2255 2972; x_wconf 80' lang='lat' dir='ltr'><strong>Petri</strong></span> <span class='ocrx_word' id='word_1_686' title='bbox 2284 2921 2348 2971; x_wconf 88' lang='lat' dir='ltr'><strong>ad</strong></span> <span class='ocrx_word' id='word_1_687' title='bbox 2376 2933 2563 2987; x_wconf 87' lang='lat' dir='ltr'><strong>aquam</strong></span> <span class='ocrx_word' id='word_1_688' title='bbox 2584 2927 2812 2972; x_wconf 90' lang='lat' dir='ltr'><strong>sanctam</strong></span> <span class='ocrx_word' id='word_1_689' title='bbox 2842 2918 3014 2971; x_wconf 85' lang='lat' dir='ltr'><strong>lavare</strong></span> <span class='ocrx_word' id='word_1_690' title='bbox 3044 2921 3182 2971; x_wconf 89' lang='lat' dir='ltr'><strong>visus</strong></span> <span class='ocrx_word' id='word_1_691' title='bbox 3211 2930 3288 2970; x_wconf 87' lang='lat' dir='ltr'><strong>est</strong></span> <span class='ocrx_word' id='word_1_692' title='bbox 3318 2918 3381 2969; x_wconf 90' lang='lat' dir='ltr'><strong>ad</strong></span> <span class='ocrx_word' id='word_1_693' title='bbox 3419 2925 3627 2968; x_wconf 76' lang='lat' dir='ltr'><strong>nostram</strong></span> 
     </span>
    </p>
   </div>
   <div class='ocr_carea' id='block_1_90' title="bbox 2122 3003 3631 3073">
    <p class='ocr_par' dir='ltr' id='par_1_90' title="bbox 2122 3003 3631 3073">
     <span class='ocr_line' id='line_1_90' title="bbox 2122 3003 3631 3073; baseline -0.004 -15"><span class='ocrx_word' id='word_1_694' title='bbox 2122 3014 2429 3073; x_wconf 71' lang='lat' dir='ltr'><strong>potcsmtem</strong></span> <span class='ocrx_word' id='word_1_695' title='bbox 2459 3007 2768 3072; x_wconf 90' lang='lat' dir='ltr'><strong>pertinentia</strong></span> <span class='ocrx_word' id='word_1_696' title='bbox 2802 3023 2815 3057; x_wconf 86' lang='lat'><strong>:</strong></span> <span class='ocrx_word' id='word_1_697' title='bbox 2846 3004 2979 3057; x_wconf 89' lang='lat' dir='ltr'><strong>unde</strong></span> <span class='ocrx_word' id='word_1_698' title='bbox 3004 3006 3248 3058; x_wconf 81' lang='lat' dir='ltr'><strong>el‘omnia</strong></span> <span class='ocrx_word' id='word_1_699' title='bbox 3276 3043 3292 3067; x_wconf 89' lang='lat'><strong>,</strong></span> <span class='ocrx_word' id='word_1_700' title='bbox 3324 3004 3375 3055; x_wconf 90' lang='lat' dir='ltr'><strong>in</strong></span> <span class='ocrx_word' id='word_1_701' title='bbox 3408 3012 3459 3056; x_wconf 89' lang='lat' dir='ltr'><strong>et</strong></span> <span class='ocrx_word' id='word_1_702' title='bbox 3484 3003 3631 3055; x_wconf 75' lang='lat' dir='ltr'><strong>omni~</strong></span> 
     </span>
    </p>
   </div>
   <div class='ocr_carea' id='block_1_91' title="bbox 2125 3090 3629 3160">
    <p class='ocr_par' dir='ltr' id='par_1_91' title="bbox 2125 3090 3629 3160">
     <span class='ocr_line' id='line_1_91' title="bbox 2125 3090 3629 3160; baseline -0.005 -12"><span class='ocrx_word' id='word_1_703' title='bbox 2125 3095 2220 3148; x_wconf 92' lang='lat' dir='ltr'><strong>bus</strong></span> <span class='ocrx_word' id='word_1_704' title='bbox 2262 3108 2455 3149; x_wconf 73' lang='lat' dir='ltr'><strong>sancite</strong></span> <span class='ocrx_word' id='word_1_705' title='bbox 2494 3095 2702 3159; x_wconf 65' lang='lat' dir='ltr'><strong>Sophia:</strong></span> <span class='ocrx_word' id='word_1_706' title='bbox 2743 3092 3052 3145; x_wconf 84' lang='lat' dir='ltr'><strong>monasterio</strong></span> <span class='ocrx_word' id='word_1_707' title='bbox 3097 3094 3446 3160; x_wconf 81' lang='lat' dir='ltr'><strong>concessimus</strong></span> <span class='ocrx_word' id='word_1_708' title='bbox 3484 3090 3629 3156; x_wconf 57' lang='lat' dir='ltr'><strong>lassi.</strong></span> 
     </span>
    </p>
   </div>
   <div class='ocr_carea' id='block_1_92' title="bbox 2124 3179 3632 3247">
    <p class='ocr_par' dir='ltr' id='par_1_92' title="bbox 2124 3179 3632 3247">
     <span class='ocr_line' id='line_1_92' title="bbox 2124 3179 3632 3247; baseline -0.003 -14"><span class='ocrx_word' id='word_1_709' title='bbox 2124 3184 2288 3243; x_wconf 86' lang='lat' dir='ltr'><strong>denda</strong></span> <span class='ocrx_word' id='word_1_710' title='bbox 2322 3200 2331 3232; x_wconf 92' lang='lat'><strong>:</strong></span> <span class='ocrx_word' id='word_1_711' title='bbox 2362 3183 2452 3236; x_wconf 88' lang='lat' dir='ltr'><strong>sed</strong></span> <span class='ocrx_word' id='word_1_712' title='bbox 2482 3193 2534 3234; x_wconf 90' lang='lat' dir='ltr'><strong>et</strong></span> <span class='ocrx_word' id='word_1_713' title='bbox 2570 3183 2838 3235; x_wconf 87' lang='lat' dir='ltr'><strong>ecclesiam</strong></span> <span class='ocrx_word' id='word_1_714' title='bbox 2875 3183 3037 3232; x_wconf 82' lang='lat' dir='ltr'><strong>sancti</strong></span> <span class='ocrx_word' id='word_1_715' title='bbox 3066 3179 3314 3245; x_wconf 83' lang='lat' dir='ltr'><strong>Stephani</strong></span> <span class='ocrx_word' id='word_1_716' title='bbox 3344 3180 3525 3247; x_wconf 88' lang='lat' dir='ltr'><strong>ingan</strong></span> <span class='ocrx_word' id='word_1_717' title='bbox 3550 3192 3632 3228; x_wconf 89' lang='lat' dir='ltr'><strong>no-</strong></span> 
     </span>
    </p>
   </div>
   <div class='ocr_carea' id='block_1_93' title="bbox 2123 3265 3632 3337">
    <p class='ocr_par' dir='ltr' id='par_1_93' title="bbox 2123 3265 3632 3337">
     <span class='ocr_line' id='line_1_93' title="bbox 2123 3265 3632 3337; baseline -0.004 -16"><span class='ocrx_word' id='word_1_718' title='bbox 2123 3281 2232 3321; x_wconf 85' lang='lat' dir='ltr'><strong>stro</strong></span> <span class='ocrx_word' id='word_1_719' title='bbox 2253 3268 2490 3337; x_wconf 81' lang='lat' dir='ltr'><strong>equidem</strong></span> <span class='ocrx_word' id='word_1_720' title='bbox 2519 3268 2834 3322; x_wconf 88' lang='lat' dir='ltr'><strong>monasterio</strong></span> <span class='ocrx_word' id='word_1_721' title='bbox 2853 3275 3045 3321; x_wconf 64' lang='lat' dir='ltr'><strong>sanctae</strong></span> <span class='ocrx_word' id='word_1_722' title='bbox 3070 3265 3280 3333; x_wconf 60' lang='lat' dir='ltr'><strong>Sephiie</strong></span> <span class='ocrx_word' id='word_1_723' title='bbox 3304 3268 3632 3317; x_wconf 83' lang='lat' dir='ltr'><strong>concessimus</strong></span> 
     </span>
    </p>
   </div>
   <div class='ocr_carea' id='block_1_94' title="bbox 2126 3351 3632 3421">
    <p class='ocr_par' dir='ltr' id='par_1_94' title="bbox 2126 3351 3632 3421">
     <span class='ocr_line' id='line_1_94' title="bbox 2126 3351 3632 3421; baseline -0.004 -13"><span class='ocrx_word' id='word_1_724' title='bbox 2126 3355 2488 3421; x_wconf 83' lang='lat' dir='ltr'><strong>possidendam</strong></span> <span class='ocrx_word' id='word_1_725' title='bbox 2521 3373 2533 3407; x_wconf 90' lang='lat'><strong>:</strong></span> <span class='ocrx_word' id='word_1_726' title='bbox 2568 3368 2765 3408; x_wconf 77' lang='lat' dir='ltr'><strong>necnon</strong></span> <span class='ocrx_word' id='word_1_727' title='bbox 2803 3366 2855 3407; x_wconf 93' lang='lat' dir='ltr'><strong>et</strong></span> <span class='ocrx_word' id='word_1_728' title='bbox 2894 3365 3121 3413; x_wconf 86' lang='lat' dir='ltr'><strong>curtetn,</strong></span> <span class='ocrx_word' id='word_1_729' title='bbox 3164 3367 3319 3418; x_wconf 89' lang='lat' dir='ltr'><strong>quam</strong></span> <span class='ocrx_word' id='word_1_730' title='bbox 3361 3351 3632 3405; x_wconf 76' lang='lat' dir='ltr'><strong>Rimetusos</strong></span> 
     </span>
    </p>
   </div>
   <div class='ocr_carea' id='block_1_95' title="bbox 2122 3440 3629 3510">
    <p class='ocr_par' dir='ltr' id='par_1_95' title="bbox 2122 3440 3629 3510">
     <span class='ocr_line' id='line_1_95' title="bbox 2122 3440 3629 3510; baseline -0.004 -15"><span class='ocrx_word' id='word_1_731' title='bbox 2122 3446 2281 3497; x_wconf 86' lang='lat' dir='ltr'><strong>abbas</strong></span> <span class='ocrx_word' id='word_1_732' title='bbox 2310 3446 2421 3497; x_wconf 75' lang='lat' dir='ltr'><strong>sine</strong></span> <span class='ocrx_word' id='word_1_733' title='bbox 2450 3451 2708 3510; x_wconf 65' lang='lat' dir='ltr'><strong>praecepto</strong></span> <span class='ocrx_word' id='word_1_734' title='bbox 2728 3441 3075 3496; x_wconf 86' lang='lat' dir='ltr'><strong>concessionis</strong></span> <span class='ocrx_word' id='word_1_735' title='bbox 3096 3440 3271 3507; x_wconf 88' lang='lat' dir='ltr'><strong>palatii</strong></span> <span class='ocrx_word' id='word_1_736' title='bbox 3301 3441 3477 3501; x_wconf 90' lang='lat' dir='ltr'><strong>tenuit,</strong></span> <span class='ocrx_word' id='word_1_737' title='bbox 3502 3449 3549 3492; x_wconf 87' lang='lat' dir='ltr'><strong>et</strong></span> <span class='ocrx_word' id='word_1_738' title='bbox 3574 3443 3629 3489; x_wconf 86' lang='lat' dir='ltr'><strong>ad</strong></span> 
     </span>
    </p>
   </div>
   <div class='ocr_carea' id='block_1_96' title="bbox 2125 3529 3632 3597">
    <p class='ocr_par' dir='ltr' id='par_1_96' title="bbox 2125 3529 3632 3597">
     <span class='ocr_line' id='line_1_96' title="bbox 2125 3529 3632 3597; baseline -0.005 -14"><span class='ocrx_word' id='word_1_739' title='bbox 2125 3540 2353 3583; x_wconf 85' lang='lat' dir='ltr'><strong>nostram</strong></span> <span class='ocrx_word' id='word_1_740' title='bbox 2397 3529 2596 3597; x_wconf 82' lang='lat' dir='ltr'><strong>legibus</strong></span> <span class='ocrx_word' id='word_1_741' title='bbox 2643 3530 2865 3597; x_wconf 90' lang='lat' dir='ltr'><strong>pertinet</strong></span> <span class='ocrx_word' id='word_1_742' title='bbox 2912 3535 3219 3595; x_wconf 83' lang='lat' dir='ltr'><strong>potestatem</strong></span> <span class='ocrx_word' id='word_1_743' title='bbox 3262 3541 3279 3580; x_wconf 91' lang='lat'><strong>:</strong></span> <span class='ocrx_word' id='word_1_744' title='bbox 3318 3534 3488 3579; x_wconf 79' lang='lat' dir='ltr'><strong>nostra</strong></span> <span class='ocrx_word' id='word_1_745' title='bbox 3523 3538 3632 3577; x_wconf 87' lang='lat' dir='ltr'><strong>vero</strong></span> 
     </span>
    </p>
   </div>
   <div class='ocr_carea' id='block_1_97' title="bbox 2126 3614 3631 3684">
    <p class='ocr_par' dir='ltr' id='par_1_97' title="bbox 2126 3614 3631 3684">
     <span class='ocr_line' id='line_1_97' title="bbox 2126 3614 3631 3684; baseline -0.005 -14"><span class='ocrx_word' id='word_1_746' title='bbox 2126 3626 2349 3684; x_wconf 84' lang='lat' dir='ltr'><strong>potestas</strong></span> <span class='ocrx_word' id='word_1_747' title='bbox 2378 3617 2548 3669; x_wconf 83' lang='lat' dir='ltr'><strong>omnia</strong></span> <span class='ocrx_word' id='word_1_748' title='bbox 2582 3617 2632 3668; x_wconf 92' lang='lat' dir='ltr'><strong>in</strong></span> <span class='ocrx_word' id='word_1_749' title='bbox 2658 3615 2911 3682; x_wconf 87' lang='lat' dir='ltr'><strong>integrum</strong></span> <span class='ocrx_word' id='word_1_750' title='bbox 2938 3625 3130 3669; x_wconf 75' lang='lat' dir='ltr'><strong>saneta:</strong></span> <span class='ocrx_word' id='word_1_751' title='bbox 3159 3614 3367 3681; x_wconf 69' lang='lat' dir='ltr'><strong>Sephia:</strong></span> <span class='ocrx_word' id='word_1_752' title='bbox 3394 3620 3631 3666; x_wconf 85' lang='lat' dir='ltr'><strong>monaste-</strong></span> 
     </span>
    </p>
   </div>
   <div class='ocr_carea' id='block_1_98' title="bbox 2126 3700 3629 3771">
    <p class='ocr_par' dir='ltr' id='par_1_98' title="bbox 2126 3700 3629 3771">
     <span class='ocr_line' id='line_1_98' title="bbox 2126 3700 3629 3771; baseline -0.007 -11"><span class='ocrx_word' id='word_1_753' title='bbox 2126 3709 2202 3760; x_wconf 90' lang='lat' dir='ltr'><strong>rio</strong></span> <span class='ocrx_word' id='word_1_754' title='bbox 2246 3708 2505 3759; x_wconf 90' lang='lat' dir='ltr'><strong>concessit</strong></span> <span class='ocrx_word' id='word_1_755' title='bbox 2549 3704 2857 3771; x_wconf 88' lang='lat' dir='ltr'><strong>possidenda</strong></span> <span class='ocrx_word' id='word_1_756' title='bbox 2905 3720 2917 3754; x_wconf 91' lang='lat'><strong>:</strong></span> <span class='ocrx_word' id='word_1_757' title='bbox 2966 3703 3057 3756; x_wconf 90' lang='lat' dir='ltr'><strong>sed</strong></span> <span class='ocrx_word' id='word_1_758' title='bbox 3094 3712 3147 3757; x_wconf 88' lang='lat' dir='ltr'><strong>et</strong></span> <span class='ocrx_word' id='word_1_759' title='bbox 3186 3703 3459 3755; x_wconf 88' lang='lat' dir='ltr'><strong>ecclesiam</strong></span> <span class='ocrx_word' id='word_1_760' title='bbox 3486 3700 3629 3752; x_wconf 83' lang='lat' dir='ltr'><strong>sancti</strong></span> 
     </span>
    </p>
   </div>
   <div class='ocr_carea' id='block_1_99' title="bbox 2125 3788 3631 3862">
    <p class='ocr_par' dir='ltr' id='par_1_99' title="bbox 2125 3788 3631 3862">
     <span class='ocr_line' id='line_1_99' title="bbox 2125 3788 3631 3862; baseline -0.008 -11"><span class='ocrx_word' id='word_1_761' title='bbox 2125 3799 2377 3860; x_wconf 80' lang='lat' dir='ltr'><strong>Marcelli,</strong></span> <span class='ocrx_word' id='word_1_762' title='bbox 2409 3798 2521 3848; x_wconf 86' lang='lat' dir='ltr'><strong>loco</strong></span> <span class='ocrx_word' id='word_1_763' title='bbox 2545 3794 2631 3862; x_wconf 88' lang='lat' dir='ltr'><strong>qui</strong></span> <span class='ocrx_word' id='word_1_764' title='bbox 2660 3792 2846 3847; x_wconf 86' lang='lat' dir='ltr'><strong>dicitur</strong></span> <span class='ocrx_word' id='word_1_765' title='bbox 2874 3793 2923 3846; x_wconf 91' lang='lat' dir='ltr'><strong>in</strong></span> <span class='ocrx_word' id='word_1_766' title='bbox 2955 3791 3297 3846; x_wconf 81' lang='lat' dir='ltr'><strong>Indilomhato</strong></span> <span class='ocrx_word' id='word_1_767' title='bbox 3317 3830 3332 3854; x_wconf 93' lang='lat'><strong>,</strong></span> <span class='ocrx_word' id='word_1_768' title='bbox 3359 3791 3440 3859; x_wconf 90' lang='lat' dir='ltr'><strong>qui</strong></span> <span class='ocrx_word' id='word_1_769' title='bbox 3468 3788 3527 3840; x_wconf 90' lang='lat' dir='ltr'><strong>ad</strong></span> <span class='ocrx_word' id='word_1_770' title='bbox 3550 3801 3631 3840; x_wconf 88' lang='lat' dir='ltr'><strong>no-</strong></span> 
     </span>
    </p>
   </div>
   <div class='ocr_carea' id='block_1_100' title="bbox 2125 3884 3629 3952">
    <p class='ocr_par' dir='ltr' id='par_1_100' title="bbox 2125 3884 3629 3952">
     <span class='ocr_line' id='line_1_100' title="bbox 2125 3884 3629 3952; baseline -0.008 -14"><span class='ocrx_word' id='word_1_771' title='bbox 2125 3894 2284 3938; x_wconf 88' lang='lat' dir='ltr'><strong>stram</strong></span> <span class='ocrx_word' id='word_1_772' title='bbox 2314 3884 2555 3952; x_wconf 90' lang='lat' dir='ltr'><strong>pertinuit</strong></span> <span class='ocrx_word' id='word_1_773' title='bbox 2596 3890 2901 3950; x_wconf 88' lang='lat' dir='ltr'><strong>potestatem</strong></span> <span class='ocrx_word' id='word_1_774' title='bbox 2935 3900 2947 3933; x_wconf 89' lang='lat'><strong>:</strong></span> <span class='ocrx_word' id='word_1_775' title='bbox 2978 3890 3153 3934; x_wconf 80' lang='lat' dir='ltr'><strong>nostra</strong></span> <span class='ocrx_word' id='word_1_776' title='bbox 3185 3894 3388 3945; x_wconf 87' lang='lat' dir='ltr'><strong>quoque</strong></span> <span class='ocrx_word' id='word_1_777' title='bbox 3424 3886 3629 3943; x_wconf 82' lang='lat' dir='ltr'><strong>potestas</strong></span> 
     </span>
    </p>
   </div>
   <div class='ocr_carea' id='block_1_101' title="bbox 2130 3963 3628 4039">
    <p class='ocr_par' dir='ltr' id='par_1_101' title="bbox 2130 3963 3628 4039">
     <span class='ocr_line' id='line_1_101' title="bbox 2130 3963 3628 4039; baseline -0.007 -17"><span class='ocrx_word' id='word_1_778' title='bbox 2130 3974 2180 4025; x_wconf 92' lang='lat' dir='ltr'><strong>in</strong></span> <span class='ocrx_word' id='word_1_779' title='bbox 2210 3973 2462 4039; x_wconf 79' lang='lat' dir='ltr'><strong>integrent</strong></span> <span class='ocrx_word' id='word_1_780' title='bbox 2486 3969 2731 4037; x_wconf 74' lang='lat' dir='ltr'><strong>prtedicto</strong></span> <span class='ocrx_word' id='word_1_781' title='bbox 2753 3968 3064 4020; x_wconf 86' lang='lat' dir='ltr'><strong>monasterio</strong></span> <span class='ocrx_word' id='word_1_782' title='bbox 3084 3974 3279 4018; x_wconf 69' lang='lat' dir='ltr'><strong>sanctae</strong></span> <span class='ocrx_word' id='word_1_783' title='bbox 3300 3963 3500 4029; x_wconf 64' lang='lat' dir='ltr'><strong>Sophia:</strong></span> <span class='ocrx_word' id='word_1_784' title='bbox 3521 3974 3628 4013; x_wconf 85' lang='lat' dir='ltr'><strong>cou-</strong></span> 
     </span>
    </p>
   </div>
   <div class='ocr_carea' id='block_1_102' title="bbox 2126 4051 3628 4125">
    <p class='ocr_par' dir='ltr' id='par_1_102' title="bbox 2126 4051 3628 4125">
     <span class='ocr_line' id='line_1_102' title="bbox 2126 4051 3628 4125; baseline -0.007 -11"><span class='ocrx_word' id='word_1_785' title='bbox 2126 4062 2280 4114; x_wconf 84' lang='lat' dir='ltr'><strong>cessit</strong></span> <span class='ocrx_word' id='word_1_786' title='bbox 2307 4058 2635 4125; x_wconf 88' lang='lat' dir='ltr'><strong>possidenda.</strong></span> <span class='ocrx_word' id='word_1_787' title='bbox 2665 4056 2765 4109; x_wconf 89' lang='lat' dir='ltr'><strong>Sed</strong></span> <span class='ocrx_word' id='word_1_788' title='bbox 2794 4066 2844 4108; x_wconf 89' lang='lat' dir='ltr'><strong>et</strong></span> <span class='ocrx_word' id='word_1_789' title='bbox 2880 4054 3215 4107; x_wconf 83' lang='lat' dir='ltr'><strong>substantiam</strong></span> <span class='ocrx_word' id='word_1_790' title='bbox 3264 4051 3509 4117; x_wconf 77' lang='lat' dir='ltr'><strong>Thajarisi</strong></span> <span class='ocrx_word' id='word_1_791' title='bbox 3549 4063 3628 4103; x_wconf 47' lang='lat' dir='ltr'><strong>no.</strong></span> 
     </span>
    </p>
   </div>
   <div class='ocr_carea' id='block_1_103' title="bbox 2128 4140 3626 4212">
    <p class='ocr_par' dir='ltr' id='par_1_103' title="bbox 2128 4140 3626 4212">
     <span class='ocr_line' id='line_1_103' title="bbox 2128 4140 3626 4212; baseline -0.007 -12"><span class='ocrx_word' id='word_1_792' title='bbox 2128 4149 2259 4210; x_wconf 87' lang='lat' dir='ltr'><strong>tarii,</strong></span> <span class='ocrx_word' id='word_1_793' title='bbox 2290 4145 2376 4211; x_wconf 89' lang='lat' dir='ltr'><strong>qui</strong></span> <span class='ocrx_word' id='word_1_794' title='bbox 2407 4159 2499 4212; x_wconf 92' lang='lat' dir='ltr'><strong>pro</strong></span> <span class='ocrx_word' id='word_1_795' title='bbox 2521 4144 2695 4195; x_wconf 90' lang='lat' dir='ltr'><strong>multis</strong></span> <span class='ocrx_word' id='word_1_796' title='bbox 2720 4141 2967 4196; x_wconf 90' lang='lat' dir='ltr'><strong>chartulis</strong></span> <span class='ocrx_word' id='word_1_797' title='bbox 2990 4141 3132 4193; x_wconf 82' lang='lat' dir='ltr'><strong>falsis</strong></span> <span class='ocrx_word' id='word_1_798' title='bbox 3158 4148 3239 4192; x_wconf 89' lang='lat' dir='ltr'><strong>est</strong></span> <span class='ocrx_word' id='word_1_799' title='bbox 3257 4140 3626 4199; x_wconf 66' lang='lat' dir='ltr'><strong>condemnatus.</strong></span> 
     </span>
    </p>
   </div>
   <div class='ocr_carea' id='block_1_104' title="bbox 2124 4224 3628 4301">
    <p class='ocr_par' dir='ltr' id='par_1_104' title="bbox 2124 4224 3628 4301">
     <span class='ocr_line' id='line_1_104' title="bbox 2124 4224 3628 4301; baseline -0.011 -12"><span class='ocrx_word' id='word_1_800' title='bbox 2124 4249 2177 4289; x_wconf 89' lang='lat' dir='ltr'><strong>et</strong></span> <span class='ocrx_word' id='word_1_801' title='bbox 2202 4237 2412 4301; x_wconf 89' lang='lat' dir='ltr'><strong>insuper</strong></span> <span class='ocrx_word' id='word_1_802' title='bbox 2435 4240 2579 4286; x_wconf 79' lang='lat' dir='ltr'><strong>extra</strong></span> <span class='ocrx_word' id='word_1_803' title='bbox 2607 4230 2942 4298; x_wconf 89' lang='lat' dir='ltr'><strong>provinciam,</strong></span> <span class='ocrx_word' id='word_1_804' title='bbox 2965 4228 3016 4280; x_wconf 88' lang='lat' dir='ltr'><strong>id</strong></span> <span class='ocrx_word' id='word_1_805' title='bbox 3037 4229 3187 4281; x_wconf 88' lang='lat' dir='ltr'><strong>estin</strong></span> <span class='ocrx_word' id='word_1_806' title='bbox 3215 4226 3475 4292; x_wconf 79' lang='lat' dir='ltr'><strong>Neapolim</strong></span> <span class='ocrx_word' id='word_1_807' title='bbox 3503 4224 3628 4289; x_wconf 72' lang='lat' dir='ltr'><strong>fuga~</strong></span> 
     </span>
    </p>
   </div>
   <div class='ocr_carea' id='block_1_105' title="bbox 2127 4312 3627 4385">
    <p class='ocr_par' dir='ltr' id='par_1_105' title="bbox 2127 4312 3627 4385">
     <span class='ocr_line' id='line_1_105' title="bbox 2127 4312 3627 4385; baseline -0.01 -9"><span class='ocrx_word' id='word_1_808' title='bbox 2127 4332 2207 4376; x_wconf 89' lang='lat' dir='ltr'><strong>tus</strong></span> <span class='ocrx_word' id='word_1_809' title='bbox 2232 4332 2341 4385; x_wconf 87' lang='lat' dir='ltr'><strong>est;</strong></span> <span class='ocrx_word' id='word_1_810' title='bbox 2370 4319 2506 4373; x_wconf 91' lang='lat' dir='ltr'><strong>unde</strong></span> <span class='ocrx_word' id='word_1_811' title='bbox 2543 4317 2741 4384; x_wconf 86' lang='lat' dir='ltr'><strong>legibus</strong></span> <span class='ocrx_word' id='word_1_812' title='bbox 2783 4316 2951 4369; x_wconf 90' lang='lat' dir='ltr'><strong>omnis</strong></span> <span class='ocrx_word' id='word_1_813' title='bbox 2992 4314 3275 4369; x_wconf 82' lang='lat' dir='ltr'><strong>substantia</strong></span> <span class='ocrx_word' id='word_1_814' title='bbox 3316 4312 3378 4366; x_wconf 86' lang='lat' dir='ltr'><strong>ad</strong></span> <span class='ocrx_word' id='word_1_815' title='bbox 3420 4321 3627 4364; x_wconf 83' lang='lat' dir='ltr'><strong>nostram</strong></span> 
     </span>
    </p>
   </div>
   <div class='ocr_carea' id='block_1_106' title="bbox 2132 4401 3623 4477">
    <p class='ocr_par' dir='ltr' id='par_1_106' title="bbox 2132 4401 3623 4477">
     <span class='ocr_line' id='line_1_106' title="bbox 2132 4401 3623 4477; baseline -0.011 -15"><span class='ocrx_word' id='word_1_816' title='bbox 2132 4406 2373 4477; x_wconf 83' lang='lat' dir='ltr'><strong>pertinuit</strong></span> <span class='ocrx_word' id='word_1_817' title='bbox 2397 4414 2727 4472; x_wconf 82' lang='lat' dir='ltr'><strong>potestatem,</strong></span> <span class='ocrx_word' id='word_1_818' title='bbox 2752 4418 2904 4470; x_wconf 88' lang='lat' dir='ltr'><strong>quam</strong></span> <span class='ocrx_word' id='word_1_819' title='bbox 2929 4402 3177 4455; x_wconf 64' lang='lat' dir='ltr'><strong>inte-aram</strong></span> <span class='ocrx_word' id='word_1_820' title='bbox 3204 4401 3507 4453; x_wconf 79' lang='lat' dir='ltr'><strong>monasterio</strong></span> <span class='ocrx_word' id='word_1_821' title='bbox 3524 4412 3623 4449; x_wconf 73' lang='lat' dir='ltr'><strong>san.</strong></span> 
     </span>
    </p>
   </div>
   <div class='ocr_carea' id='block_1_107' title="bbox 2126 4482 3627 4563">
    <p class='ocr_par' dir='ltr' id='par_1_107' title="bbox 2126 4482 3627 4563">
     <span class='ocr_line' id='line_1_107' title="bbox 2126 4482 3627 4563; baseline -0.011 -13"><span class='ocrx_word' id='word_1_822' title='bbox 2126 4506 2224 4550; x_wconf 82' lang='lat' dir='ltr'><strong>ctae</strong></span> <span class='ocrx_word' id='word_1_823' title='bbox 2253 4494 2461 4563; x_wconf 66' lang='lat' dir='ltr'><strong>Sophim</strong></span> <span class='ocrx_word' id='word_1_824' title='bbox 2488 4492 2839 4555; x_wconf 82' lang='lat' dir='ltr'><strong>concessimus</strong></span> <span class='ocrx_word' id='word_1_825' title='bbox 2873 4485 3253 4553; x_wconf 78' lang='lat' dir='ltr'><strong>possidendam.</strong></span> <span class='ocrx_word' id='word_1_826' title='bbox 3292 4482 3627 4539; x_wconf 81' lang='lat' dir='ltr'><strong>Concessimns</strong></span> 
     </span>
    </p>
   </div>
   <div class='ocr_carea' id='block_1_108' title="bbox 2127 4570 3630 4649">
    <p class='ocr_par' dir='ltr' id='par_1_108' title="bbox 2127 4570 3630 4649">
     <span class='ocr_line' id='line_1_108' title="bbox 2127 4570 3630 4649; baseline -0.014 -13"><span class='ocrx_word' id='word_1_827' title='bbox 2127 4596 2178 4636; x_wconf 89' lang='lat' dir='ltr'><strong>et</strong></span> <span class='ocrx_word' id='word_1_828' title='bbox 2206 4584 2450 4649; x_wconf 75' lang='lat' dir='ltr'><strong>praedicto</strong></span> <span class='ocrx_word' id='word_1_829' title='bbox 2480 4577 2794 4633; x_wconf 87' lang='lat' dir='ltr'><strong>monasterio</strong></span> <span class='ocrx_word' id='word_1_830' title='bbox 2820 4582 3012 4627; x_wconf 62' lang='lat' dir='ltr'><strong>sancte</strong></span> <span class='ocrx_word' id='word_1_831' title='bbox 3039 4570 3250 4640; x_wconf 70' lang='lat' dir='ltr'><strong>Sophia</strong></span> <span class='ocrx_word' id='word_1_832' title='bbox 3272 4582 3506 4629; x_wconf 78' lang='lat' dir='ltr'><strong>cervam,</strong></span> <span class='ocrx_word' id='word_1_833' title='bbox 3530 4576 3630 4633; x_wconf 67' lang='lat' dir='ltr'><strong>qua</strong></span> 
     </span>
    </p>
   </div>
   <div class='ocr_carea' id='block_1_109' title="bbox 2130 4652 3629 4730">
    <p class='ocr_par' dir='ltr' id='par_1_109' title="bbox 2130 4652 3629 4730">
     <span class='ocr_line' id='line_1_109' title="bbox 2130 4652 3629 4730; baseline -0.012 -7"><span class='ocrx_word' id='word_1_834' title='bbox 2130 4672 2333 4725; x_wconf 75' lang='lat' dir='ltr'><strong>videtur</strong></span> <span class='ocrx_word' id='word_1_835' title='bbox 2376 4683 2493 4723; x_wconf 86' lang='lat' dir='ltr'><strong>esse</strong></span> <span class='ocrx_word' id='word_1_836' title='bbox 2540 4668 2593 4720; x_wconf 90' lang='lat' dir='ltr'><strong>in</strong></span> <span class='ocrx_word' id='word_1_837' title='bbox 2630 4679 2813 4730; x_wconf 91' lang='lat' dir='ltr'><strong>campo</strong></span> <span class='ocrx_word' id='word_1_838' title='bbox 2854 4660 3204 4723; x_wconf 87' lang='lat' dir='ltr'><strong>Senercunis,</strong></span> <span class='ocrx_word' id='word_1_839' title='bbox 3242 4671 3393 4726; x_wconf 87' lang='lat' dir='ltr'><strong>quam</strong></span> <span class='ocrx_word' id='word_1_840' title='bbox 3432 4652 3629 4711; x_wconf 73' lang='lat' dir='ltr'><strong>Arotarii</strong></span> 
     </span>
    </p>
   </div>
   <div class='ocr_carea' id='block_1_110' title="bbox 2132 4744 3629 4827">
    <p class='ocr_par' dir='ltr' id='par_1_110' title="bbox 2132 4744 3629 4827">
     <span class='ocr_line' id='line_1_110' title="bbox 2132 4744 3629 4827; baseline -0.014 -14"><span class='ocrx_word' id='word_1_841' title='bbox 2132 4763 2231 4814; x_wconf 87' lang='lat' dir='ltr'><strong>liba</strong></span> <span class='ocrx_word' id='word_1_842' title='bbox 2262 4760 2611 4827; x_wconf 87' lang='lat' dir='ltr'><strong>comparavit,</strong></span> <span class='ocrx_word' id='word_1_843' title='bbox 2641 4754 2925 4807; x_wconf 86' lang='lat' dir='ltr'><strong>secundum</strong></span> <span class='ocrx_word' id='word_1_844' title='bbox 2971 4760 3170 4803; x_wconf 79' lang='lat' dir='ltr'><strong>textum</strong></span> <span class='ocrx_word' id='word_1_845' title='bbox 3210 4746 3485 4807; x_wconf 71' lang='lat' dir='ltr'><strong>chartula,</strong></span> <span class='ocrx_word' id='word_1_846' title='bbox 3520 4744 3629 4795; x_wconf 85' lang='lat' dir='ltr'><strong>inte-</strong></span> 
     </span>
    </p>
   </div>
   <div class='ocr_carea' id='block_1_111' title="bbox 2130 4827 3629 4916">
    <p class='ocr_par' dir='ltr' id='par_1_111' title="bbox 2130 4827 3629 4916">
     <span class='ocr_line' id='line_1_111' title="bbox 2130 4827 3629 4916; baseline -0.015 -14"><span class='ocrx_word' id='word_1_847' title='bbox 2130 4863 2272 4916; x_wconf 79' lang='lat' dir='ltr'><strong>gram</strong></span> <span class='ocrx_word' id='word_1_848' title='bbox 2301 4854 2494 4901; x_wconf 71' lang='lat' dir='ltr'><strong>sanctas</strong></span> <span class='ocrx_word' id='word_1_849' title='bbox 2534 4842 2737 4910; x_wconf 68' lang='lat' dir='ltr'><strong>Sophia:</strong></span> <span class='ocrx_word' id='word_1_850' title='bbox 2767 4828 3079 4893; x_wconf 56' lang='lat' dir='ltr'><strong>nio&#39;nauerio</strong></span> <span class='ocrx_word' id='word_1_851' title='bbox 3106 4834 3456 4889; x_wconf 83' lang='lat' dir='ltr'><strong>concessimus</strong></span> <span class='ocrx_word' id='word_1_852' title='bbox 3490 4827 3629 4916; x_wconf 33' lang='lat' dir='ltr'><strong>possis</strong></span> 
     </span>
    </p>
   </div>
   <div class='ocr_carea' id='block_1_112' title="bbox 2132 4912 3628 4997">
    <p class='ocr_par' dir='ltr' id='par_1_112' title="bbox 2132 4912 3628 4997">
     <span class='ocr_line' id='line_1_112' title="bbox 2132 4912 3628 4997; baseline -0.018 -5"><span class='ocrx_word' id='word_1_853' title='bbox 2132 4912 2353 4992; x_wconf 78' lang='lat' dir='ltr'><strong>dendam</strong></span> <span class='ocrx_word' id='word_1_854' title='bbox 2395 4953 2407 4986; x_wconf 92' lang='lat'>:</span> <span class='ocrx_word' id='word_1_855' title='bbox 2448 4944 2501 4987; x_wconf 90' lang='lat' dir='ltr'><strong>et</strong></span> <span class='ocrx_word' id='word_1_856' title='bbox 2543 4935 2749 4997; x_wconf 88' lang='lat' dir='ltr'><strong>insuper</strong></span> <span class='ocrx_word' id='word_1_857' title='bbox 2796 4931 2845 4980; x_wconf 92' lang='lat' dir='ltr'><strong>iu</strong></span> <span class='ocrx_word' id='word_1_858' title='bbox 2896 4927 3075 4979; x_wconf 81' lang='lat' dir='ltr'><strong>eodem</strong></span> <span class='ocrx_word' id='word_1_859' title='bbox 3130 4921 3442 4975; x_wconf 83' lang='lat' dir='ltr'><strong>monasterio</strong></span> <span class='ocrx_word' id='word_1_860' title='bbox 3487 4912 3628 4982; x_wconf 79' lang='lat' dir='ltr'><strong>largiti</strong></span> 
     </span>
    </p>
   </div>
   <div class='ocr_carea' id='block_1_113' title="bbox 2135 5001 3629 5089">
    <p class='ocr_par' dir='ltr' id='par_1_113' title="bbox 2135 5001 3629 5089">
     <span class='ocr_line' id='line_1_113' title="bbox 2135 5001 3629 5089; baseline -0.017 -10"><span class='ocrx_word' id='word_1_861' title='bbox 2135 5040 2311 5079; x_wconf 83' lang='lat' dir='ltr'><strong>smnus</strong></span> <span class='ocrx_word' id='word_1_862' title='bbox 2339 5024 2389 5074; x_wconf 91' lang='lat' dir='ltr'><strong>in</strong></span> <span class='ocrx_word' id='word_1_863' title='bbox 2422 5023 2665 5089; x_wconf 70' lang='lat' dir='ltr'><strong>prmdicto</strong></span> <span class='ocrx_word' id='word_1_864' title='bbox 2697 5022 2810 5069; x_wconf 88' lang='lat' dir='ltr'><strong>loco</strong></span> <span class='ocrx_word' id='word_1_865' title='bbox 2834 5017 2898 5066; x_wconf 85' lang='lat' dir='ltr'><strong>de</strong></span> <span class='ocrx_word' id='word_1_866' title='bbox 2926 5014 3039 5080; x_wconf 84' lang='lat' dir='ltr'><strong>gan</strong></span> <span class='ocrx_word' id='word_1_867' title='bbox 3077 5021 3253 5065; x_wconf 86' lang='lat' dir='ltr'><strong>nostro</strong></span> <span class='ocrx_word' id='word_1_868' title='bbox 3292 5012 3341 5059; x_wconf 92' lang='lat' dir='ltr'><strong>in</strong></span> <span class='ocrx_word' id='word_1_869' title='bbox 3388 5001 3629 5072; x_wconf 83' lang='lat' dir='ltr'><strong>longitudi-</strong></span> 
     </span>
    </p>
   </div>
   <div class='ocr_carea' id='block_1_114' title="bbox 2137 5092 3629 5172">
    <p class='ocr_par' dir='ltr' id='par_1_114' title="bbox 2137 5092 3629 5172">
     <span class='ocr_line' id='line_1_114' title="bbox 2137 5092 3629 5172; baseline -0.015 -5"><span class='ocrx_word' id='word_1_870' title='bbox 2137 5128 2253 5167; x_wconf 71' lang='lat' dir='ltr'><strong>nem</strong></span> <span class='ocrx_word' id='word_1_871' title='bbox 2294 5112 2525 5164; x_wconf 88' lang='lat' dir='ltr'><strong>milliaria</strong></span> <span class='ocrx_word' id='word_1_872' title='bbox 2554 5110 2683 5172; x_wconf 82' lang='lat' dir='ltr'><strong>tria,</strong></span> <span class='ocrx_word' id='word_1_873' title='bbox 2728 5106 2778 5156; x_wconf 90' lang='lat' dir='ltr'><strong>in</strong></span> <span class='ocrx_word' id='word_1_874' title='bbox 2819 5102 3138 5154; x_wconf 80' lang='lat' dir='ltr'><strong>latitudinem</strong></span> <span class='ocrx_word' id='word_1_875' title='bbox 3178 5111 3369 5156; x_wconf 91' lang='lat' dir='ltr'><strong>unum,</strong></span> <span class='ocrx_word' id='word_1_876' title='bbox 3415 5110 3520 5161; x_wconf 73' lang='lat' dir='ltr'><strong>qua:</strong></span> <span class='ocrx_word' id='word_1_877' title='bbox 3555 5092 3629 5145; x_wconf 67' lang='lat' dir='ltr'><strong>illi</strong></span> 
     </span>
    </p>
   </div>
   <div class='ocr_carea' id='block_1_115' title="bbox 2137 5179 3631 5255">
    <p class='ocr_par' dir='ltr' id='par_1_115' title="bbox 2137 5179 3631 5255">
     <span class='ocr_line' id='line_1_115' title="bbox 2137 5179 3631 5255; baseline -0.017 -1"><span class='ocrx_word' id='word_1_878' title='bbox 2137 5204 2201 5254; x_wconf 86' lang='lat' dir='ltr'><strong>de</strong></span> <span class='ocrx_word' id='word_1_879' title='bbox 2229 5199 2529 5255; x_wconf 90' lang='lat' dir='ltr'><strong>subactioue</strong></span> <span class='ocrx_word' id='word_1_880' title='bbox 2555 5192 2790 5249; x_wconf 79' lang='lat' dir='ltr'><strong>Faroaldi</strong></span> <span class='ocrx_word' id='word_1_881' title='bbox 2816 5205 2975 5243; x_wconf 88' lang='lat' dir='ltr'><strong>mare.</strong></span> <span class='ocrx_word' id='word_1_882' title='bbox 3003 5187 3105 5241; x_wconf 89' lang='lat' dir='ltr'><strong>Sed</strong></span> <span class='ocrx_word' id='word_1_883' title='bbox 3127 5196 3179 5238; x_wconf 88' lang='lat' dir='ltr'><strong>et</strong></span> <span class='ocrx_word' id='word_1_884' title='bbox 3207 5198 3413 5235; x_wconf 82' lang='lat' dir='ltr'><strong>rorvam</strong></span> <span class='ocrx_word' id='word_1_885' title='bbox 3440 5181 3499 5234; x_wconf 80' lang='lat' dir='ltr'><strong>ad</strong></span> <span class='ocrx_word' id='word_1_886' title='bbox 3526 5179 3631 5231; x_wconf 74' lang='grc' dir='ltr'><strong>νοο-</strong></span> 
     </span>
    </p>
   </div>
   <div class='ocr_carea' id='block_1_116' title="bbox 2139 5264 3631 5353">
    <p class='ocr_par' dir='ltr' id='par_1_116' title="bbox 2139 5264 3631 5353">
     <span class='ocr_line' id='line_1_116' title="bbox 2139 5264 3631 5353; baseline -0.021 -7"><span class='ocrx_word' id='word_1_887' title='bbox 2139 5305 2239 5346; x_wconf 91' lang='lat' dir='ltr'><strong>tem</strong></span> <span class='ocrx_word' id='word_1_888' title='bbox 2287 5292 2539 5353; x_wconf 90' lang='lat' dir='ltr'><strong>Biauum,</strong></span> <span class='ocrx_word' id='word_1_889' title='bbox 2588 5296 2741 5351; x_wconf 84' lang='lat' dir='ltr'><strong>quam</strong></span> <span class='ocrx_word' id='word_1_890' title='bbox 2787 5264 3200 5345; x_wconf 77' lang='lat' dir='ltr'><strong>comparavimus</strong></span> <span class='ocrx_word' id='word_1_891' title='bbox 3244 5287 3273 5324; x_wconf 86' lang='lat' dir='ltr'><strong>a</strong></span> <span class='ocrx_word' id='word_1_892' title='bbox 3321 5271 3513 5325; x_wconf 82' lang='lat' dir='ltr'><strong>Joanne</strong></span> <span class='ocrx_word' id='word_1_893' title='bbox 3544 5265 3631 5316; x_wconf 87' lang='lat' dir='ltr'><strong>lilio</strong></span> 
     </span>
    </p>
   </div>
   <div class='ocr_carea' id='block_1_117' title="bbox 2140 5360 3631 5447">
    <p class='ocr_par' dir='ltr' id='par_1_117' title="bbox 2140 5360 3631 5447">
     <span class='ocr_line' id='line_1_117' title="bbox 2140 5360 3631 5447; baseline -0.021 -13"><span class='ocrx_word' id='word_1_894' title='bbox 2140 5380 2257 5435; x_wconf 88' lang='lat' dir='ltr'><strong>Ursi</strong></span> <span class='ocrx_word' id='word_1_895' title='bbox 2276 5418 2290 5441; x_wconf 93' lang='lat'><strong>,</strong></span> <span class='ocrx_word' id='word_1_896' title='bbox 2317 5379 2463 5447; x_wconf 82' lang='lat' dir='ltr'><strong>juxta</strong></span> <span class='ocrx_word' id='word_1_897' title='bbox 2494 5380 2691 5427; x_wconf 77' lang='lat' dir='ltr'><strong>textum</strong></span> <span class='ocrx_word' id='word_1_898' title='bbox 2722 5368 2970 5426; x_wconf 48' lang='lat' dir='ltr'><strong>chaonii:</strong></span> <span class='ocrx_word' id='word_1_899' title='bbox 2999 5362 3171 5416; x_wconf 88' lang='lat' dir='ltr'><strong>omnia</strong></span> <span class='ocrx_word' id='word_1_900' title='bbox 3196 5362 3247 5413; x_wconf 87' lang='lat' dir='ltr'><strong>in</strong></span> <span class='ocrx_word' id='word_1_901' title='bbox 3273 5360 3514 5447; x_wconf 80' lang='lat' dir='ltr'><strong>integrum</strong></span> <span class='ocrx_word' id='word_1_902' title='bbox 3537 5364 3631 5447; x_wconf 77' lang='lat' dir='ltr'><strong>nio-</strong></span> 
     </span>
    </p>
   </div>
   <div class='ocr_carea' id='block_1_118' title="bbox 2142 5442 3627 5537">
    <p class='ocr_par' dir='ltr' id='par_1_118' title="bbox 2142 5442 3627 5537">
     <span class='ocr_line' id='line_1_118' title="bbox 2142 5442 3627 5537; baseline -0.021 -15"><span class='ocrx_word' id='word_1_903' title='bbox 2142 5442 2367 5522; x_wconf 81' lang='lat' dir='ltr'><strong>nasler‘io</strong></span> <span class='ocrx_word' id='word_1_904' title='bbox 2412 5472 2601 5517; x_wconf 72' lang='lat' dir='ltr'><strong>sanctze</strong></span> <span class='ocrx_word' id='word_1_905' title='bbox 2643 5459 2862 5527; x_wconf 79' lang='lat' dir='ltr'><strong>Sophia:</strong></span> <span class='ocrx_word' id='word_1_906' title='bbox 2883 5454 3243 5513; x_wconf 75' lang='lat' dir='ltr'><strong>concessimus</strong></span> <span class='ocrx_word' id='word_1_907' title='bbox 3291 5442 3627 5537; x_wconf 55' lang='lat' dir='ltr'><strong>possidenda:</strong></span> 
     </span>
    </p>
   </div>
   <div class='ocr_carea' id='block_1_119' title="bbox 2144 5531 3630 5621">
    <p class='ocr_par' dir='ltr' id='par_1_119' title="bbox 2144 5531 3630 5621">
     <span class='ocr_line' id='line_1_119' title="bbox 2144 5531 3630 5621; baseline -0.019 -10"><span class='ocrx_word' id='word_1_908' title='bbox 2144 5574 2336 5614; x_wconf 83' lang='lat' dir='ltr'><strong>necnon</strong></span> <span class='ocrx_word' id='word_1_909' title='bbox 2370 5553 2539 5609; x_wconf 84' lang='lat' dir='ltr'><strong>omnia</strong></span> <span class='ocrx_word' id='word_1_910' title='bbox 2568 5569 2680 5621; x_wconf 69' lang='grc' dir='ltr'>ῳιω</span> <span class='ocrx_word' id='word_1_911' title='bbox 2725 5543 3136 5616; x_wconf 85' lang='lat' dir='ltr'><strong>comparavimus</strong></span> <span class='ocrx_word' id='word_1_912' title='bbox 3177 5539 3245 5594; x_wconf 88' lang='lat' dir='ltr'><strong>ab</strong></span> <span class='ocrx_word' id='word_1_913' title='bbox 3284 5535 3510 5605; x_wconf 75' lang='lat' dir='ltr'><strong>llprando</strong></span> <span class='ocrx_word' id='word_1_914' title='bbox 3542 5531 3630 5584; x_wconf 82' lang='lat' dir='ltr'><strong>tilio</strong></span> 
     </span>
    </p>
   </div>
  </div>
