3820 6236
187 372 294 428 1425
319 427 322 432 .

1176 348 1554 414 DIPLOMATK
1596 355 1863 410 ECCLES.
1911 355 2238 409 SELECTA.

3175 353 3196 402 1
3209 352 3302 404 δ’ὶὸ

185 485 390 548 Alcrissi,
421 494 630 545 servos,
662 478 976 546 etaneillas,
1004 489 1181 537 casas,
1211 483 1264 527 et
1286 475 1491 535 vineas,
1523 472 1672 526 terri—
1703 471 1746 526 Α
1776 469 1976 530 omnia,
2009 477 2061 519 ct
2099 470 2148 519 in
2193 465 2467 526 omnibus,
2511 465 2715 518 mobilia
2739 507 2752 528 ,
2782 473 2830 517 et
2871 465 3181 529 immobilia,
3221 482 3303 519 se-

183 577 315 632 toria,
343 583 576 635 campos,
611 576 664 620 et
694 566 895 634 sylvas,
937 571 1078 631 prata
1097 601 1112 623 ,
1142 561 1348 613 mobilia
1369 603 1382 622 ,
1413 568 1466 612 ct.
1492 560 1679 611 immo-

192 663 285 715 bilia
328 659 374 711 in
408 657 636 724 partibus
677 653 944 715 Lucania,
983 649 1265 704 secundum
1308 660 1500 700 textum
1530 648 1678 700 cbar—

185 753 282 801 bile
317 747 564 815 integrum
605 741 920 796 monasterio
949 748 1142 792 sanctae
1176 737 1384 803 Sophia:
1419 735 1681 788 concessi-

183 850 278 887 nms
315 832 669 901 possidendum
717 846 729 882 :
772 828 863 881 sed
907 835 957 879 et
996 825 1133 894 quod
1174 825 1587 888 comparavimus
1627 822 1677 874 in

184 920 432 975 Ponticello
460 933 605 972 casas
633 932 748 970 cum
777 916 1006 970 curtibus
1035 915 1141 968 suis
1167 915 1232 968 de
1265 913 1463 982 Egypto
1493 910 1680 968 ﬂuvius

181 1012 360 1078 quidam
387 1010 470 1077 qui
509 1017 591 1062 est
627 1008 761 1061 inter
793 1006 919 1059 duas
964 1007 1102 1065 vias,
1142 1018 1240 1057 una
1269 1016 1383 1066 quae
1421 1001 1583 1054 tendit
1617 1000 1680 1053 ad

180 1111 386 1153 sanctum
417 1095 766 1154 Valentinum,
795 1093 957 1144 altera
987 1091 1048 1143 ad
1074 1101 1307 1142 sanctum
1339 1089 1564 1141 Marcum
1594 1102 1682 1152 per

184 1188 263 1240 bus
291 1186 409 1238 ﬁnes
433 1185 496 1237 de
523 1182 692 1248 capite
723 1181 838 1233 ﬁnis
864 1193 1023 1244 usque
1045 1180 1106 1229 ad
1139 1192 1220 1230 res
1255 1185 1446 1230 sancte
1471 1175 1682 1243 Sophize

181 1279 236 1330 de
261 1279 350 1328 ﬁne
374 1276 422 1326 in
448 1275 558 1340 ipso
578 1273 696 1325 rivo
714 1311 732 1335 ,
761 1271 1016 1334 integrum
1043 1267 1356 1320 monasterio
1377 1273 1566 1316 sancta:
1591 1263 1682 1317 So-

182 1355 297 1430 phize
321 1362 666 1415 concessimus
688 1358 1088 1429 possidendum;
1119 1370 1317 1410 necnon
1347 1363 1398 1407 et
1426 1353 1681 1406 Gualdum

139 1434 145 1441 i
184 1457 403 1507 inmonte
432 1451 701 1518 Virgineo,
731 1449 818 1517 qui
859 1446 1105 1516 pertinuit
1130 1446 1194 1498 ad
1235 1443 1539 1498 Lucerinum
1567 1457 1683 1497 cum

183 1543 360 1607 integro
387 1539 486 1593 ﬁne
517 1552 644 1600 suo,
683 1536 859 1590 omnia
890 1535 1199 1588 monasteria
1239 1543 1432 1585 sanctae
1475 1531 1685 1597 Sopliiae

182 1629 457 1683 donavimus
485 1625 793 1692 possidenda
819 1641 832 1676 :
857 1624 946 1678 sed
968 1631 1021 1677 et
1045 1623 1386 1676 substantiam
1412 1619 1681 1673 Calendini

182 1717 412 1772 Cortisani
440 1715 632 1778 nostri,
661 1715 746 1782 qui
777 1713 1009 1767 habitare
1037 1713 1176 1765 visus
1208 1712 1304 1763 fuit
1334 1711 1383 1761 in
1415 1709 1683 1772 Uriniano,

183 1806 330 1858 omnia
369 1805 559 1872 integra
590 1804 826 1871 insuper,
855 1813 906 1857 et
943 1803 996 1858 in
1034 1803 1303 1854 nominato
1331 1801 1444 1854 loco
1469 1799 1688 1865 qualiter

187 1894 239 1944 ad
255 1902 430 1945 nostra:
453 1891 722 1958 potestatis
748 1904 955 1943 manum
979 1889 1206 1953 devenit,
1231 1887 1546 1941 monasterio
1572 1901 1689 1940 stn-

186 1991 268 2031 eta:
304 1979 496 2043 Sophia:
520 1979 874 2031 concessimus
913 1977 1221 2042 perii-nenda
1256 1994 1268 2027 :
1300 1989 1500 2029 necnon
1527 1985 1578 2027 et
1606 1989 1694 2024 c.1-

185 2083 258 2122 sas
299 2070 422 2122 intra
467 2069 879 2122 Beneventanam
916 2066 1207 2128 civitatem;
1251 2063 1343 2116 sed
1391 2073 1446 2117 et
1494 2063 1693 2116 casales

185 2157 311 2224 eius,
336 2172 457 2223 quos
479 2157 679 2210 Grauso
707 2145 942 2208 notarius
967 2166 1202 2221 pensus:
1230 2149 1514 2204 oﬂerlionis
1536 2150 1692 2204 cbar-

189 2253 355 2314 tnlam,
382 2254 661 2319 integrum,
701 2257 754 2301 et
791 2262 908 2302 cum
947 2247 1149 2300 duobus
1187 2246 1352 2298 servis
1395 2243 1595 2308 Pitulo,
1643 2251 1696 2294 et

190 2339 343 2391 Mauro
385 2353 495 2392 cum
537 2337 816 2398 uxoribus,
861 2345 915 2387 et
959 2333 1074 2385 ﬁliis
1109 2333 1217 2386 suis
1255 2339 1447 2384 sanctae
1487 2330 1695 2394 Sopbiae

190 2426 475 2479 monasterio
500 2424 721 2486 obtulit;
763 2417 941 2474 nostra
973 2437 1097 2474 vero
1140 2429 1368 2487 potestas
1405 2417 1692 2471 secundum

193 2528 363 2570 textum
396 2513 675 2567 oﬁ'ertionis
704 2511 974 2575 cbartuhc,
1015 2509 1270 2577 integrum
1311 2507 1558 2576 prmdicto
1585 2520 1694 2557 mo-

192 2605 394 2657 nasterio
415 2601 634 2654 ﬁrmavit
663 2599 1030 2667 possidendum
1065 2615 1076 2648 :
1106 2612 1309 2650 necnon
1328 2605 1381 2649 et
1410 2595 1460 2648 in
1487 2594 1697 2648 lliarino

191 2708 319 2746 casas
344 2692 405 2744 de
430 2689 765 2751 Caballariis',
795 2686 1152 2743 cum-caballis
1171 2723 1188 2748 ,
1218 2693 1274 2738 et
1305 2683 1578 2749 stadariis;
1621 2686 1698 2736 ba:

191 2792 294 2835 sunt
321 2799 332 2831 :
359 2793 468 2834 casa
496 2791 611 2845 qua!
648 2777 846 2844 regitur
887 2790 977 2840 per
1018 2774 1202 2828 Ursum
1246 2788 1366 2826 cum
1406 2786 1601 2836 uxore,
1646 2782 1698 2824 et
1731 2819 1734 2821 Α

195 2872 293 2922 ﬁliis
316 2869 413 2923 suis
435 2908 452 2934 ,
491 2877 544 2921 et
578 2866 820 2920 omnibus
855 2862 952 2917 sibi
995 2861 1404 2929 pertinentibus;
1435 2873 1553 2912 casa
1582 2873 1697 2924 qua:

193 2959 358 3024 regitur
385 2972 472 3024 per
497 2956 718 3024 Lupum,
743 2963 796 3006 et
817 2951 1095 3004 Fttscillum
1124 2961 1400 3017 germanos
1427 2961 1544 2999 cum
1571 2959 1698 2998 uxo-

194 3046 345 3110 ribus,
372 3053 423 3098 et
449 3043 598 3106 ﬁliis,
629 3051 680 3095 et
719 3040 957 3093 omnibus
985 3039 1085 3091 sibi
1125 3035 1502 3104 pertinentibus
1535 3052 1547 3086 :
1579 3048 1695 3086 casa

193 3151 292 3203 qua!
320 3134 502 3200 regitur
532 3147 623 3200 per
655 3129 947 3182 Vitoaldum
976 3140 1093 3179 cum
1123 3139 1287 3178 uxore
1308 3163 1326 3187 ,
1365 3132 1420 3177 et
1458 3110 1606 3186 ﬁliis,
1646 3129 1699 3174 et

194 3223 406 3288 omnibus
443 3221 539 3274 sibi
587 3217 997 3288 pertinentibus;
1038 3225 1190 3274 casa,
1231 3229 1346 3280 qua:
1390 3210 1581 3277 regitur
1608 3223 1698 3276 per

195 3312 416 3365 Joannem
445 3326 560 3366 cum
591 3323 784 3370 uxore,
817 3318 868 3358 et
899 3306 1044 3366 ﬁliis,
1069 3316 1120 3356 et
1145 3302 1383 3359 omnibus
1405 3300 1501 3354 sibi
1533 3299 1696 3368 perti-

197 3404 406 3455 nentibus
433 3419 448 3455 :
479 3415 595 3453 casa
625 3414 739 3466 qua:
769 3398 963 3464 regitur
991 3409 1081 3459 per
1108 3393 1376 3453 ln~talnm,
1401 3400 1449 3444 el
1479 3389 1698 3443 (laudis-

195 3509 293 3544 sum
319 3505 611 3557 germanos,
643 3503 758 3540 cum
783 3500 969 3550 uxore,
998 3493 1050 3538 et
1077 3483 1224 3546 ﬁliis,
1255 3492 1307 3535 ct
1329 3482 1567 3533 omnibus
1597 3479 1696 3532 sibi

199 3580 544 3648 pertinentibus
569 3595 582 3629 :
611 3576 896 3630 secundum
917 3573 1140 3642 qualiter
1162 3572 1270 3623 haec
1293 3571 1460 3622 omnia
1487 3583 1693 3633 pascua,

196 3669 418 3721 clausaria
435 3709 447 3730 ,
471 3667 627 3720 silvas
643 3707 655 3728 ,
684 3666 859 3716 vineas
879 3703 891 3721 ,
918 3670 1056 3730 prata
1075 3701 1088 3722 ,
1116 3673 1327 3724 campos
1347 3699 1359 3720 ,
1385 3656 1614 3721 mobilia,
1647 3663 1700 3708 et

201 3757 484 3820 inmobilia,
514 3762 764 3821 quantum
801 3750 897 3817 ipsi
926 3740 1075 3801 ‘servi
1119 3747 1380 3812 possidere
1425 3743 1518 3794 visi
1556 3750 1694 3806 sunt,

200 3858 244 3899 et
269 3847 326 3898 ad
349 3856 568 3900 nostram
598 3850 906 3912 potestatem
944 3839 1339 3907 pertinuerunt,
1367 3832 1539 3885 omnia
1568 3832 1720 3884 inte-.

199 3953 276 4003 gra
310 3934 611 3990 monasterio
654 3943 847 3987 sanctae
891 3931 1100 3997 Supliiaa
1145 3927 1499 3983 concessionis
1536 3921 1698 3992 possi-

198 4027 343 4080 denda
373 4046 384 4080 :
415 4041 611 4080 necnon
656 4033 711 4079 et
747 4038 894 4078 casas
933 4023 1094 4084 duas,
1135 4033 1251 4087 qua:
1299 4021 1697 4086 reguntur'cum

197 4134 365 4181 nitore,
389 4129 440 4173 et
471 4117 585 4170 ﬁliis
605 4116 734 4169 suis.
764 4113 825 4166 Et
847 4111 1122 4174 olivetum,
1146 4125 1236 4162 seu
1265 4109 1444 4159 vincas
1462 4146 1476 4170 ,
1507 4105 1560 4156 in
1587 4104 1701 4156 loco

198 4205 271 4272 qui
291 4206 467 4259 dicitur
490 4205 667 4268 Sessa,
693 4218 809 4270 quae
833 4200 1039 4253 fuerunt
1060 4195 1325 4251 Gotlefridi
1355 4193 1560 4253 notarii,
1585 4206 1700 4258 quze

199 4305 382 4359 propter
415 4292 602 4345 multas
629 4289 897 4344 chartulas
937 4277 1092 4338 falsas
1131 4283 1328 4352 legibus
1368 4280 1621 4346 perdidit,
1648 4289 1702 4330 et

199 4382 254 4432 ad
289 4390 500 4434 nostram
540 4379 798 4433 devenere
834 4383 1138 4442 potestatem
1184 4393 1197 4424 :
1240 4380 1412 4424 nostra
1452 4383 1574 4421 vero
1611 4380 1700 4433 po-

172 4462 364 4536 testas,
394 4472 563 4523 omnia
584 4509 598 4529 ,
629 4480 678 4520 et
708 4470 760 4520 in
790 4467 1060 4528 omnibus,
1089 4471 1338 4529 quantum
1371 4461 1421 4512 in
1448 4461 1560 4527 ipso
1587 4459 1703 4511 loco

200 4559 369 4611 habere
398 4558 536 4610 visus
562 4565 642 4610 est
681 4555 976 4608 nominatus
1013 4552 1358 4614 Godeiridus,
1390 4547 1705 4602 monasterio

199 4662 367 4700 saneta:
400 4649 605 4715 Sophia:
634 4645 848 4698 donavit
889 4642 1218 4711 possidenda.
1259 4641 1469 4694 Necnon
1507 4651 1701 4702 casam,

200 4751 331 4803 quam
356 4735 720 4792 Rodemundus
740 4731 916 4786 illii-ite
942 4729 1108 4784 tenuit
1127 4745 1242 4782 cum
1267 4727 1546 4795 nepotibus
1573 4724 1701 4785 suis,

203 4825 300 4877 loco
323 4825 403 4891 qui
430 4826 614 4878 dicitur
638 4822 873 4876 Peretola
891 4860 908 4887 ,
930 4830 984 4874 et
1012 4818 1211 4888 legibus
1240 4818 1305 4868 ad
1336 4827 1564 4868 nostram
1594 4827 1706 4880 per-

202 4912 329 4963 tinuit
357 4920 685 4979 potestatem,
724 4924 877 4978 quam
906 4923 1077 4962 casam
1107 4909 1359 4974 integram
1390 4913 1578 4956 sancttn
1603 4903 1701 4956 So-

202 4997 320 5062 pliiae
359 5001 666 5051 monasterio
693 4997 1048 5052 concessimus
1079 4993 1462 5063 possidendam.
1510 4991 1614 5045 Sed
1654 4999 1705 5042 et

203 5071 447 5138 ecclesiam
488 5087 649 5138 sancti
694 5085 986 5146 Laurentii,
1025 5097 1178 5150 quam
1217 5081 1487 5134 Tiroaldns
1525 5092 1705 5130 mona-

202 5173 318 5225 chus
341 5175 631 5236 mdiﬁcavit,
667 5174 782 5226 loco
809 5173 894 5237 qui
922 5171 1107 5225 dicitur
1132 5168 1504 5229 Tcnctentum,
1540 5165 1624 5218 ubi
1654 5174 1705 5217 cl.

203 5276 279 5325 se,
303 5273 350 5315 et
374 5279 580 5318 uxorem
601 5279 746 5317 suam
770 5262 978 5316 nomine
999 5263 1240 5315 Gcsloara
1260 5301 1274 5324 ,
1297 5271 1346 5311 et
1372 5259 1527 5310 [ilium
1554 5271 1701 5310 suum

206 5354 389 5404 nomine
408 5355 722 5418 Stephanum
745 5353 1042 5405 monastica:
1064 5351 1271 5403 tradidit
1292 5348 1699 5406 convcrsationi;

207 5453 359 5502 posca
390 5455 540 5505 vero,
577 5452 630 5504 et
654 5440 922 5494 ecclesiam
946 5481 959 5502 ,
987 5453 1036 5491 et
1066 5455 1245 5490 omnes
1285 5437 1552 5488 facultates
1583 5450 1704 5487 suas

205 5529 256 5577 ad
284 5531 525 5595 scipsutn,
558 5538 613 5582 et
637 5546 846 5584 uxorem
869 5544 1010 5582 suam
1033 5569 1044 5588 ,
1075 5537 1127 5579 ct
1157 5529 1313 5578 ﬁlium
1346 5541 1494 5578 suum
1526 5538 1701 5575 mona-

206 5618 340 5670 uerto
372 5630 558 5675 sancta:
587 5619 791 5687 Sophia:
817 5621 1034 5683 obtulit,
1082 5629 1254 5672 lanllil
1288 5632 1409 5671 \CIO
1449 5624 1697 5683 potestas,

1778 554 2000 603 eundum
2029 562 2223 605 textum
2250 552 2537 606 oll'ertionis
2569 553 2827 618 przedictzn
2867 563 3061 604 sanctae
3100 555 3307 620 Sophiae

1780 642 2096 692 monasterio
2121 640 2340 693 ﬁrmavit
2371 641 2700 707 possidenda.
2723 639 2964 694 Concessi
2993 653 3184 694 sanctrc
3213 643 3309 696 So-

1782 730 1916 794 phia:
1955 732 2272 784 mooasterio
2319 731 2684 798 possidendum
2727 732 2948 784 Corvcnt
2989 731 3040 784 in
3087 733 3308 784 Lucania

1781 823 1895 875 loco
1922 822 2008 889 qui
2037 820 2223 876 dicitur
2246 824 2434 890 Quatra
2465 824 2529 875 ad
2557 823 2838 876 condomas
2866 824 3166 884 duodecim,
3197 839 3312 889 qnte

1781 910 1891 963 haec
1911 920 2032 964 sunt
2062 927 2074 963 :
2101 925 2220 965 casa
2245 926 2358 979 qum
2384 913 2580 975 regitur
2610 926 2700 978 per
2735 910 2957 965 Fuscum
2989 927 3104 966 cum
3131 927 3311 975 uxore,

1779 1008 1833 1052 et
1863 999 2009 1063 ﬁliis,
2038 1012 2091 1055 et
2130 1002 2376 1054 omnibus
2421 1001 2518 1054 sibi
2560 1001 2935 1067 pertinentibus
2983 1019 2992 1052 :
3034 1017 3152 1055 casa
3199 1016 3312 1068 quae

1783 1090 1974 1156 regitur
2000 1105 2092 1157 per
2122 1091 2446 1158 Pelagionem
2477 1106 2592 1144 cum
2625 1107 2812 1158 uxore,
2853 1101 2906 1147 et
2943 1093 3059 1146 ﬁliis
3078 1136 3090 1157 ,
3125 1102 3176 1146 et
3204 1111 3312 1146 om-

1785 1177 1934 1234 nibus
1962 1181 2060 1234 sibi
2090 1181 2465 1245 pertinentibus
2495 1200 2507 1235 :
2537 1198 2687 1246 casa,
2712 1199 2825 1249 utne
2855 1185 3048 1250 regitur
3067 1199 3156 1249 per
3178 1184 3307 1237 Matr

1783 1269 1951 1320 rinum
1975 1283 2091 1322 cum
2117 1284 2302 1331 uxore,
2332 1279 2384 1324 et
2413 1271 2528 1323 ﬁliis
2548 1313 2561 1334 ,
2594 1280 2646 1324 et
2670 1272 2909 1324 omnibus
2929 1273 3024 1326 sibi
3058 1272 3306 1337 pertinen-

1785 1359 1922 1411 tibus
1955 1376 1968 1411 :
2000 1375 2119 1413 casa
2157 1362 2510 1428 qnaeregitur
2539 1377 2628 1428 per
2667 1362 2944 1414 Gntaulum
2985 1377 3102 1414 cunt
3136 1377 3314 1424 more,

1783 1455 1837 1500 et
1883 1447 2030 1505 ﬁliis.
2075 1458 2126 1500 et
2167 1449 2407 1502 omnilms
2446 1449 2544 1503 sibi
2591 1450 2963 1516 pertinentibus
3005 1468 3016 1500 :
3058 1465 3173 1501 casa
3203 1465 3317 1516 qtm'.

1785 1534 1980 1600 regitur
2007 1550 2097 1601 per
2129 1535 2425 1589 Fermotum
2454 1551 2569 1589 cum
2601 1518 2782 1598 uxore,
2814 1546 2865 1590 et
2897 1539 3032 1599 ﬁliis,
3064 1547 3115 1588 et
3145 1542 3314 1588 omni--

1748 1679 1760 1689 ,
1788 1622 1881 1674 bus
1909 1623 2004 1677 sibi
2037 1625 2414 1694 pertinentibus
2444 1643 2454 1677 :
2477 1639 2593 1678 casa
2618 1641 2730 1692 qum
2756 1628 2947 1687 regitur
2971 1642 3058 1692 per
3084 1627 3318 1679 Bonitnm

1788 1725 1905 1763 cum
1937 1727 2098 1765 uxore
2119 1752 2134 1775 ,
2163 1723 2217 1766 et
2242 1714 2388 1775 ﬁliis,
2418 1721 2471 1768 et
2497 1715 2736 1767 omnibus
2774 1715 2868 1765 sibi
2904 1716 3275 1780 pertinentibus
3307 1733 3319 1766 :

1723 1769 1762 1824 Β
1792 1814 1912 1851 casa
1940 1815 2054 1865 qua:
2084 1801 2281 1868 regitur
2313 1817 2402 1864 per
2426 1802 2651 1855 Marcum
2679 1816 2792 1855 cum
2821 1818 3001 1877 uxore.
3027 1813 3078 1855 et
3110 1803 3242 1862 ﬁliis,
3271 1814 3320 1855 et

1792 1889 2033 1942 omnibus
2074 1888 2170 1941 sibi
2219 1889 2600 1954 pertinentibus
2639 1907 2649 1940 :
2693 1904 2810 1942 casa
2854 1906 2967 1957 qua!
3007 1891 3198 1955 regitur
3235 1903 3321 1954 per

1794 1978 2047 2044 Populum
2077 1993 2194 2032 cum
2222 1995 2411 2044 uxore,
2442 1990 2494 2034 et
2528 1980 2676 2044 ﬁliis,
2707 1994 2753 2034 et
2785 1983 3022 2034 oti-uibus
3051 1984 3146 2034 sibi
3171 1984 3321 2047 perti-

1793 2071 2033 2124 nentibus
2057 2090 2068 2124 :
2092 2085 2209 2125 casa
2236 2087 2349 2137 qum
2375 2073 2569 2140 regitur
2594 2087 2685 2138 per
2715 2072 2942 2126 lirutinm
2960 2113 2974 2136 ,
3000 2088 3115 2126 cum
3143 2088 3321 2133 uxore,

1793 2169 1846 2212 et
1871 2160 2008 2223 liliis,
2037 2169 2090 2214 et
2115 2161 2356 2213 omnibus
2383 2161 2477 2214 sibi
2510 2163 2880 2228 pertinentibus
2922 2165 2970 2213 in
3000 2163 3181 2215 eodem
3215 2163 3324 2214 loco

1799 2263 1914 2300 cum
1946 2249 2160 2316 integris
2190 2250 2396 2312 ﬁnibus,
2421 2253 2734 2304 monasterio
2757 2261 2947 2304 sancta:
2976 2251 3180 2315 Sotiliire
3206 2266 3324 2303 con.

1793 2337 2045 2390 cessimus
2067 2337 2398 2402 possidenda,
2423 2352 2536 2404 quae
2561 2339 2762 2391 fut-runt
2784 2341 2848 2392 de
2870 2339 3168 2391 suliactione
3187 2338 3326 2391 Crai-

1794 2425 2010 2477 medarii
2049 2425 2390 2478 relerendarii
2421 2427 2616 2488 nostri;
2658 2426 2748 2478 sed
2794 2435 2845 2479 et
2881 2425 3095 2478 Corvcm
3136 2429 3184 2476 in
3229 2426 3328 2478 ﬁne

1797 2523 1914 2563 cum
1945 2510 2170 2564 Consilia
2203 2512 2318 2564 loco
2346 2513 2431 2579 qui
2470 2513 2658 2566 dicitur
2698 2513 2773 2566 Ad
2815 2523 3235 2571 monumentum,
3278 2525 3328 2566 et

1797 2599 2137 2663 condomam;
2167 2599 2437 2652 duodecim
2475 2614 2653 2666 casas,
2695 2617 2812 2666 qum
2848 2611 3090 2669 reguntur
3120 2616 3209 2666 per
3239 2601 3329 2654 Ur-

1796 2701 1910 2738 sum
1932 2727 1947 2747 ,
1977 2697 2023 2739 et
2058 2686 2381 2752 anualdnm
2414 2702 2687 2754 germanos
2714 2702 2831 2741 cum
2870 2704 3067 2754 uxore,
3105 2700 3158 2742 et
3189 2690 3325 2746 ﬁliis.

1796 2786 1848 2829 et
1870 2777 2113 2828 omnibus
2136 2777 2232 2829 sibi
2258 2779 2634 2844 pertinentibus
2656 2797 2670 2841 ;
2693 2794 2866 2833 casam
2893 2795 3008 2846 qua:
3031 2782 3222 2847 regitur
3244 2796 3330 2846 per
3363 2789 3365 2791 ‘

1797 2866 2065 2920 Ancellum
2093 2880 2211 2919 cum
2241 2881 2436 2931 uxore,
2464 2878 2516 2921 et
2547 2868 2695 2931 ﬁliis,
2726 2878 2778 2923 et
2815 2870 3057 2923 omnibus
3082 2869 3177 2924 sibi
3219 2885 3328 2931 per.

1800 2955 2117 3019 tinentihus;
2167 2971 2342 3010 casam
2386 2973 2502 3023 qua:
2548 2959 2742 3027 regitur
2790 2974 2882 3026 per
2924 2959 3170 3012 Maloncm
3214 2974 3330 3009 cum

1723 3074 1771 3138 C
1802 3059 1996 3108 uxore,
2021 3053 2073 3098 et
2103 3045 2251 3108 ﬁliis,
2278 3055 2329 3097 et
2349 3045 2589 3097 omnibus
2610 3047 2704 3098 sibi
2735 3047 3142 3112 pertinentibus;
3162 3059 3330 3099 casam

1803 3151 1917 3202 qum
1944 3138 2141 3204 regitur
2170 3152 2259 3200 per
2289 3135 2611 3200 Gaudiosum‘
2634 3147 2750 3188 cum
2782 3149 2970 3200 uxore,
3015 3144 3068 3188 et
3105 3136 3222 3187 ﬁliis
3243 3175 3256 3197 ,
3286 3146 3332 3188 et

1801 3240 1923 3277 omn
1947 3225 2044 3279 btts
2082 3225 2178 3277 sibi
2218 3225 2588 3291 pertinentibus
2621 3243 2632 3276 :
2665 3238 2836 3277 casam
2865 3239 2981 3290 qua:
3020 3225 3214 3290 regitur
3245 3239 3332 3290 per

1803 3313 2026 3367 Fuscum
2066 3328 2180 3366 cum
2214 3329 2402 3375 uxore,
2437 3322 2490 3367 ct
2521 3314 2667 3376 ﬁliis,
2696 3323 2749 3366 et
2782 3315 3019 3366 omnibus
3049 3315 3144 3366 sibi
3177 3319 3330 3377 perti-

1802 3403 2078 3464 nentibns;
2119 3417 2291 3455 casam
2330 3418 2444 3468 qua:
2485 3402 2680 3469 regitur
2718 3416 2809 3466 per
2849 3401 3255 3466 Tlteospertum,
3286 3413 3334 3452 et

1801 3506 1892 3557 per
1916 3490 2170 3544 Goaldtttn
2196 3530 2210 3552 ,
2253 3507 2369 3543 cunt
2401 3506 2590 3551 uxore,
2625 3500 2675 3542 cl
2708 3491 2830 3542 liliis
2852 3532 2865 3552 ,
2895 3501 2948 3544 et
2974 3489 3212 3542 omnibus
3235 3490 3333 3543 sibi

1802 3579 2208 3647 pertinentibus;
2239 3594 2412 3632 casam
2446 3596 2559 3645 qua:
2591 3580 2786 3646 regitur
2814 3596 2904 3645 per
2931 3578 3189 3632 Catullum
3219 3595 3334 3631 eum

1799 3667 1966 3720 uxore
1984 3706 1999 3731 ,
2029 3679 2077 3720 et
2104 3666 2250 3728 ﬁliis,
2278 3675 2327 3720 et
2347 3666 2584 3720 omnibus
2606 3667 2702 3719 sibi
2727 3667 3130 3732 pertinentibus;
3163 3683 3333 3720 casam

1798 3772 1911 3822 quin
1959 3759 2153 3823 regitur
2201 3773 2292 3824 per
2333 3758 2577 3810 Gutulnm
2625 3771 2740 3810 cum
2786 3772 2976 3820 uxore,
3015 3765 3066 3810 et
3106 3758 3254 3816 ﬁliis,
3287 3770 3337 3812 rt

1799 3846 2045 3899 omnibus
2084 3844 2180 3898 sibi
2213 3845 2623 3913 pertinentibus:
2666 3861 2839 3898 casam
2869 3862 2982 3914 qua:
3023 3847 3216 3914 regitur
3247 3864 3336 3914 per

1799 3935 2061 3987 Albinium
2088 3949 2206 3986 cunt
2235 3950 2427 3998 uxore,
2458 3946 2508 3985 et
2539 3935 2688 3998 ﬁliis,
2721 3945 2767 3987 et
2799 3936 3042 3988 omnibus
3080 3937 3174 3988 sibi
3219 3952 3331 4000 pcr-

1799 4021 2108 4084 tinentibus,
2137 4036 2250 4087 qua:
2279 4020 2488 4073 fuerunt
2516 4021 2582 4073 de
2608 4022 2906 4074 snbactione
2945 4020 3057 4074 Ursi
3097 4023 3352 4085 gastraldi

1797 4109 1962 4162 nostri
1998 4127 2008 4160 :
2045 4123 2244 4162 necnon
2275 4109 2490 4162 Cervam
2523 4096 2577 4161 in
2593 4108 2816 4177 Luceria
2838 4151 2852 4174 ,
2887 4110 2998 4163 loco
3029 4112 3113 4177 qui
3145 4111 3332 4164 dicitur

1800 4197 2054 4266 Aquilone
2078 4199 2126 4250 in
2156 4199 2415 4250 territorio
2439 4197 2642 4250 Cet-boli
2673 4202 2807 4249 servi
2837 4197 3033 4262 nostri,
3065 4207 3116 4249 et
3141 4198 3336 4251 condo-

1803 4301 1914 4340 mns
1945 4298 2049 4340 tres
2079 4286 2268 4339 ibidem
2300 4295 2658 4350 permanentes
2677 4329 2690 4351 ,
2737 4285 2835 4338 hoc
2876 4295 2983 4346 cst,
3023 4299 3192 4338 casam
3221 4301 3336 4352 qua:

1724 4401 1775 4458 D
1803 4379 1998 4447 regitur
2027 4391 2118 4444 per
2144 4376 2450 4429 Tcroaldnm
2480 4391 2597 4428 cum
2627 4391 2818 4440 uxore,
2847 4385 2897 4428 et
2925 4367 3066 4437 ﬁliis,
3097 4386 3146 4428 ct
3173 4375 3334 4427 enini,

1803 4470 1897 4522 bus
1924 4467 2022 4520 sibi
2061 4467 2472 4532 pertinentibus;
2513 4478 2685 4517 casam
2713 4479 2826 4530 qua:
2867 4465 3072 4530 regitan
3097 4478 3185 4529 per
3217 4465 3335 4516 Fer-

1802 4556 2024 4609 randum
2053 4569 2172 4607 cum
2197 4568 2398 4614 uxore,
2431 4564 2481 4604 et
2510 4552 2659 4614 ﬁliis,
2696 4561 2747 4604 et
2783 4552 3024 4604 omnibus
3049 4552 3144 4605 sibi
3177 4554 3332 4619 perti-

1803 4645 2075 4706 nentibus;
2125 4656 2297 4695 casam
2344 4655 2458 4710 qua:
2502 4641 2698 4705 regitur
2743 4655 2833 4706 per
2882 4638 3166 4708 Pepinum,
3217 4654 3333 4691 cum

1802 4751 1969 4789 uxore
1995 4776 2009 4800 ,
2039 4743 2094 4789 et
2119 4734 2270 4798 liliis,
2310 4744 2361 4786 et
2397 4732 2636 4786 omnibus
2678 4731 2774 4784 sibi
2816 4731 3188 4796 pertinentibus
3211 4773 3223 4793 ,
3272 4731 3336 4782 de

1801 4828 2104 4880 subactione
2150 4824 2352 4877 Gastari
2398 4820 2612 4875 trasaldi
2661 4820 2840 4872 nostri.
2886 4820 2986 4874 Sed
3034 4823 3082 4872 in
3120 4822 3335 4888 Siponlo

1801 4914 2084 4968 condomas
2125 4923 2266 4976 tres,
2315 4913 2428 4965 loco
2465 4912 2550 4979 qui
2591 4911 2776 4962 dicitur
2816 4909 3039 4978 Sapesso
3096 4928 3110 4962 :
3162 4926 3332 4963 casam

1801 5018 1914 5071 qum
1938 5003 2134 5067 regitur
2161 5017 2249 5066 per
2279 5001 2584 5054 Andilusutn
2607 5038 2622 5062 ,
2652 5014 2768 5050 cum
2799 5014 2961 5052 uxore
2985 5040 2997 5059 ,
3030 5009 3078 5050 et
3109 4999 3251 5060 ﬁliis,
3285 5011 3333 5051 ct

1801 5091 2043 5142 omnibus
2072 5105 2252 5142 eorum
2285 5089 2610 5156 pertinentiis
2643 5104 2655 5138 :
2687 5103 2856 5140 casam
2889 5103 3000 5154 qua:
3032 5088 3218 5154 regitur
3245 5104 3332 5154 per

1803 5178 2127 5232 Andttaldnm
2153 5193 2268 5230 cum
2301 5194 2487 5240 uxore,
2517 5187 2568 5230 et
2591 5177 2736 5240 ﬁliis,
2769 5187 2818 5229 et
2838 5177 3076 5229 omnibus
3096 5177 3193 5228 sibi
3220 5193 3329 5241 pcr-

1804 5268 2121 5327 tinentibus;
2166 5281 2372 5328 casam,
2413 5279 2526 5330 qua:
2567 5264 2757 5330 regitur
2785 5279 2875 5329 per
2904 5265 3183 5322 lllalnnem,
3217 5279 3329 5314 t'tnn

1803 5370 1993 5416 uxore,
2025 5363 2077 5406 ct
2105 5355 2220 5406 ﬁliis
2247 5397 2258 5416 ,
2292 5365 2342 5407 et
2371 5353 2612 5406 omnibus
2650 5353 2746 5403 sibi
2781 5351 3153 5415 pertinentibus
3181 5391 3192 5406 .
3220 5367 3331 5416 quae

1805 5447 2008 5499 luerunt
2031 5447 2098 5498 de
2127 5449 2427 5499 subactionc
2457 5445 2698 5498 litnerissi
2736 5443 2948 5511 gastaldi
2982 5444 3137 5494 nostri
3173 5459 3182 5492 :
3213 5455 3307 5495 nec

1805 5550 1904 5584 non
1951 5544 2001 5585 ct
2049 5534 2096 5584 in
2147 5537 2366 5587 Salcrnn
2408 5534 2740 5598 piscatorios,
2777 5546 2922 5581 casas
2959 5531 3112 5588 (luas,
3155 5529 3200 5578 ttl
3232 5536 3326 5585 est,

1801 5642 1970 5679 casam
2021 5640 2132 5694 quas
2180 5635 2370 5691 regitur
2412 5640 2498 5688 per
2543 5625 2837 5674 Malmiuutn
2886 5638 2999 5672 ('lllll
3046 5632 3240 5674 nitate,
3282 5627 3328 5667 e‘
