  <div class='ocr_page' id='page_1' title='image "/cluster/home/n/w/nwhite01/storage/ocr_20150623/87-88/uva.x000827073/743.png"; bbox 0 0 3820 6236; ppageno 0'>
   <div class='ocr_carea' id='block_1_1' title="bbox 517 279 655 331">
    <p class='ocr_par' dir='ltr' id='par_1_1' title="bbox 517 279 655 331">
     <span class='ocr_line' id='line_1_1' title="bbox 517 279 655 331; baseline -0.014 0"><span class='ocrx_word' id='word_1_1' title='bbox 517 281 539 331; x_wconf 68' lang='grc'>1</span> <span class='ocrx_word' id='word_1_2' title='bbox 562 279 655 329; x_wconf 63' lang='lat' dir='ltr'><strong>t2?</strong></span> 
     </span>
    </p>
   </div>
   <div class='ocr_carea' id='block_1_2' title="bbox 1667 272 2539 330">
    <p class='ocr_par' dir='ltr' id='par_1_2' title="bbox 1667 272 2539 330">
     <span class='ocr_line' id='line_1_2' title="bbox 1667 272 2539 330; baseline 0 -2"><span class='ocrx_word' id='word_1_3' title='bbox 1667 272 2257 330; x_wconf 68' lang='lat' dir='ltr'><strong>LANGOBARDORUM</strong></span> <span class='ocrx_word' id='word_1_4' title='bbox 2301 274 2539 328; x_wconf 75' lang='lat' dir='ltr'><strong>REGUM</strong></span> 
     </span>
    </p>
   </div>
   <div class='ocr_carea' id='block_1_3' title="bbox 3578 287 3692 339">
    <p class='ocr_par' dir='ltr' id='par_1_3' title="bbox 3578 287 3692 339">
     <span class='ocr_line' id='line_1_3' title="bbox 3578 287 3692 339; baseline -0.009 -3"><span class='ocrx_word' id='word_1_5' title='bbox 3578 287 3692 339; x_wconf 53' lang='lat' dir='ltr'><strong>llis</strong></span> 
     </span>
    </p>
   </div>
   <div class='ocr_carea' id='block_1_4' title="bbox 517 387 3689 463">
    <p class='ocr_par' dir='ltr' id='par_1_4' title="bbox 517 387 3689 463">
     <span class='ocr_line' id='line_1_4' title="bbox 517 387 3689 463; baseline 0.003 -21"><span class='ocrx_word' id='word_1_6' title='bbox 517 392 663 453; x_wconf 78' lang='lat' dir='ltr'><strong>ﬁliis,</strong></span> <span class='ocrx_word' id='word_1_7' title='bbox 695 402 748 443; x_wconf 93' lang='lat' dir='ltr'><strong>ct</strong></span> <span class='ocrx_word' id='word_1_8' title='bbox 775 392 1015 445; x_wconf 84' lang='lat' dir='ltr'><strong>omnibus</strong></span> <span class='ocrx_word' id='word_1_9' title='bbox 1056 392 1153 446; x_wconf 86' lang='lat' dir='ltr'><strong>sibi</strong></span> <span class='ocrx_word' id='word_1_10' title='bbox 1186 392 1594 458; x_wconf 72' lang='lat' dir='ltr'><strong>pertinentibus;</strong></span> <span class='ocrx_word' id='word_1_11' title='bbox 1624 406 1797 442; x_wconf 80' lang='lat' dir='ltr'><strong>casam</strong></span> <span class='ocrx_word' id='word_1_12' title='bbox 1826 403 1939 454; x_wconf 76' lang='lat' dir='ltr'><strong>qua:</strong></span> <span class='ocrx_word' id='word_1_13' title='bbox 1968 402 2050 439; x_wconf 80' lang='lat' dir='ltr'><strong>re-</strong></span> <span class='ocrx_word' id='word_1_14' title='bbox 2082 393 2131 445; x_wconf 77' lang='grc' dir='ltr'><strong>Λ</strong></span> <span class='ocrx_word' id='word_1_15' title='bbox 2161 387 2319 449; x_wconf 78' lang='lat' dir='ltr'><strong>l’ctri,</strong></span> <span class='ocrx_word' id='word_1_16' title='bbox 2349 396 2403 443; x_wconf 93' lang='lat' dir='ltr'><strong>et</strong></span> <span class='ocrx_word' id='word_1_17' title='bbox 2431 388 2543 455; x_wconf 90' lang='lat' dir='ltr'><strong>ipso</strong></span> <span class='ocrx_word' id='word_1_18' title='bbox 2564 389 2736 443; x_wconf 80' lang='lat' dir='ltr'><strong>Monte</strong></span> <span class='ocrx_word' id='word_1_19' title='bbox 2763 404 2880 443; x_wconf 89' lang='lat' dir='ltr'><strong>cum</strong></span> <span class='ocrx_word' id='word_1_20' title='bbox 2908 391 3021 457; x_wconf 91' lang='lat' dir='ltr'><strong>ipso</strong></span> <span class='ocrx_word' id='word_1_21' title='bbox 3049 393 3223 459; x_wconf 86' lang='lat' dir='ltr'><strong>plano,</strong></span> <span class='ocrx_word' id='word_1_22' title='bbox 3250 406 3302 448; x_wconf 91' lang='lat' dir='ltr'><strong>et</strong></span> <span class='ocrx_word' id='word_1_23' title='bbox 3332 397 3436 463; x_wconf 81' lang='lat' dir='ltr'><strong>ipsa</strong></span> <span class='ocrx_word' id='word_1_24' title='bbox 3462 400 3652 453; x_wconf 74' lang='lat' dir='ltr'><strong>ferrata</strong></span> <span class='ocrx_word' id='word_1_25' title='bbox 3678 420 3689 459; x_wconf 67' lang='grc' dir='ltr'><strong>ς</strong></span> 
     </span>
    </p>
   </div>
   <div class='ocr_carea' id='block_1_5' title="bbox 515 477 2056 545">
    <p class='ocr_par' dir='ltr' id='par_1_5' title="bbox 515 477 2056 545">
     <span class='ocr_line' id='line_1_5' title="bbox 515 477 2056 545; baseline 0.001 -18"><span class='ocrx_word' id='word_1_26' title='bbox 515 484 653 545; x_wconf 68' lang='lat' dir='ltr'><strong>gitur</strong></span> <span class='ocrx_word' id='word_1_27' title='bbox 682 495 772 545; x_wconf 90' lang='lat' dir='ltr'><strong>per</strong></span> <span class='ocrx_word' id='word_1_28' title='bbox 795 479 1126 533; x_wconf 68' lang='lat' dir='ltr'><strong>ltadichisum</strong></span> <span class='ocrx_word' id='word_1_29' title='bbox 1150 495 1267 533; x_wconf 91' lang='lat' dir='ltr'><strong>cum</strong></span> <span class='ocrx_word' id='word_1_30' title='bbox 1295 495 1474 544; x_wconf 81' lang='lat' dir='ltr'><strong>uxore,</strong></span> <span class='ocrx_word' id='word_1_31' title='bbox 1499 489 1550 533; x_wconf 89' lang='lat' dir='ltr'><strong>et</strong></span> <span class='ocrx_word' id='word_1_32' title='bbox 1575 479 1710 541; x_wconf 86' lang='lat' dir='ltr'><strong>ﬁliis,</strong></span> <span class='ocrx_word' id='word_1_33' title='bbox 1736 488 1786 531; x_wconf 92' lang='lat' dir='ltr'><strong>et</strong></span> <span class='ocrx_word' id='word_1_34' title='bbox 1813 477 2056 528; x_wconf 84' lang='lat' dir='ltr'><strong>oninibus</strong></span> 
     </span>
    </p>
   </div>
   <div class='ocr_carea' id='block_1_6' title="bbox 516 565 2054 634">
    <p class='ocr_par' dir='ltr' id='par_1_6' title="bbox 516 565 2054 634">
     <span class='ocr_line' id='line_1_6' title="bbox 516 565 2054 634; baseline -0.002 -17"><span class='ocrx_word' id='word_1_35' title='bbox 516 566 610 619; x_wconf 84' lang='lat' dir='ltr'><strong>sibi</strong></span> <span class='ocrx_word' id='word_1_36' title='bbox 641 566 1035 631; x_wconf 83' lang='lat' dir='ltr'><strong>pertinentibus.</strong></span> <span class='ocrx_word' id='word_1_37' title='bbox 1068 566 1130 619; x_wconf 86' lang='lat' dir='ltr'><strong>Et</strong></span> <span class='ocrx_word' id='word_1_38' title='bbox 1156 567 1323 621; x_wconf 87' lang='lat' dir='ltr'><strong>lacum</strong></span> <span class='ocrx_word' id='word_1_39' title='bbox 1347 568 1410 619; x_wconf 90' lang='lat' dir='ltr'><strong>ad</strong></span> <span class='ocrx_word' id='word_1_40' title='bbox 1436 566 1737 634; x_wconf 81' lang='lat' dir='ltr'><strong>piscandum</strong></span> <span class='ocrx_word' id='word_1_41' title='bbox 1772 565 2054 628; x_wconf 75' lang='lat' dir='ltr'><strong>integrum,</strong></span> 
     </span>
    </p>
   </div>
   <div class='ocr_carea' id='block_1_7' title="bbox 518 651 2053 721">
    <p class='ocr_par' dir='ltr' id='par_1_7' title="bbox 518 651 2053 721">
     <span class='ocr_line' id='line_1_7' title="bbox 518 651 2053 721; baseline -0.003 -14"><span class='ocrx_word' id='word_1_42' title='bbox 518 656 630 707; x_wconf 91' lang='lat' dir='ltr'><strong>loco</strong></span> <span class='ocrx_word' id='word_1_43' title='bbox 656 656 741 721; x_wconf 85' lang='lat' dir='ltr'><strong>qui</strong></span> <span class='ocrx_word' id='word_1_44' title='bbox 774 656 959 709; x_wconf 89' lang='lat' dir='ltr'><strong>dicitur</strong></span> <span class='ocrx_word' id='word_1_45' title='bbox 987 656 1064 709; x_wconf 87' lang='lat' dir='ltr'><strong>Ad</strong></span> <span class='ocrx_word' id='word_1_46' title='bbox 1093 667 1329 708; x_wconf 88' lang='lat' dir='ltr'><strong>sanctum</strong></span> <span class='ocrx_word' id='word_1_47' title='bbox 1351 654 1695 719; x_wconf 86' lang='lat' dir='ltr'><strong>Salvatorem,</strong></span> <span class='ocrx_word' id='word_1_48' title='bbox 1719 651 1808 705; x_wconf 89' lang='lat' dir='ltr'><strong>sed</strong></span> <span class='ocrx_word' id='word_1_49' title='bbox 1840 660 1889 703; x_wconf 90' lang='lat' dir='ltr'><strong>et</strong></span> <span class='ocrx_word' id='word_1_50' title='bbox 1913 651 2053 715; x_wconf 81' lang='lat' dir='ltr'><strong>ipsas</strong></span> 
     </span>
    </p>
   </div>
   <div class='ocr_carea' id='block_1_8' title="bbox 510 742 2052 808">
    <p class='ocr_par' dir='ltr' id='par_1_8' title="bbox 510 742 2052 808">
     <span class='ocr_line' id='line_1_8' title="bbox 510 742 2052 808; baseline -0.003 -13"><span class='ocrx_word' id='word_1_51' title='bbox 510 758 659 797; x_wconf 86' lang='lat' dir='ltr'><strong>casas</strong></span> <span class='ocrx_word' id='word_1_52' title='bbox 688 747 817 795; x_wconf 88' lang='lat' dir='ltr'><strong>duas</strong></span> <span class='ocrx_word' id='word_1_53' title='bbox 846 745 909 796; x_wconf 85' lang='lat' dir='ltr'><strong>ad</strong></span> <span class='ocrx_word' id='word_1_54' title='bbox 937 745 1097 797; x_wconf 88' lang='lat' dir='ltr'><strong>salem</strong></span> <span class='ocrx_word' id='word_1_55' title='bbox 1129 744 1493 808; x_wconf 89' lang='lat' dir='ltr'><strong>laborandum,</strong></span> <span class='ocrx_word' id='word_1_56' title='bbox 1524 742 1574 795; x_wconf 90' lang='lat' dir='ltr'><strong>id</strong></span> <span class='ocrx_word' id='word_1_57' title='bbox 1595 752 1696 805; x_wconf 89' lang='lat' dir='ltr'><strong>est,</strong></span> <span class='ocrx_word' id='word_1_58' title='bbox 1730 755 1903 795; x_wconf 80' lang='lat' dir='ltr'><strong>casam</strong></span> <span class='ocrx_word' id='word_1_59' title='bbox 1937 755 2052 805; x_wconf 68' lang='lat' dir='ltr'><strong>qua:</strong></span> 
     </span>
    </p>
   </div>
   <div class='ocr_carea' id='block_1_9' title="bbox 511 832 2055 899">
    <p class='ocr_par' dir='ltr' id='par_1_9' title="bbox 511 832 2055 899">
     <span class='ocr_line' id='line_1_9' title="bbox 511 832 2055 899; baseline -0.002 -12"><span class='ocrx_word' id='word_1_60' title='bbox 511 832 703 899; x_wconf 77' lang='lat' dir='ltr'><strong>regitur</strong></span> <span class='ocrx_word' id='word_1_61' title='bbox 735 848 826 897; x_wconf 86' lang='lat' dir='ltr'><strong>per</strong></span> <span class='ocrx_word' id='word_1_62' title='bbox 850 832 1053 887; x_wconf 87' lang='lat' dir='ltr'><strong>Sircam</strong></span> <span class='ocrx_word' id='word_1_63' title='bbox 1088 849 1205 888; x_wconf 89' lang='lat' dir='ltr'><strong>cum</strong></span> <span class='ocrx_word' id='word_1_64' title='bbox 1238 848 1430 898; x_wconf 79' lang='lat' dir='ltr'><strong>uxore,</strong></span> <span class='ocrx_word' id='word_1_65' title='bbox 1461 841 1514 888; x_wconf 89' lang='lat' dir='ltr'><strong>et</strong></span> <span class='ocrx_word' id='word_1_66' title='bbox 1557 834 1728 886; x_wconf 85' lang='lat' dir='ltr'><strong>liberis</strong></span> <span class='ocrx_word' id='word_1_67' title='bbox 1751 872 1765 895; x_wconf 93' lang='lat'><strong>,</strong></span> <span class='ocrx_word' id='word_1_68' title='bbox 1796 842 1847 887; x_wconf 90' lang='lat' dir='ltr'><strong>ct</strong></span> <span class='ocrx_word' id='word_1_69' title='bbox 1885 832 2055 884; x_wconf 88' lang='lat' dir='ltr'><strong>omni-</strong></span> 
     </span>
    </p>
   </div>
   <div class='ocr_carea' id='block_1_10' title="bbox 508 920 2048 987">
    <p class='ocr_par' dir='ltr' id='par_1_10' title="bbox 508 920 2048 987">
     <span class='ocr_line' id='line_1_10' title="bbox 508 920 2048 987; baseline -0.001 -15"><span class='ocrx_word' id='word_1_70' title='bbox 508 927 605 972; x_wconf 73' lang='lat' dir='ltr'><strong>bus</strong></span> <span class='ocrx_word' id='word_1_71' title='bbox 629 921 726 971; x_wconf 91' lang='lat' dir='ltr'><strong>sibi</strong></span> <span class='ocrx_word' id='word_1_72' title='bbox 758 920 1139 987; x_wconf 77' lang='lat' dir='ltr'><strong>pertinentibus</strong></span> <span class='ocrx_word' id='word_1_73' title='bbox 1170 939 1181 972; x_wconf 91' lang='lat'><strong>:</strong></span> <span class='ocrx_word' id='word_1_74' title='bbox 1210 935 1408 974; x_wconf 83' lang='lat' dir='ltr'><strong>necnon</strong></span> <span class='ocrx_word' id='word_1_75' title='bbox 1439 921 1561 974; x_wconf 91' lang='lat' dir='ltr'><strong>etin</strong></span> <span class='ocrx_word' id='word_1_76' title='bbox 1594 920 1827 974; x_wconf 84' lang='lat' dir='ltr'><strong>Viviamo</strong></span> <span class='ocrx_word' id='word_1_77' title='bbox 1856 920 2048 972; x_wconf 86' lang='lat' dir='ltr'><strong>condo-</strong></span> 
     </span>
    </p>
   </div>
   <div class='ocr_carea' id='block_1_11' title="bbox 509 1007 2056 1070">
    <p class='ocr_par' dir='ltr' id='par_1_11' title="bbox 509 1007 2056 1070">
     <span class='ocr_line' id='line_1_11' title="bbox 509 1007 2056 1070; baseline -0.002 -9"><span class='ocrx_word' id='word_1_78' title='bbox 509 1022 644 1061; x_wconf 75' lang='lat' dir='ltr'><strong>mam</strong></span> <span class='ocrx_word' id='word_1_79' title='bbox 675 1023 849 1070; x_wconf 88' lang='lat' dir='ltr'><strong>uuam,</strong></span> <span class='ocrx_word' id='word_1_80' title='bbox 883 1009 1093 1061; x_wconf 78' lang='lat' dir='ltr'><strong>nomine</strong></span> <span class='ocrx_word' id='word_1_81' title='bbox 1124 1008 1368 1061; x_wconf 86' lang='lat' dir='ltr'><strong>Lumchis</strong></span> <span class='ocrx_word' id='word_1_82' title='bbox 1395 1023 1511 1061; x_wconf 89' lang='lat' dir='ltr'><strong>cum</strong></span> <span class='ocrx_word' id='word_1_83' title='bbox 1542 1022 1719 1067; x_wconf 76' lang='lat' dir='ltr'><strong>uxore,</strong></span> <span class='ocrx_word' id='word_1_84' title='bbox 1752 1016 1805 1060; x_wconf 84' lang='lat' dir='ltr'><strong>et</strong></span> <span class='ocrx_word' id='word_1_85' title='bbox 1835 1007 1971 1070; x_wconf 78' lang='lat' dir='ltr'><strong>ﬁl.is,</strong></span> <span class='ocrx_word' id='word_1_86' title='bbox 2002 1018 2056 1058; x_wconf 90' lang='lat' dir='ltr'><strong>et</strong></span> 
     </span>
    </p>
   </div>
   <div class='ocr_carea' id='block_1_12' title="bbox 507 1097 2050 1167">
    <p class='ocr_par' dir='ltr' id='par_1_12' title="bbox 507 1097 2050 1167">
     <span class='ocr_line' id='line_1_12' title="bbox 507 1097 2050 1167; baseline 0.002 -20"><span class='ocrx_word' id='word_1_87' title='bbox 507 1098 751 1151; x_wconf 90' lang='lat' dir='ltr'><strong>omnibus</strong></span> <span class='ocrx_word' id='word_1_88' title='bbox 796 1098 892 1152; x_wconf 84' lang='lat' dir='ltr'><strong>sibi</strong></span> <span class='ocrx_word' id='word_1_89' title='bbox 940 1099 1353 1166; x_wconf 89' lang='lat' dir='ltr'><strong>pertinentibus,</strong></span> <span class='ocrx_word' id='word_1_90' title='bbox 1389 1114 1519 1167; x_wconf 89' lang='lat' dir='ltr'><strong>quos</strong></span> <span class='ocrx_word' id='word_1_91' title='bbox 1562 1098 1859 1165; x_wconf 82' lang='lat' dir='ltr'><strong>Stephanus</strong></span> <span class='ocrx_word' id='word_1_92' title='bbox 1897 1097 2050 1151; x_wconf 78' lang='lat' dir='ltr'><strong>Sarto</strong></span> 
     </span>
    </p>
   </div>
   <div class='ocr_carea' id='block_1_13' title="bbox 511 1174 2051 1254">
    <p class='ocr_par' dir='ltr' id='par_1_13' title="bbox 511 1174 2051 1254">
     <span class='ocr_line' id='line_1_13' title="bbox 511 1174 2051 1254; baseline 0.002 -18"><span class='ocrx_word' id='word_1_93' title='bbox 511 1202 602 1252; x_wconf 85' lang='lat' dir='ltr'><strong>per</strong></span> <span class='ocrx_word' id='word_1_94' title='bbox 632 1197 951 1254; x_wconf 83' lang='lat' dir='ltr'><strong>praeceptum</strong></span> <span class='ocrx_word' id='word_1_95' title='bbox 980 1187 1168 1240; x_wconf 80' lang='lat' dir='ltr'><strong>falsum</strong></span> <span class='ocrx_word' id='word_1_96' title='bbox 1203 1187 1470 1252; x_wconf 80' lang='lat' dir='ltr'><strong>liberavit,</strong></span> <span class='ocrx_word' id='word_1_97' title='bbox 1502 1195 1554 1240; x_wconf 89' lang='lat' dir='ltr'><strong>et</strong></span> <span class='ocrx_word' id='word_1_98' title='bbox 1576 1202 1658 1240; x_wconf 92' lang='lat' dir='ltr'><strong>res</strong></span> <span class='ocrx_word' id='word_1_99' title='bbox 1686 1174 1897 1241; x_wconf 74' lang='lat' dir='ltr'><strong>abstulit</strong></span> <span class='ocrx_word' id='word_1_100' title='bbox 1917 1224 1932 1248; x_wconf 88' lang='lat'><strong>,</strong></span> <span class='ocrx_word' id='word_1_101' title='bbox 1960 1187 2051 1239; x_wconf 88' lang='lat' dir='ltr'><strong>sed</strong></span> 
     </span>
    </p>
   </div>
   <div class='ocr_carea' id='block_1_14' title="bbox 508 1276 2054 1343">
    <p class='ocr_par' dir='ltr' id='par_1_14' title="bbox 508 1276 2054 1343">
     <span class='ocr_line' id='line_1_14' title="bbox 508 1276 2054 1343; baseline 0.001 -16"><span class='ocrx_word' id='word_1_102' title='bbox 508 1285 563 1327; x_wconf 89' lang='lat' dir='ltr'><strong>et</strong></span> <span class='ocrx_word' id='word_1_103' title='bbox 590 1276 821 1343; x_wconf 82' lang='lat' dir='ltr'><strong>legibus,</strong></span> <span class='ocrx_word' id='word_1_104' title='bbox 852 1284 907 1330; x_wconf 90' lang='lat' dir='ltr'><strong>et</strong></span> <span class='ocrx_word' id='word_1_105' title='bbox 948 1276 1046 1342; x_wconf 88' lang='lat' dir='ltr'><strong>ipsi</strong></span> <span class='ocrx_word' id='word_1_106' title='bbox 1078 1286 1130 1328; x_wconf 93' lang='lat' dir='ltr'><strong>et</strong></span> <span class='ocrx_word' id='word_1_107' title='bbox 1161 1291 1246 1328; x_wconf 91' lang='lat' dir='ltr'><strong>res</strong></span> <span class='ocrx_word' id='word_1_108' title='bbox 1271 1291 1449 1329; x_wconf 91' lang='lat' dir='ltr'><strong>eorum</strong></span> <span class='ocrx_word' id='word_1_109' title='bbox 1479 1277 1542 1327; x_wconf 88' lang='lat' dir='ltr'><strong>ad</strong></span> <span class='ocrx_word' id='word_1_110' title='bbox 1574 1285 1800 1328; x_wconf 87' lang='lat' dir='ltr'><strong>nostram</strong></span> <span class='ocrx_word' id='word_1_111' title='bbox 1831 1277 2054 1329; x_wconf 85' lang='lat' dir='ltr'><strong>devene-</strong></span> 
     </span>
    </p>
   </div>
   <div class='ocr_carea' id='block_1_15' title="bbox 509 1365 2054 1434">
    <p class='ocr_par' dir='ltr' id='par_1_15' title="bbox 509 1365 2054 1434">
     <span class='ocr_line' id='line_1_15' title="bbox 509 1365 2054 1434; baseline 0.001 -20"><span class='ocrx_word' id='word_1_112' title='bbox 509 1372 632 1417; x_wconf 89' lang='lat' dir='ltr'><strong>runt</strong></span> <span class='ocrx_word' id='word_1_113' title='bbox 678 1372 988 1431; x_wconf 88' lang='lat' dir='ltr'><strong>potestatem</strong></span> <span class='ocrx_word' id='word_1_114' title='bbox 1043 1383 1054 1415; x_wconf 93' lang='lat'><strong>:</strong></span> <span class='ocrx_word' id='word_1_115' title='bbox 1098 1376 1270 1417; x_wconf 89' lang='lat' dir='ltr'><strong>nostra</strong></span> <span class='ocrx_word' id='word_1_116' title='bbox 1312 1379 1436 1418; x_wconf 88' lang='lat' dir='ltr'><strong>vero</strong></span> <span class='ocrx_word' id='word_1_117' title='bbox 1483 1376 1710 1434; x_wconf 79' lang='lat' dir='ltr'><strong>potestas</strong></span> <span class='ocrx_word' id='word_1_118' title='bbox 1763 1365 2054 1417; x_wconf 88' lang='lat' dir='ltr'><strong>nominatas</strong></span> 
     </span>
    </p>
   </div>
   <div class='ocr_carea' id='block_1_16' title="bbox 507 1454 2053 1528">
    <p class='ocr_par' dir='ltr' id='par_1_16' title="bbox 507 1454 2053 1528">
     <span class='ocr_line' id='line_1_16' title="bbox 507 1454 2053 1528; baseline 0.002 -24"><span class='ocrx_word' id='word_1_119' title='bbox 507 1454 791 1507; x_wconf 73' lang='lat' dir='ltr'><strong>condomas</strong></span> <span class='ocrx_word' id='word_1_120' title='bbox 816 1456 1143 1528; x_wconf 81' lang='lat' dir='ltr'><strong>monasterio</strong></span> <span class='ocrx_word' id='word_1_121' title='bbox 1174 1463 1368 1523; x_wconf 68' lang='lat' dir='ltr'><strong>sanctae</strong></span> <span class='ocrx_word' id='word_1_122' title='bbox 1402 1457 1608 1522; x_wconf 71' lang='lat' dir='ltr'><strong>Sophim</strong></span> <span class='ocrx_word' id='word_1_123' title='bbox 1636 1458 1895 1508; x_wconf 85' lang='lat' dir='ltr'><strong>concessit</strong></span> <span class='ocrx_word' id='word_1_124' title='bbox 1935 1472 2053 1523; x_wconf 82' lang='lat' dir='ltr'><strong>per-</strong></span> 
     </span>
    </p>
   </div>
   <div class='ocr_carea' id='block_1_17' title="bbox 505 1544 2053 1613">
    <p class='ocr_par' dir='ltr' id='par_1_17' title="bbox 505 1544 2053 1613">
     <span class='ocr_line' id='line_1_17' title="bbox 505 1544 2053 1613; baseline 0.001 -16"><span class='ocrx_word' id='word_1_125' title='bbox 505 1544 791 1606; x_wconf 78' lang='lat' dir='ltr'><strong>fruendas;</strong></span> <span class='ocrx_word' id='word_1_126' title='bbox 831 1558 1035 1597; x_wconf 86' lang='lat' dir='ltr'><strong>necnon</strong></span> <span class='ocrx_word' id='word_1_127' title='bbox 1077 1555 1129 1598; x_wconf 91' lang='lat' dir='ltr'><strong>et</strong></span> <span class='ocrx_word' id='word_1_128' title='bbox 1172 1560 1237 1598; x_wconf 79' lang='lat' dir='ltr'><strong>ex</strong></span> <span class='ocrx_word' id='word_1_129' title='bbox 1285 1547 1403 1613; x_wconf 79' lang='lat' dir='ltr'><strong>galo</strong></span> <span class='ocrx_word' id='word_1_130' title='bbox 1448 1556 1627 1600; x_wconf 89' lang='lat' dir='ltr'><strong>nostro</strong></span> <span class='ocrx_word' id='word_1_131' title='bbox 1666 1547 1832 1613; x_wconf 74' lang='lat' dir='ltr'><strong>largiti</strong></span> <span class='ocrx_word' id='word_1_132' title='bbox 1876 1560 2053 1599; x_wconf 87' lang='lat' dir='ltr'><strong>sumus</strong></span> 
     </span>
    </p>
   </div>
   <div class='ocr_carea' id='block_1_18' title="bbox 505 1630 2073 1700">
    <p class='ocr_par' dir='ltr' id='par_1_18' title="bbox 505 1630 2073 1700">
     <span class='ocr_line' id='line_1_18' title="bbox 505 1630 2073 1700; baseline 0.004 -19"><span class='ocrx_word' id='word_1_133' title='bbox 505 1630 755 1694; x_wconf 64' lang='lat' dir='ltr'><strong>praemeto</strong></span> <span class='ocrx_word' id='word_1_134' title='bbox 783 1640 976 1682; x_wconf 64' lang='lat' dir='ltr'><strong>sanctae</strong></span> <span class='ocrx_word' id='word_1_135' title='bbox 1007 1630 1220 1698; x_wconf 72' lang='lat' dir='ltr'><strong>Sophia:</strong></span> <span class='ocrx_word' id='word_1_136' title='bbox 1260 1635 1578 1685; x_wconf 89' lang='lat' dir='ltr'><strong>monasterio</strong></span> <span class='ocrx_word' id='word_1_137' title='bbox 1613 1633 1785 1700; x_wconf 89' lang='lat' dir='ltr'><strong>aliqua</strong></span> <span class='ocrx_word' id='word_1_138' title='bbox 1816 1632 2073 1687; x_wconf 80' lang='lat' dir='ltr'><strong>facienda.</strong></span> 
     </span>
    </p>
   </div>
   <div class='ocr_carea' id='block_1_19' title="bbox 2160 475 3690 551">
    <p class='ocr_par' dir='ltr' id='par_1_19' title="bbox 2160 475 3690 551">
     <span class='ocr_line' id='line_1_19' title="bbox 2160 475 3690 551; baseline 0.011 -24"><span class='ocrx_word' id='word_1_139' title='bbox 2160 475 2271 529; x_wconf 69' lang='grc' dir='ltr'><strong>Ιιίεε</strong></span> <span class='ocrx_word' id='word_1_140' title='bbox 2308 478 2481 530; x_wconf 86' lang='lat' dir='ltr'><strong>omnia</strong></span> <span class='ocrx_word' id='word_1_141' title='bbox 2528 489 2721 531; x_wconf 63' lang='lat' dir='ltr'><strong>sancti:</strong></span> <span class='ocrx_word' id='word_1_142' title='bbox 2764 480 2973 547; x_wconf 73' lang='lat' dir='ltr'><strong>Sophia:</strong></span> <span class='ocrx_word' id='word_1_143' title='bbox 3018 486 3346 537; x_wconf 90' lang='lat' dir='ltr'><strong>monasterio</strong></span> <span class='ocrx_word' id='word_1_144' title='bbox 3394 490 3690 551; x_wconf 86' lang='lat' dir='ltr'><strong>possidenda</strong></span> 
     </span>
    </p>
   </div>
   <div class='ocr_carea' id='block_1_20' title="bbox 2156 564 3689 633">
    <p class='ocr_par' dir='ltr' id='par_1_20' title="bbox 2156 564 3689 633">
     <span class='ocr_line' id='line_1_20' title="bbox 2156 564 3689 633; baseline 0.009 -15"><span class='ocrx_word' id='word_1_145' title='bbox 2156 565 2535 619; x_wconf 82' lang='lat' dir='ltr'><strong>concessimus.</strong></span> <span class='ocrx_word' id='word_1_146' title='bbox 2563 564 2771 620; x_wconf 83' lang='lat' dir='ltr'><strong>Necnon</strong></span> <span class='ocrx_word' id='word_1_147' title='bbox 2802 578 2853 621; x_wconf 88' lang='lat' dir='ltr'><strong>et</strong></span> <span class='ocrx_word' id='word_1_148' title='bbox 2881 569 3045 633; x_wconf 90' lang='lat' dir='ltr'><strong>ipsam</strong></span> <span class='ocrx_word' id='word_1_149' title='bbox 3075 574 3360 625; x_wconf 84' lang='lat' dir='ltr'><strong>ecclesiam</strong></span> <span class='ocrx_word' id='word_1_150' title='bbox 3388 588 3571 629; x_wconf 77' lang='lat' dir='ltr'><strong>sancta:</strong></span> <span class='ocrx_word' id='word_1_151' title='bbox 3600 581 3689 631; x_wconf 79' lang='lat' dir='ltr'><strong>lla-</strong></span> 
     </span>
    </p>
   </div>
   <div class='ocr_carea' id='block_1_21' title="bbox 2157 649 3689 726">
    <p class='ocr_par' dir='ltr' id='par_1_21' title="bbox 2157 649 3689 726">
     <span class='ocr_line' id='line_1_21' title="bbox 2157 649 3689 726; baseline 0.011 -23"><span class='ocrx_word' id='word_1_152' title='bbox 2157 651 2248 704; x_wconf 72' lang='lat' dir='ltr'><strong>ria:</strong></span> <span class='ocrx_word' id='word_1_153' title='bbox 2273 653 2323 706; x_wconf 92' lang='lat' dir='ltr'><strong>in</strong></span> <span class='ocrx_word' id='word_1_154' title='bbox 2350 649 2540 708; x_wconf 84' lang='lat' dir='ltr'><strong>ﬁnibus</strong></span> <span class='ocrx_word' id='word_1_155' title='bbox 2567 652 2898 709; x_wconf 82' lang='lat' dir='ltr'><strong>Janiensibus</strong></span> <span class='ocrx_word' id='word_1_156' title='bbox 2920 696 2933 716; x_wconf 85' lang='lat'><strong>,</strong></span> <span class='ocrx_word' id='word_1_157' title='bbox 2962 657 3079 711; x_wconf 92' lang='lat' dir='ltr'><strong>loco</strong></span> <span class='ocrx_word' id='word_1_158' title='bbox 3105 660 3192 726; x_wconf 91' lang='lat' dir='ltr'><strong>qui</strong></span> <span class='ocrx_word' id='word_1_159' title='bbox 3216 660 3405 713; x_wconf 87' lang='lat' dir='ltr'><strong>dicitur</strong></span> <span class='ocrx_word' id='word_1_160' title='bbox 3431 663 3689 720; x_wconf 82' lang='lat' dir='ltr'><strong>Gunianus</strong></span> 
     </span>
    </p>
   </div>
   <div class='ocr_carea' id='block_1_22' title="bbox 2156 742 3690 811">
    <p class='ocr_par' dir='ltr' id='par_1_22' title="bbox 2156 742 3690 811">
     <span class='ocr_line' id='line_1_22' title="bbox 2156 742 3690 811; baseline 0.01 -18"><span class='ocrx_word' id='word_1_161' title='bbox 2156 754 2272 793; x_wconf 89' lang='lat' dir='ltr'><strong>cum</strong></span> <span class='ocrx_word' id='word_1_162' title='bbox 2311 742 2552 798; x_wconf 85' lang='lat' dir='ltr'><strong>omnibus</strong></span> <span class='ocrx_word' id='word_1_163' title='bbox 2587 745 2697 798; x_wconf 80' lang='lat' dir='ltr'><strong>suis</strong></span> <span class='ocrx_word' id='word_1_164' title='bbox 2744 747 3068 811; x_wconf 87' lang='lat' dir='ltr'><strong>pertinentiis</strong></span> <span class='ocrx_word' id='word_1_165' title='bbox 3097 786 3111 810; x_wconf 88' lang='lat'><strong>,</strong></span> <span class='ocrx_word' id='word_1_166' title='bbox 3157 753 3474 805; x_wconf 81' lang='lat' dir='ltr'><strong>monasterio</strong></span> <span class='ocrx_word' id='word_1_167' title='bbox 3516 752 3690 808; x_wconf 58' lang='lat' dir='ltr'><strong>sentix</strong></span> 
     </span>
    </p>
   </div>
   <div class='ocr_carea' id='block_1_23' title="bbox 2154 826 3687 899">
    <p class='ocr_par' dir='ltr' id='par_1_23' title="bbox 2154 826 3687 899">
     <span class='ocr_line' id='line_1_23' title="bbox 2154 826 3687 899; baseline 0.009 -20"><span class='ocrx_word' id='word_1_168' title='bbox 2154 826 2361 894; x_wconf 67' lang='lat' dir='ltr'><strong>Sophia:</strong></span> <span class='ocrx_word' id='word_1_169' title='bbox 2382 830 2621 885; x_wconf 82' lang='lat' dir='ltr'><strong>dedimus</strong></span> <span class='ocrx_word' id='word_1_170' title='bbox 2643 832 3032 899; x_wconf 81' lang='lat' dir='ltr'><strong>possidendam.</strong></span> <span class='ocrx_word' id='word_1_171' title='bbox 3058 836 3158 889; x_wconf 88' lang='lat' dir='ltr'><strong>Sed</strong></span> <span class='ocrx_word' id='word_1_172' title='bbox 3185 847 3241 890; x_wconf 87' lang='lat' dir='ltr'><strong>et</strong></span> <span class='ocrx_word' id='word_1_173' title='bbox 3262 840 3539 893; x_wconf 85' lang='lat' dir='ltr'><strong>ecclesiam</strong></span> <span class='ocrx_word' id='word_1_174' title='bbox 3564 841 3687 895; x_wconf 66' lang='lat' dir='ltr'><strong>Beati</strong></span> 
     </span>
    </p>
   </div>
   <div class='ocr_carea' id='block_1_24' title="bbox 2154 919 3682 993">
    <p class='ocr_par' dir='ltr' id='par_1_24' title="bbox 2154 919 3682 993">
     <span class='ocr_line' id='line_1_24' title="bbox 2154 919 3682 993; baseline 0.01 -25"><span class='ocrx_word' id='word_1_175' title='bbox 2154 919 2451 985; x_wconf 78' lang='lat' dir='ltr'><strong>archangeli</strong></span> <span class='ocrx_word' id='word_1_176' title='bbox 2478 919 2745 974; x_wconf 77' lang='lat' dir='ltr'><strong>Michaelis</strong></span> <span class='ocrx_word' id='word_1_177' title='bbox 2764 961 2779 985; x_wconf 93' lang='lat'><strong>,</strong></span> <span class='ocrx_word' id='word_1_178' title='bbox 2805 937 2920 989; x_wconf 65' lang='lat' dir='ltr'><strong>qua:</strong></span> <span class='ocrx_word' id='word_1_179' title='bbox 2949 924 3162 976; x_wconf 78' lang='lat' dir='ltr'><strong>fundata</strong></span> <span class='ocrx_word' id='word_1_180' title='bbox 3189 936 3270 979; x_wconf 84' lang='lat' dir='ltr'><strong>est</strong></span> <span class='ocrx_word' id='word_1_181' title='bbox 3294 927 3343 979; x_wconf 94' lang='lat' dir='ltr'><strong>in</strong></span> <span class='ocrx_word' id='word_1_182' title='bbox 3366 929 3477 993; x_wconf 82' lang='lat' dir='ltr'><strong>galo</strong></span> <span class='ocrx_word' id='word_1_183' title='bbox 3506 942 3682 993; x_wconf 87' lang='lat' dir='ltr'><strong>nostro,</strong></span> 
     </span>
    </p>
   </div>
   <div class='ocr_carea' id='block_1_25' title="bbox 2157 1008 3685 1083">
    <p class='ocr_par' dir='ltr' id='par_1_25' title="bbox 2157 1008 3685 1083">
     <span class='ocr_line' id='line_1_25' title="bbox 2157 1008 3685 1083; baseline 0.009 -27"><span class='ocrx_word' id='word_1_184' title='bbox 2157 1013 2348 1058; x_wconf 85' lang='lat' dir='ltr'><strong>terrain</strong></span> <span class='ocrx_word' id='word_1_185' title='bbox 2378 1008 2666 1063; x_wconf 84' lang='lat' dir='ltr'><strong>modiorum</strong></span> <span class='ocrx_word' id='word_1_186' title='bbox 2696 1021 2905 1064; x_wconf 89' lang='lat' dir='ltr'><strong>centum</strong></span> <span class='ocrx_word' id='word_1_187' title='bbox 2933 1027 3056 1080; x_wconf 79' lang='lat' dir='ltr'><strong>erga</strong></span> <span class='ocrx_word' id='word_1_188' title='bbox 3081 1013 3256 1081; x_wconf 86' lang='lat' dir='ltr'><strong>ipsam</strong></span> <span class='ocrx_word' id='word_1_189' title='bbox 3290 1016 3553 1069; x_wconf 79' lang='lat' dir='ltr'><strong>ecclesiam</strong></span> <span class='ocrx_word' id='word_1_190' title='bbox 3573 1056 3588 1083; x_wconf 87' lang='lat'><strong>,</strong></span> <span class='ocrx_word' id='word_1_191' title='bbox 3616 1020 3685 1071; x_wconf 76' lang='lat' dir='ltr'><strong>ubi</strong></span> 
     </span>
    </p>
   </div>
   <div class='ocr_carea' id='block_1_26' title="bbox 2158 1093 3687 1172">
    <p class='ocr_par' dir='ltr' id='par_1_26' title="bbox 2158 1093 3687 1172">
     <span class='ocr_line' id='line_1_26' title="bbox 2158 1093 3687 1172; baseline 0.009 -26"><span class='ocrx_word' id='word_1_192' title='bbox 2158 1093 2447 1148; x_wconf 85' lang='lat' dir='ltr'><strong>Dacoaldus</strong></span> <span class='ocrx_word' id='word_1_193' title='bbox 2500 1099 2818 1151; x_wconf 82' lang='lat' dir='ltr'><strong>venerabilis</strong></span> <span class='ocrx_word' id='word_1_194' title='bbox 2869 1100 3030 1154; x_wconf 86' lang='lat' dir='ltr'><strong>abbas</strong></span> <span class='ocrx_word' id='word_1_195' title='bbox 3078 1104 3278 1157; x_wconf 77' lang='lat' dir='ltr'><strong>servire</strong></span> <span class='ocrx_word' id='word_1_196' title='bbox 3321 1104 3553 1169; x_wconf 86' lang='lat' dir='ltr'><strong>videtur;</strong></span> <span class='ocrx_word' id='word_1_197' title='bbox 3587 1122 3687 1172; x_wconf 71' lang='lat' dir='ltr'><strong>qure</strong></span> 
     </span>
    </p>
   </div>
   <div class='ocr_carea' id='block_1_27' title="bbox 2158 1182 3687 1255">
    <p class='ocr_par' dir='ltr' id='par_1_27' title="bbox 2158 1182 3687 1255">
     <span class='ocr_line' id='line_1_27' title="bbox 2158 1182 3687 1255; baseline 0.009 -23"><span class='ocrx_word' id='word_1_198' title='bbox 2158 1182 2250 1234; x_wconf 91' lang='lat' dir='ltr'><strong>l&#39;uit</strong></span> <span class='ocrx_word' id='word_1_199' title='bbox 2278 1183 2376 1235; x_wconf 89' lang='lat' dir='ltr'><strong>sub</strong></span> <span class='ocrx_word' id='word_1_200' title='bbox 2412 1185 2619 1237; x_wconf 85' lang='lat' dir='ltr'><strong>actione</strong></span> <span class='ocrx_word' id='word_1_201' title='bbox 2658 1185 2945 1253; x_wconf 83' lang='lat' dir='ltr'><strong>Ferdolphi</strong></span> <span class='ocrx_word' id='word_1_202' title='bbox 2986 1188 3208 1255; x_wconf 78' lang='lat' dir='ltr'><strong>gastaldi</strong></span> <span class='ocrx_word' id='word_1_203' title='bbox 3250 1190 3447 1253; x_wconf 88' lang='lat' dir='ltr'><strong>nostri,</strong></span> <span class='ocrx_word' id='word_1_204' title='bbox 3484 1194 3687 1245; x_wconf 88' lang='lat' dir='ltr'><strong>secundo</strong></span> 
     </span>
    </p>
   </div>
   <div class='ocr_carea' id='block_1_28' title="bbox 2155 1270 3685 1342">
    <p class='ocr_par' dir='ltr' id='par_1_28' title="bbox 2155 1270 3685 1342">
     <span class='ocr_line' id='line_1_28' title="bbox 2155 1270 3685 1342; baseline 0.007 -21"><span class='ocrx_word' id='word_1_205' title='bbox 2155 1270 2219 1322; x_wconf 88' lang='lat' dir='ltr'><strong>de</strong></span> <span class='ocrx_word' id='word_1_206' title='bbox 2242 1270 2461 1324; x_wconf 89' lang='lat' dir='ltr'><strong>ecclesia</strong></span> <span class='ocrx_word' id='word_1_207' title='bbox 2490 1273 2655 1324; x_wconf 84' lang='lat' dir='ltr'><strong>sancti</strong></span> <span class='ocrx_word' id='word_1_208' title='bbox 2687 1272 2912 1326; x_wconf 84' lang='lat' dir='ltr'><strong>Mercuri</strong></span> <span class='ocrx_word' id='word_1_209' title='bbox 2946 1275 2995 1327; x_wconf 92' lang='lat' dir='ltr'><strong>in</strong></span> <span class='ocrx_word' id='word_1_210' title='bbox 3022 1275 3139 1342; x_wconf 62' lang='grc' dir='ltr'><strong>επις)</strong></span> <span class='ocrx_word' id='word_1_211' title='bbox 3169 1286 3373 1341; x_wconf 90' lang='lat' dir='ltr'><strong>nostro,</strong></span> <span class='ocrx_word' id='word_1_212' title='bbox 3404 1278 3509 1331; x_wconf 59' lang='lat' dir='ltr'><strong>haec</strong></span> <span class='ocrx_word' id='word_1_213' title='bbox 3532 1284 3685 1331; x_wconf 71' lang='lat' dir='ltr'><strong>Olllllld</strong></span> 
     </span>
    </p>
   </div>
   <div class='ocr_carea' id='block_1_29' title="bbox 2155 1361 3683 1434">
    <p class='ocr_par' dir='ltr' id='par_1_29' title="bbox 2155 1361 3683 1434">
     <span class='ocr_line' id='line_1_29' title="bbox 2155 1361 3683 1434; baseline 0.006 -21"><span class='ocrx_word' id='word_1_214' title='bbox 2155 1369 2352 1415; x_wconf 71' lang='lat' dir='ltr'><strong>sancta:</strong></span> <span class='ocrx_word' id='word_1_215' title='bbox 2395 1361 2605 1427; x_wconf 81' lang='lat' dir='ltr'><strong>SOphiae</strong></span> <span class='ocrx_word' id='word_1_216' title='bbox 2648 1364 2966 1417; x_wconf 88' lang='lat' dir='ltr'><strong>monasterio</strong></span> <span class='ocrx_word' id='word_1_217' title='bbox 2993 1366 3352 1420; x_wconf 84' lang='lat' dir='ltr'><strong>concessimus</strong></span> <span class='ocrx_word' id='word_1_218' title='bbox 3379 1367 3683 1434; x_wconf 79' lang='lat' dir='ltr'><strong>possidenda,</strong></span> 
     </span>
    </p>
   </div>
   <div class='ocr_carea' id='block_1_30' title="bbox 2156 1449 3683 1523">
    <p class='ocr_par' dir='ltr' id='par_1_30' title="bbox 2156 1449 3683 1523">
     <span class='ocr_line' id='line_1_30' title="bbox 2156 1449 3683 1523; baseline 0.007 -24"><span class='ocrx_word' id='word_1_219' title='bbox 2156 1449 2297 1515; x_wconf 89' lang='lat' dir='ltr'><strong>quod</strong></span> <span class='ocrx_word' id='word_1_220' title='bbox 2346 1458 2661 1517; x_wconf 73' lang='lat' dir='ltr'><strong>prmceptum</strong></span> <span class='ocrx_word' id='word_1_221' title='bbox 2712 1452 2992 1506; x_wconf 87' lang='lat' dir='ltr'><strong>oblationis</strong></span> <span class='ocrx_word' id='word_1_222' title='bbox 3038 1469 3100 1509; x_wconf 82' lang='lat' dir='ltr'><strong>ex</strong></span> <span class='ocrx_word' id='word_1_223' title='bbox 3138 1455 3378 1523; x_wconf 87' lang='lat' dir='ltr'><strong>jussione</strong></span> <span class='ocrx_word' id='word_1_224' title='bbox 3419 1470 3477 1510; x_wconf 87' lang='lat' dir='ltr'><strong>ac</strong></span> <span class='ocrx_word' id='word_1_225' title='bbox 3516 1457 3683 1512; x_wconf 78' lang='lat' dir='ltr'><strong>dictata</strong></span> 
     </span>
    </p>
   </div>
   <div class='ocr_carea' id='block_1_31' title="bbox 2158 1541 3577 1611">
    <p class='ocr_par' dir='ltr' id='par_1_31' title="bbox 2158 1541 3577 1611">
     <span class='ocr_line' id='line_1_31' title="bbox 2158 1541 3577 1611; baseline 0.006 -21"><span class='ocrx_word' id='word_1_226' title='bbox 2158 1546 2350 1592; x_wconf 69' lang='lat' dir='ltr'><strong>nostrae</strong></span> <span class='ocrx_word' id='word_1_227' title='bbox 2397 1541 2671 1608; x_wconf 87' lang='lat' dir='ltr'><strong>potestatis</strong></span> <span class='ocrx_word' id='word_1_228' title='bbox 2706 1543 2891 1609; x_wconf 86' lang='lat' dir='ltr'><strong>scripsi</strong></span> <span class='ocrx_word' id='word_1_229' title='bbox 2922 1557 3017 1611; x_wconf 79' lang='lat' dir='ltr'><strong>ego</strong></span> <span class='ocrx_word' id='word_1_230' title='bbox 3049 1544 3305 1600; x_wconf 85' lang='lat' dir='ltr'><strong>Entaldus</strong></span> <span class='ocrx_word' id='word_1_231' title='bbox 3340 1547 3577 1600; x_wconf 86' lang='lat' dir='ltr'><strong>notarius.</strong></span> 
     </span>
    </p>
   </div>
   <div class='ocr_carea' id='block_1_32' title="bbox 2227 1630 3682 1703">
    <p class='ocr_par' dir='ltr' id='par_1_32' title="bbox 2227 1630 3682 1703">
     <span class='ocr_line' id='line_1_32' title="bbox 2227 1630 3682 1703; baseline 0.005 -22"><span class='ocrx_word' id='word_1_232' title='bbox 2227 1630 2415 1682; x_wconf 83' lang='lat' dir='ltr'><strong>Actum</strong></span> <span class='ocrx_word' id='word_1_233' title='bbox 2453 1630 2733 1684; x_wconf 86' lang='lat' dir='ltr'><strong>Beneventi</strong></span> <span class='ocrx_word' id='word_1_234' title='bbox 2766 1632 2816 1683; x_wconf 92' lang='lat' dir='ltr'><strong>in</strong></span> <span class='ocrx_word' id='word_1_235' title='bbox 2854 1631 3155 1688; x_wconf 78' lang='lat' dir='ltr'><strong>felicissimo</strong></span> <span class='ocrx_word' id='word_1_236' title='bbox 3188 1635 3381 1703; x_wconf 65' lang='lat' dir='ltr'><strong>palatio</strong></span> <span class='ocrx_word' id='word_1_237' title='bbox 3402 1676 3417 1699; x_wconf 95' lang='lat'><strong>,</strong></span> <span class='ocrx_word' id='word_1_238' title='bbox 3448 1650 3574 1690; x_wconf 87' lang='lat' dir='ltr'><strong>anno</strong></span> <span class='ocrx_word' id='word_1_239' title='bbox 3605 1637 3682 1689; x_wconf 88' lang='lat' dir='ltr'><strong>dc-</strong></span> 
     </span>
    </p>
   </div>
   <div class='ocr_carea' id='block_1_33' title="bbox 502 1694 3680 1788">
    <p class='ocr_par' dir='ltr' id='par_1_33' title="bbox 502 1694 3680 1788">
     <span class='ocr_line' id='line_1_33' title="bbox 502 1694 3680 1788; baseline 0.004 -17"><span class='ocrx_word' id='word_1_240' title='bbox 502 1720 799 1772; x_wconf 83' lang='lat' dir='ltr'><strong>annualiter</strong></span> <span class='ocrx_word' id='word_1_241' title='bbox 834 1719 886 1771; x_wconf 91' lang='lat' dir='ltr'><strong>in</strong></span> <span class='ocrx_word' id='word_1_242' title='bbox 915 1734 979 1772; x_wconf 90' lang='lat' dir='ltr'><strong>eo</strong></span> <span class='ocrx_word' id='word_1_243' title='bbox 1009 1694 1157 1785; x_wconf 75' lang='lat' dir='ltr'><strong>loco,</strong></span> <span class='ocrx_word' id='word_1_244' title='bbox 1205 1720 1256 1772; x_wconf 92' lang='lat' dir='ltr'><strong>in</strong></span> <span class='ocrx_word' id='word_1_245' title='bbox 1286 1734 1389 1788; x_wconf 90' lang='lat' dir='ltr'><strong>quo</strong></span> <span class='ocrx_word' id='word_1_246' title='bbox 1417 1721 1761 1775; x_wconf 86' lang='lat' dir='ltr'><strong>commoditas</strong></span> <span class='ocrx_word' id='word_1_247' title='bbox 1792 1721 1949 1776; x_wconf 78' lang='lat' dir='ltr'><strong>fuerit</strong></span> <span class='ocrx_word' id='word_1_248' title='bbox 1984 1722 2051 1776; x_wconf 87' lang='lat' dir='ltr'><strong>ad</strong></span> <span class='ocrx_word' id='word_1_249' title='bbox 2082 1694 2129 1755; x_wconf 76' lang='grc' dir='ltr'>Β</span> <span class='ocrx_word' id='word_1_250' title='bbox 2157 1718 2294 1773; x_wconf 90' lang='lat' dir='ltr'><strong>cimo</strong></span> <span class='ocrx_word' id='word_1_251' title='bbox 2328 1721 2554 1781; x_wconf 73' lang='grc' dir='ltr'><strong>εει)ιὶωο</strong></span> <span class='ocrx_word' id='word_1_252' title='bbox 2603 1733 2782 1776; x_wconf 72' lang='lat' dir='ltr'><strong>mense</strong></span> <span class='ocrx_word' id='word_1_253' title='bbox 2821 1720 3075 1777; x_wconf 65' lang='lat' dir='ltr'><strong>Novemb.</strong></span> <span class='ocrx_word' id='word_1_254' title='bbox 3122 1723 3412 1779; x_wconf 74' lang='lat' dir='ltr'><strong>indiCliono</strong></span> <span class='ocrx_word' id='word_1_255' title='bbox 3459 1741 3540 1778; x_wconf 69' lang='lat' dir='ltr'><strong>III!</strong></span> <span class='ocrx_word' id='word_1_256' title='bbox 3578 1725 3680 1779; x_wconf 68' lang='lat' dir='ltr'><strong>feli-</strong></span> 
     </span>
    </p>
   </div>
   <div class='ocr_carea' id='block_1_34' title="bbox 490 1799 2053 1881">
    <p class='ocr_par' dir='ltr' id='par_1_34' title="bbox 490 1799 2053 1881">
     <span class='ocr_line' id='line_1_34' title="bbox 490 1799 2053 1881; baseline 0.005 -23"><span class='ocrx_word' id='word_1_257' title='bbox 490 1800 771 1862; x_wconf 24' lang='lat' dir='ltr'><strong>‘nominata</strong></span> <span class='ocrx_word' id='word_1_258' title='bbox 796 1807 930 1873; x_wconf 81' lang='lat' dir='ltr'><strong>ligna</strong></span> <span class='ocrx_word' id='word_1_259' title='bbox 959 1808 1278 1863; x_wconf 87' lang='lat' dir='ltr'><strong>adtrahenda</strong></span> <span class='ocrx_word' id='word_1_260' title='bbox 1310 1828 1321 1861; x_wconf 87' lang='lat'><strong>:</strong></span> <span class='ocrx_word' id='word_1_261' title='bbox 1346 1811 1436 1863; x_wconf 91' lang='lat' dir='ltr'><strong>sed</strong></span> <span class='ocrx_word' id='word_1_262' title='bbox 1458 1818 1509 1864; x_wconf 90' lang='lat' dir='ltr'><strong>et</strong></span> <span class='ocrx_word' id='word_1_263' title='bbox 1532 1813 1781 1879; x_wconf 86' lang='lat' dir='ltr'><strong>porticum</strong></span> <span class='ocrx_word' id='word_1_264' title='bbox 1804 1799 1869 1866; x_wconf 67' lang='lat' dir='ltr'><strong>cx</strong></span> <span class='ocrx_word' id='word_1_265' title='bbox 1900 1812 2053 1881; x_wconf 83' lang='lat' dir='ltr'><strong>lignis</strong></span> 
     </span>
    </p>
   </div>
   <div class='ocr_carea' id='block_1_35' title="bbox 500 1896 2051 1965">
    <p class='ocr_par' dir='ltr' id='par_1_35' title="bbox 500 1896 2051 1965">
     <span class='ocr_line' id='line_1_35' title="bbox 500 1896 2051 1965; baseline 0.006 -19"><span class='ocrx_word' id='word_1_266' title='bbox 500 1910 599 1965; x_wconf 82' lang='lat' dir='ltr'><strong>per</strong></span> <span class='ocrx_word' id='word_1_267' title='bbox 626 1896 860 1965; x_wconf 77' lang='lat' dir='ltr'><strong>singulas</strong></span> <span class='ocrx_word' id='word_1_268' title='bbox 890 1907 1066 1963; x_wconf 86' lang='lat' dir='ltr'><strong>portas</strong></span> <span class='ocrx_word' id='word_1_269' title='bbox 1091 1900 1318 1954; x_wconf 86' lang='lat' dir='ltr'><strong>civitatis</strong></span> <span class='ocrx_word' id='word_1_270' title='bbox 1350 1909 1543 1953; x_wconf 68' lang='lat' dir='ltr'><strong>nostra:</strong></span> <span class='ocrx_word' id='word_1_271' title='bbox 1573 1901 1968 1964; x_wconf 70' lang='lat' dir='ltr'><strong>Beneventanzc,</strong></span> <span class='ocrx_word' id='word_1_272' title='bbox 2002 1903 2051 1955; x_wconf 90' lang='lat' dir='ltr'><strong>id</strong></span> 
     </span>
    </p>
   </div>
   <div class='ocr_carea' id='block_1_36' title="bbox 500 1987 2052 2060">
    <p class='ocr_par' dir='ltr' id='par_1_36' title="bbox 500 1987 2052 2060">
     <span class='ocr_line' id='line_1_36' title="bbox 500 1987 2052 2060; baseline 0.005 -24"><span class='ocrx_word' id='word_1_273' title='bbox 500 1997 619 2049; x_wconf 74' lang='lat' dir='ltr'><strong>i-st,</strong></span> <span class='ocrx_word' id='word_1_274' title='bbox 648 1987 714 2038; x_wconf 90' lang='lat' dir='ltr'><strong>de</strong></span> <span class='ocrx_word' id='word_1_275' title='bbox 757 1996 904 2052; x_wconf 90' lang='lat' dir='ltr'><strong>porta</strong></span> <span class='ocrx_word' id='word_1_276' title='bbox 952 1987 1149 2041; x_wconf 85' lang='lat' dir='ltr'><strong>Turrea</strong></span> <span class='ocrx_word' id='word_1_277' title='bbox 1188 1989 1254 2043; x_wconf 92' lang='lat' dir='ltr'><strong>de</strong></span> <span class='ocrx_word' id='word_1_278' title='bbox 1283 1989 1433 2058; x_wconf 81' lang='lat' dir='ltr'><strong>lignis</strong></span> <span class='ocrx_word' id='word_1_279' title='bbox 1476 2004 1623 2043; x_wconf 89' lang='lat' dir='ltr'><strong>earra</strong></span> <span class='ocrx_word' id='word_1_280' title='bbox 1652 1991 2052 2060; x_wconf 80' lang='lat' dir='ltr'><strong>quinquaginta;</strong></span> 
     </span>
    </p>
   </div>
   <div class='ocr_carea' id='block_1_37' title="bbox 500 2074 2053 2145">
    <p class='ocr_par' dir='ltr' id='par_1_37' title="bbox 500 2074 2053 2145">
     <span class='ocr_line' id='line_1_37' title="bbox 500 2074 2053 2145; baseline 0.005 -18"><span class='ocrx_word' id='word_1_281' title='bbox 500 2074 568 2127; x_wconf 80' lang='lat' dir='ltr'><strong>tle</strong></span> <span class='ocrx_word' id='word_1_282' title='bbox 595 2084 742 2139; x_wconf 91' lang='lat' dir='ltr'><strong>porta</strong></span> <span class='ocrx_word' id='word_1_283' title='bbox 777 2074 948 2127; x_wconf 78' lang='lat' dir='ltr'><strong>Ruﬁni</strong></span> <span class='ocrx_word' id='word_1_284' title='bbox 978 2090 1125 2129; x_wconf 87' lang='lat' dir='ltr'><strong>carra</strong></span> <span class='ocrx_word' id='word_1_285' title='bbox 1158 2077 1364 2145; x_wconf 81' lang='lat' dir='ltr'><strong>triginta</strong></span> <span class='ocrx_word' id='word_1_286' title='bbox 1399 2094 1413 2132; x_wconf 93' lang='lat'><strong>:</strong></span> <span class='ocrx_word' id='word_1_287' title='bbox 1444 2079 1555 2131; x_wconf 70' lang='lat' dir='ltr'><strong>hazc</strong></span> <span class='ocrx_word' id='word_1_288' title='bbox 1583 2080 1755 2131; x_wconf 81' lang='lat' dir='ltr'><strong>omnia</strong></span> <span class='ocrx_word' id='word_1_289' title='bbox 1783 2091 2053 2135; x_wconf 86' lang='lat' dir='ltr'><strong>monaste-</strong></span> 
     </span>
    </p>
   </div>
   <div class='ocr_carea' id='block_1_38' title="bbox 499 2164 2054 2233">
    <p class='ocr_par' dir='ltr' id='par_1_38' title="bbox 499 2164 2054 2233">
     <span class='ocr_line' id='line_1_38' title="bbox 499 2164 2054 2233; baseline 0.004 -19"><span class='ocrx_word' id='word_1_290' title='bbox 499 2164 580 2215; x_wconf 76' lang='lat' dir='ltr'><strong>rio</strong></span> <span class='ocrx_word' id='word_1_291' title='bbox 618 2174 815 2217; x_wconf 75' lang='lat' dir='ltr'><strong>saneta:</strong></span> <span class='ocrx_word' id='word_1_292' title='bbox 854 2166 1064 2233; x_wconf 76' lang='lat' dir='ltr'><strong>Sophia:</strong></span> <span class='ocrx_word' id='word_1_293' title='bbox 1090 2167 1444 2219; x_wconf 89' lang='lat' dir='ltr'><strong>concessimus</strong></span> <span class='ocrx_word' id='word_1_294' title='bbox 1477 2168 1808 2233; x_wconf 82' lang='lat' dir='ltr'><strong>possidenda.</strong></span> <span class='ocrx_word' id='word_1_295' title='bbox 1844 2168 2054 2222; x_wconf 86' lang='lat' dir='ltr'><strong>Necnon</strong></span> 
     </span>
    </p>
   </div>
   <div class='ocr_carea' id='block_1_39' title="bbox 500 2253 2054 2325">
    <p class='ocr_par' dir='ltr' id='par_1_39' title="bbox 500 2253 2054 2325">
     <span class='ocr_line' id='line_1_39' title="bbox 500 2253 2054 2325; baseline 0.004 -20"><span class='ocrx_word' id='word_1_296' title='bbox 500 2257 556 2306; x_wconf 81' lang='lat' dir='ltr'><strong>et</strong></span> <span class='ocrx_word' id='word_1_297' title='bbox 583 2253 678 2308; x_wconf 89' lang='lat' dir='ltr'><strong>Sili</strong></span> <span class='ocrx_word' id='word_1_298' title='bbox 703 2295 717 2318; x_wconf 91' lang='lat'><strong>,</strong></span> <span class='ocrx_word' id='word_1_299' title='bbox 752 2271 912 2325; x_wconf 87' lang='lat' dir='ltr'><strong>quem</strong></span> <span class='ocrx_word' id='word_1_300' title='bbox 942 2271 1059 2309; x_wconf 91' lang='lat' dir='ltr'><strong>cum</strong></span> <span class='ocrx_word' id='word_1_301' title='bbox 1094 2271 1157 2310; x_wconf 79' lang='lat' dir='ltr'><strong>ex</strong></span> <span class='ocrx_word' id='word_1_302' title='bbox 1186 2269 1413 2310; x_wconf 90' lang='lat' dir='ltr'><strong>mercatu</strong></span> <span class='ocrx_word' id='word_1_303' title='bbox 1441 2260 1601 2311; x_wconf 87' lang='lat' dir='ltr'><strong>sancti</strong></span> <span class='ocrx_word' id='word_1_304' title='bbox 1634 2256 1887 2311; x_wconf 88' lang='lat' dir='ltr'><strong>Valentini</strong></span> <span class='ocrx_word' id='word_1_305' title='bbox 1918 2258 2054 2311; x_wconf 92' lang='lat' dir='ltr'><strong>inte-</strong></span> 
     </span>
    </p>
   </div>
   <div class='ocr_carea' id='block_1_40' title="bbox 501 2346 2056 2415">
    <p class='ocr_par' dir='ltr' id='par_1_40' title="bbox 501 2346 2056 2415">
     <span class='ocr_line' id='line_1_40' title="bbox 501 2346 2056 2415; baseline 0.004 -21"><span class='ocrx_word' id='word_1_306' title='bbox 501 2358 651 2408; x_wconf 66' lang='lat' dir='ltr'><strong>grum</strong></span> <span class='ocrx_word' id='word_1_307' title='bbox 681 2346 866 2410; x_wconf 89' lang='lat' dir='ltr'><strong>secuti,</strong></span> <span class='ocrx_word' id='word_1_308' title='bbox 900 2356 957 2399; x_wconf 86' lang='lat' dir='ltr'><strong>et</strong></span> <span class='ocrx_word' id='word_1_309' title='bbox 975 2347 1038 2397; x_wconf 90' lang='lat' dir='ltr'><strong>ad</strong></span> <span class='ocrx_word' id='word_1_310' title='bbox 1068 2358 1298 2400; x_wconf 87' lang='lat' dir='ltr'><strong>nostram</strong></span> <span class='ocrx_word' id='word_1_311' title='bbox 1328 2356 1638 2414; x_wconf 80' lang='lat' dir='ltr'><strong>patestatem</strong></span> <span class='ocrx_word' id='word_1_312' title='bbox 1674 2347 1951 2415; x_wconf 86' lang='lat' dir='ltr'><strong>pervenire</strong></span> <span class='ocrx_word' id='word_1_313' title='bbox 1979 2348 2056 2400; x_wconf 90' lang='lat' dir='ltr'><strong>vi-</strong></span> 
     </span>
    </p>
   </div>
   <div class='ocr_carea' id='block_1_41' title="bbox 499 2436 2053 2506">
    <p class='ocr_par' dir='ltr' id='par_1_41' title="bbox 499 2436 2053 2506">
     <span class='ocr_line' id='line_1_41' title="bbox 499 2436 2053 2506; baseline 0.003 -19"><span class='ocrx_word' id='word_1_314' title='bbox 499 2451 615 2489; x_wconf 84' lang='lat' dir='ltr'><strong>sum</strong></span> <span class='ocrx_word' id='word_1_315' title='bbox 649 2436 766 2499; x_wconf 85' lang='lat' dir='ltr'><strong>fuit,</strong></span> <span class='ocrx_word' id='word_1_316' title='bbox 799 2437 868 2489; x_wconf 86' lang='lat' dir='ltr'><strong>ita</strong></span> <span class='ocrx_word' id='word_1_317' title='bbox 896 2444 1095 2490; x_wconf 63' lang='lat' dir='ltr'><strong>sancta:</strong></span> <span class='ocrx_word' id='word_1_318' title='bbox 1118 2438 1325 2506; x_wconf 60' lang='lat' dir='ltr'><strong>Sophia;</strong></span> <span class='ocrx_word' id='word_1_319' title='bbox 1353 2439 1673 2491; x_wconf 89' lang='lat' dir='ltr'><strong>monasterio</strong></span> <span class='ocrx_word' id='word_1_320' title='bbox 1701 2439 2053 2492; x_wconf 86' lang='lat' dir='ltr'><strong>concessimus</strong></span> 
     </span>
    </p>
   </div>
   <div class='ocr_carea' id='block_1_42' title="bbox 501 2526 2053 2596">
    <p class='ocr_par' dir='ltr' id='par_1_42' title="bbox 501 2526 2053 2596">
     <span class='ocr_line' id='line_1_42' title="bbox 501 2526 2053 2596; baseline -0.001 -17"><span class='ocrx_word' id='word_1_321' title='bbox 501 2528 817 2596; x_wconf 76' lang='lat' dir='ltr'><strong>exigendum</strong></span> <span class='ocrx_word' id='word_1_322' title='bbox 854 2545 864 2577; x_wconf 90' lang='lat'>:</span> <span class='ocrx_word' id='word_1_323' title='bbox 900 2528 990 2579; x_wconf 89' lang='lat' dir='ltr'><strong>sed</strong></span> <span class='ocrx_word' id='word_1_324' title='bbox 1023 2538 1074 2579; x_wconf 88' lang='lat' dir='ltr'><strong>et</strong></span> <span class='ocrx_word' id='word_1_325' title='bbox 1103 2528 1395 2580; x_wconf 89' lang='lat' dir='ltr'><strong>annualiter</strong></span> <span class='ocrx_word' id='word_1_326' title='bbox 1419 2526 1484 2579; x_wconf 88' lang='lat' dir='ltr'><strong>de</strong></span> <span class='ocrx_word' id='word_1_327' title='bbox 1513 2542 1664 2580; x_wconf 91' lang='lat' dir='ltr'><strong>sacro</strong></span> <span class='ocrx_word' id='word_1_328' title='bbox 1696 2537 1873 2579; x_wconf 89' lang='lat' dir='ltr'><strong>nostro</strong></span> <span class='ocrx_word' id='word_1_329' title='bbox 1902 2526 2053 2579; x_wconf 84' lang='lat' dir='ltr'><strong>Pala-</strong></span> 
     </span>
    </p>
   </div>
   <div class='ocr_carea' id='block_1_43' title="bbox 501 2616 2054 2684">
    <p class='ocr_par' dir='ltr' id='par_1_43' title="bbox 501 2616 2054 2684">
     <span class='ocr_line' id='line_1_43' title="bbox 501 2616 2054 2684; baseline -0.002 -13"><span class='ocrx_word' id='word_1_330' title='bbox 501 2618 580 2671; x_wconf 86' lang='lat' dir='ltr'><strong>tio</strong></span> <span class='ocrx_word' id='word_1_331' title='bbox 604 2616 669 2669; x_wconf 85' lang='lat' dir='ltr'><strong>ad</strong></span> <span class='ocrx_word' id='word_1_332' title='bbox 698 2617 912 2670; x_wconf 88' lang='lat' dir='ltr'><strong>cardum</strong></span> <span class='ocrx_word' id='word_1_333' title='bbox 944 2618 1112 2669; x_wconf 90' lang='lat' dir='ltr'><strong>eidem</strong></span> <span class='ocrx_word' id='word_1_334' title='bbox 1145 2618 1461 2671; x_wconf 87' lang='lat' dir='ltr'><strong>monasterio</strong></span> <span class='ocrx_word' id='word_1_335' title='bbox 1490 2619 1723 2671; x_wconf 82' lang='lat' dir='ltr'><strong>concessi</strong></span> <span class='ocrx_word' id='word_1_336' title='bbox 1753 2633 1938 2684; x_wconf 87' lang='lat' dir='ltr'><strong>porcos</strong></span> <span class='ocrx_word' id='word_1_337' title='bbox 1968 2633 2054 2669; x_wconf 89' lang='lat' dir='ltr'><strong>ca-</strong></span> 
     </span>
    </p>
   </div>
   <div class='ocr_carea' id='block_1_44' title="bbox 496 2708 2052 2779">
    <p class='ocr_par' dir='ltr' id='par_1_44' title="bbox 496 2708 2052 2779">
     <span class='ocr_line' id='line_1_44' title="bbox 496 2708 2052 2779; baseline 0.003 -20"><span class='ocrx_word' id='word_1_338' title='bbox 496 2709 606 2774; x_wconf 76' lang='lat' dir='ltr'><strong>pita</strong></span> <span class='ocrx_word' id='word_1_339' title='bbox 629 2718 860 2761; x_wconf 89' lang='lat' dir='ltr'><strong>centum.</strong></span> <span class='ocrx_word' id='word_1_340' title='bbox 884 2708 1273 2772; x_wconf 78' lang='lat' dir='ltr'><strong>Concessinius,</strong></span> <span class='ocrx_word' id='word_1_341' title='bbox 1293 2710 1608 2779; x_wconf 60' lang='lat' dir='ltr'><strong>eliamﬂicto</strong></span> <span class='ocrx_word' id='word_1_342' title='bbox 1630 2720 1823 2763; x_wconf 72' lang='lat' dir='ltr'><strong>sanctm</strong></span> <span class='ocrx_word' id='word_1_343' title='bbox 1845 2710 2052 2776; x_wconf 62' lang='lat' dir='ltr'><strong>Sophia:</strong></span> 
     </span>
    </p>
   </div>
   <div class='ocr_carea' id='block_1_45' title="bbox 495 2782 2051 2865">
    <p class='ocr_par' dir='ltr' id='par_1_45' title="bbox 495 2782 2051 2865">
     <span class='ocr_line' id='line_1_45' title="bbox 495 2782 2051 2865; baseline 0 -16"><span class='ocrx_word' id='word_1_344' title='bbox 495 2795 850 2862; x_wconf 81' lang='lat' dir='ltr'><strong>monasterio,</strong></span> <span class='ocrx_word' id='word_1_345' title='bbox 883 2805 936 2849; x_wconf 86' lang='lat' dir='ltr'><strong>ut</strong></span> <span class='ocrx_word' id='word_1_346' title='bbox 972 2782 1164 2849; x_wconf 15' lang='lat' dir='ltr'><strong>(habeat</strong></span> <span class='ocrx_word' id='word_1_347' title='bbox 1202 2812 1265 2850; x_wconf 83' lang='lat' dir='ltr'><strong>ex</strong></span> <span class='ocrx_word' id='word_1_348' title='bbox 1313 2813 1461 2849; x_wconf 88' lang='lat' dir='ltr'><strong>sacro</strong></span> <span class='ocrx_word' id='word_1_349' title='bbox 1501 2806 1678 2850; x_wconf 89' lang='lat' dir='ltr'><strong>nostro</strong></span> <span class='ocrx_word' id='word_1_350' title='bbox 1721 2798 1910 2865; x_wconf 80' lang='lat' dir='ltr'><strong>palazio</strong></span> <span class='ocrx_word' id='word_1_351' title='bbox 1955 2815 2051 2850; x_wconf 81' lang='lat' dir='ltr'><strong>an-</strong></span> 
     </span>
    </p>
   </div>
   <div class='ocr_carea' id='block_1_46' title="bbox 494 2885 2047 2956">
    <p class='ocr_par' dir='ltr' id='par_1_46' title="bbox 494 2885 2047 2956">
     <span class='ocr_line' id='line_1_46' title="bbox 494 2885 2047 2956; baseline -0.004 -13"><span class='ocrx_word' id='word_1_352' title='bbox 494 2885 938 2943; x_wconf 78' lang='lat' dir='ltr'><strong>nualiter-aureos</strong></span> <span class='ocrx_word' id='word_1_353' title='bbox 978 2889 1173 2940; x_wconf 88' lang='lat' dir='ltr'><strong>solidos</strong></span> <span class='ocrx_word' id='word_1_354' title='bbox 1202 2890 1453 2943; x_wconf 88' lang='lat' dir='ltr'><strong>ducentos</strong></span> <span class='ocrx_word' id='word_1_355' title='bbox 1487 2905 1578 2955; x_wconf 86' lang='lat' dir='ltr'><strong>pro</strong></span> <span class='ocrx_word' id='word_1_356' title='bbox 1615 2892 1803 2942; x_wconf 87' lang='lat' dir='ltr'><strong>vestitu</strong></span> <span class='ocrx_word' id='word_1_357' title='bbox 1834 2903 2047 2956; x_wconf 84' lang='lat' dir='ltr'><strong>compa-</strong></span> 
     </span>
    </p>
   </div>
   <div class='ocr_carea' id='block_1_47' title="bbox 494 2977 2046 3044">
    <p class='ocr_par' dir='ltr' id='par_1_47' title="bbox 494 2977 2046 3044">
     <span class='ocr_line' id='line_1_47' title="bbox 494 2977 2046 3044; baseline 0 -14"><span class='ocrx_word' id='word_1_358' title='bbox 494 2977 684 3039; x_wconf 82' lang='lat' dir='ltr'><strong>rando,</strong></span> <span class='ocrx_word' id='word_1_359' title='bbox 714 2987 768 3029; x_wconf 93' lang='lat' dir='ltr'><strong>ct</strong></span> <span class='ocrx_word' id='word_1_360' title='bbox 788 2978 873 3029; x_wconf 84' lang='lat' dir='ltr'><strong>illa</strong></span> <span class='ocrx_word' id='word_1_361' title='bbox 902 2991 1017 3044; x_wconf 76' lang='lat' dir='ltr'><strong>qum</strong></span> <span class='ocrx_word' id='word_1_362' title='bbox 1039 2991 1171 3044; x_wconf 89' lang='lat' dir='ltr'><strong>opus</strong></span> <span class='ocrx_word' id='word_1_363' title='bbox 1201 2978 1390 3031; x_wconf 79' lang='lat' dir='ltr'><strong>fuerint</strong></span> <span class='ocrx_word' id='word_1_364' title='bbox 1415 2995 1428 3039; x_wconf 74' lang='grc' dir='ltr'>ς</span> <span class='ocrx_word' id='word_1_365' title='bbox 1458 2993 1657 3033; x_wconf 77' lang='lat' dir='ltr'><strong>necnon</strong></span> <span class='ocrx_word' id='word_1_366' title='bbox 1693 2978 1847 3031; x_wconf 85' lang='lat' dir='ltr'><strong>etiam</strong></span> <span class='ocrx_word' id='word_1_367' title='bbox 1876 2988 1925 3031; x_wconf 91' lang='lat' dir='ltr'><strong>et</strong></span> <span class='ocrx_word' id='word_1_368' title='bbox 1954 2983 2046 3030; x_wconf 88' lang='lat' dir='ltr'><strong>hos</strong></span> 
     </span>
    </p>
   </div>
   <div class='ocr_carea' id='block_1_48' title="bbox 494 3062 2046 3131">
    <p class='ocr_par' dir='ltr' id='par_1_48' title="bbox 494 3062 2046 3131">
     <span class='ocr_line' id='line_1_48' title="bbox 494 3062 2046 3131; baseline 0.001 -15"><span class='ocrx_word' id='word_1_369' title='bbox 494 3069 728 3119; x_wconf 88' lang='lat' dir='ltr'><strong>statuere</strong></span> <span class='ocrx_word' id='word_1_370' title='bbox 768 3062 862 3118; x_wconf 83' lang='lat' dir='ltr'><strong>visi</strong></span> <span class='ocrx_word' id='word_1_371' title='bbox 914 3077 1130 3125; x_wconf 88' lang='lat' dir='ltr'><strong>sumus,</strong></span> <span class='ocrx_word' id='word_1_372' title='bbox 1165 3077 1217 3117; x_wconf 87' lang='lat' dir='ltr'><strong>ut</strong></span> <span class='ocrx_word' id='word_1_373' title='bbox 1261 3080 1432 3121; x_wconf 87' lang='lat' dir='ltr'><strong>nostra</strong></span> <span class='ocrx_word' id='word_1_374' title='bbox 1479 3070 1752 3131; x_wconf 77' lang='lat' dir='ltr'><strong>concessio,</strong></span> <span class='ocrx_word' id='word_1_375' title='bbox 1786 3068 1852 3120; x_wconf 90' lang='lat' dir='ltr'><strong>sit</strong></span> <span class='ocrx_word' id='word_1_376' title='bbox 1900 3068 2046 3119; x_wconf 85' lang='lat' dir='ltr'><strong>ﬁrma</strong></span> 
     </span>
    </p>
   </div>
   <div class='ocr_carea' id='block_1_49' title="bbox 496 3155 2050 3225">
    <p class='ocr_par' dir='ltr' id='par_1_49' title="bbox 496 3155 2050 3225">
     <span class='ocr_line' id='line_1_49' title="bbox 496 3155 2050 3225; baseline 0.002 -18"><span class='ocrx_word' id='word_1_377' title='bbox 496 3155 766 3207; x_wconf 90' lang='lat' dir='ltr'><strong>nominato</strong></span> <span class='ocrx_word' id='word_1_378' title='bbox 795 3164 1145 3221; x_wconf 83' lang='lat' dir='ltr'><strong>menasterio;</strong></span> <span class='ocrx_word' id='word_1_379' title='bbox 1178 3168 1229 3209; x_wconf 76' lang='lat' dir='ltr'><strong>el.</strong></span> <span class='ocrx_word' id='word_1_380' title='bbox 1271 3158 1481 3225; x_wconf 78' lang='lat' dir='ltr'><strong>insuper</strong></span> <span class='ocrx_word' id='word_1_381' title='bbox 1527 3156 1887 3211; x_wconf 87' lang='lat' dir='ltr'><strong>concessimus</strong></span> <span class='ocrx_word' id='word_1_382' title='bbox 1920 3172 2050 3224; x_wconf 71' lang='lat' dir='ltr'><strong>prm-</strong></span> 
     </span>
    </p>
   </div>
   <div class='ocr_carea' id='block_1_50' title="bbox 494 3243 2050 3313">
    <p class='ocr_par' dir='ltr' id='par_1_50' title="bbox 494 3243 2050 3313">
     <span class='ocr_line' id='line_1_50' title="bbox 494 3243 2050 3313; baseline 0 -16"><span class='ocrx_word' id='word_1_383' title='bbox 494 3243 637 3297; x_wconf 86' lang='lat' dir='ltr'><strong>dicto</strong></span> <span class='ocrx_word' id='word_1_384' title='bbox 667 3249 988 3299; x_wconf 85' lang='lat' dir='ltr'><strong>monasterio</strong></span> <span class='ocrx_word' id='word_1_385' title='bbox 1011 3247 1178 3312; x_wconf 77' lang='lat' dir='ltr'><strong>ipsum</strong></span> <span class='ocrx_word' id='word_1_386' title='bbox 1210 3249 1485 3299; x_wconf 82' lang='lat' dir='ltr'><strong>terminum</strong></span> <span class='ocrx_word' id='word_1_387' title='bbox 1514 3247 1652 3298; x_wconf 89' lang='lat' dir='ltr'><strong>intus</strong></span> <span class='ocrx_word' id='word_1_388' title='bbox 1681 3254 1880 3313; x_wconf 85' lang='lat' dir='ltr'><strong>portam</strong></span> <span class='ocrx_word' id='word_1_389' title='bbox 1907 3259 2050 3297; x_wconf 84' lang='lat' dir='ltr'><strong>sum-</strong></span> 
     </span>
    </p>
   </div>
   <div class='ocr_carea' id='block_1_51' title="bbox 495 3336 2046 3405">
    <p class='ocr_par' dir='ltr' id='par_1_51' title="bbox 495 3336 2046 3405">
     <span class='ocr_line' id='line_1_51' title="bbox 495 3336 2046 3405; baseline 0.004 -20"><span class='ocrx_word' id='word_1_390' title='bbox 495 3348 632 3387; x_wconf 83' lang='lat' dir='ltr'><strong>tnam</strong></span> <span class='ocrx_word' id='word_1_391' title='bbox 664 3347 780 3387; x_wconf 82' lang='lat' dir='ltr'><strong>cum</strong></span> <span class='ocrx_word' id='word_1_392' title='bbox 813 3351 941 3404; x_wconf 85' lang='lat' dir='ltr'><strong>aqua</strong></span> <span class='ocrx_word' id='word_1_393' title='bbox 971 3381 981 3401; x_wconf 86' lang='lat'><strong>,</strong></span> <span class='ocrx_word' id='word_1_394' title='bbox 1021 3350 1070 3391; x_wconf 90' lang='lat' dir='ltr'><strong>et</strong></span> <span class='ocrx_word' id='word_1_395' title='bbox 1105 3338 1272 3390; x_wconf 89' lang='lat' dir='ltr'><strong>ﬁstula</strong></span> <span class='ocrx_word' id='word_1_396' title='bbox 1306 3353 1397 3405; x_wconf 86' lang='lat' dir='ltr'><strong>pro</strong></span> <span class='ocrx_word' id='word_1_397' title='bbox 1428 3337 1538 3402; x_wconf 90' lang='lat' dir='ltr'><strong>ipso</strong></span> <span class='ocrx_word' id='word_1_398' title='bbox 1568 3336 1753 3389; x_wconf 88' lang='lat' dir='ltr'><strong>balneo</strong></span> <span class='ocrx_word' id='word_1_399' title='bbox 1779 3338 1829 3389; x_wconf 89' lang='lat' dir='ltr'><strong>in</strong></span> <span class='ocrx_word' id='word_1_400' title='bbox 1860 3336 2046 3391; x_wconf 85' lang='lat' dir='ltr'><strong>eodem</strong></span> 
     </span>
    </p>
   </div>
   <div class='ocr_carea' id='block_1_52' title="bbox 495 3426 2047 3494">
    <p class='ocr_par' dir='ltr' id='par_1_52' title="bbox 495 3426 2047 3494">
     <span class='ocr_line' id='line_1_52' title="bbox 495 3426 2047 3494; baseline 0.003 -19"><span class='ocrx_word' id='word_1_401' title='bbox 495 3426 838 3489; x_wconf 87' lang='lat' dir='ltr'><strong>monasterio,</strong></span> <span class='ocrx_word' id='word_1_402' title='bbox 870 3427 918 3477; x_wconf 93' lang='lat' dir='ltr'><strong>id</strong></span> <span class='ocrx_word' id='word_1_403' title='bbox 953 3436 1031 3478; x_wconf 90' lang='lat' dir='ltr'><strong>est</strong></span> <span class='ocrx_word' id='word_1_404' title='bbox 1073 3431 1139 3480; x_wconf 83' lang='lat' dir='ltr'><strong>de</strong></span> <span class='ocrx_word' id='word_1_405' title='bbox 1179 3438 1321 3492; x_wconf 85' lang='lat' dir='ltr'><strong>porta</strong></span> <span class='ocrx_word' id='word_1_406' title='bbox 1362 3427 1593 3479; x_wconf 79' lang='lat' dir='ltr'><strong>Liscardi</strong></span> <span class='ocrx_word' id='word_1_407' title='bbox 1624 3426 1691 3479; x_wconf 89' lang='lat' dir='ltr'><strong>de</strong></span> <span class='ocrx_word' id='word_1_408' title='bbox 1720 3426 1874 3494; x_wconf 74' lang='lat' dir='ltr'><strong>lignis</strong></span> <span class='ocrx_word' id='word_1_409' title='bbox 1902 3440 2047 3480; x_wconf 85' lang='lat' dir='ltr'><strong>earra</strong></span> 
     </span>
    </p>
   </div>
   <div class='ocr_carea' id='block_1_53' title="bbox 493 3513 2049 3584">
    <p class='ocr_par' dir='ltr' id='par_1_53' title="bbox 493 3513 2049 3584">
     <span class='ocr_line' id='line_1_53' title="bbox 493 3513 2049 3584; baseline 0.004 -22"><span class='ocrx_word' id='word_1_410' title='bbox 493 3513 708 3581; x_wconf 74' lang='lat' dir='ltr'><strong>viginti,</strong></span> <span class='ocrx_word' id='word_1_411' title='bbox 752 3523 806 3567; x_wconf 88' lang='lat' dir='ltr'><strong>et</strong></span> <span class='ocrx_word' id='word_1_412' title='bbox 844 3515 1036 3569; x_wconf 86' lang='lat' dir='ltr'><strong>ibidem</strong></span> <span class='ocrx_word' id='word_1_413' title='bbox 1081 3532 1253 3568; x_wconf 82' lang='lat' dir='ltr'><strong>casam</strong></span> <span class='ocrx_word' id='word_1_414' title='bbox 1295 3532 1411 3569; x_wconf 91' lang='lat' dir='ltr'><strong>cum</strong></span> <span class='ocrx_word' id='word_1_415' title='bbox 1454 3517 1735 3584; x_wconf 90' lang='lat' dir='ltr'><strong>parietibus</strong></span> <span class='ocrx_word' id='word_1_416' title='bbox 1766 3518 1895 3569; x_wconf 87' lang='lat' dir='ltr'><strong>suis.</strong></span> <span class='ocrx_word' id='word_1_417' title='bbox 1929 3516 2049 3569; x_wconf 68' lang='lat' dir='ltr'><strong>llattc</strong></span> 
     </span>
    </p>
   </div>
   <div class='ocr_carea' id='block_1_54' title="bbox 493 3604 2045 3672">
    <p class='ocr_par' dir='ltr' id='par_1_54' title="bbox 493 3604 2045 3672">
     <span class='ocr_line' id='line_1_54' title="bbox 493 3604 2045 3672; baseline 0.001 -18"><span class='ocrx_word' id='word_1_418' title='bbox 493 3604 668 3656; x_wconf 82' lang='lat' dir='ltr'><strong>omnia</strong></span> <span class='ocrx_word' id='word_1_419' title='bbox 716 3606 853 3658; x_wconf 87' lang='lat' dir='ltr'><strong>sicut</strong></span> <span class='ocrx_word' id='word_1_420' title='bbox 900 3620 1055 3672; x_wconf 82' lang='lat' dir='ltr'><strong>supra</strong></span> <span class='ocrx_word' id='word_1_421' title='bbox 1099 3607 1282 3672; x_wconf 74' lang='lat' dir='ltr'><strong>legitur</strong></span> <span class='ocrx_word' id='word_1_422' title='bbox 1329 3608 1689 3659; x_wconf 80' lang='lat' dir='ltr'><strong>concessimus</strong></span> <span class='ocrx_word' id='word_1_423' title='bbox 1737 3606 2045 3672; x_wconf 76' lang='lat' dir='ltr'><strong>possidenda</strong></span> 
     </span>
    </p>
   </div>
   <div class='ocr_carea' id='block_1_55' title="bbox 490 3693 2048 3761">
    <p class='ocr_par' dir='ltr' id='par_1_55' title="bbox 490 3693 2048 3761">
     <span class='ocr_line' id='line_1_55' title="bbox 490 3693 2048 3761; baseline 0.002 -19"><span class='ocrx_word' id='word_1_424' title='bbox 490 3693 742 3758; x_wconf 60' lang='lat' dir='ltr'><strong>praedicto</strong></span> <span class='ocrx_word' id='word_1_425' title='bbox 774 3694 1093 3747; x_wconf 62' lang='lat' dir='ltr'><strong>monasterio</strong></span> <span class='ocrx_word' id='word_1_426' title='bbox 1132 3705 1322 3747; x_wconf 79' lang='lat' dir='ltr'><strong>sancta:</strong></span> <span class='ocrx_word' id='word_1_427' title='bbox 1367 3695 1575 3761; x_wconf 78' lang='lat' dir='ltr'><strong>SOphite</strong></span> <span class='ocrx_word' id='word_1_428' title='bbox 1608 3694 1874 3761; x_wconf 88' lang='lat' dir='ltr'><strong>possidere</strong></span> <span class='ocrx_word' id='word_1_429' title='bbox 1912 3708 2048 3746; x_wconf 85' lang='lat' dir='ltr'><strong>sem-</strong></span> 
     </span>
    </p>
   </div>
   <div class='ocr_carea' id='block_1_56' title="bbox 488 3783 2047 3852">
    <p class='ocr_par' dir='ltr' id='par_1_56' title="bbox 488 3783 2047 3852">
     <span class='ocr_line' id='line_1_56' title="bbox 488 3783 2047 3852; baseline 0.005 -21"><span class='ocrx_word' id='word_1_430' title='bbox 488 3796 607 3849; x_wconf 84' lang='lat' dir='ltr'><strong>per.</strong></span> <span class='ocrx_word' id='word_1_431' title='bbox 651 3783 861 3836; x_wconf 82' lang='lat' dir='ltr'><strong>Necnon</strong></span> <span class='ocrx_word' id='word_1_432' title='bbox 903 3784 1061 3837; x_wconf 88' lang='lat' dir='ltr'><strong>etiam</strong></span> <span class='ocrx_word' id='word_1_433' title='bbox 1101 3794 1152 3837; x_wconf 80' lang='lat' dir='ltr'><strong>et</strong></span> <span class='ocrx_word' id='word_1_434' title='bbox 1186 3786 1283 3836; x_wconf 82' lang='lat' dir='ltr'><strong>hoc</strong></span> <span class='ocrx_word' id='word_1_435' title='bbox 1312 3786 1668 3838; x_wconf 87' lang='lat' dir='ltr'><strong>concessimus</strong></span> <span class='ocrx_word' id='word_1_436' title='bbox 1699 3787 1910 3852; x_wconf 54' lang='lat' dir='ltr'><strong>praefato</strong></span> <span class='ocrx_word' id='word_1_437' title='bbox 1938 3801 2047 3840; x_wconf 84' lang='lat' dir='ltr'><strong>mo—</strong></span> 
     </span>
    </p>
   </div>
   <div class='ocr_carea' id='block_1_57' title="bbox 491 3872 2044 3942">
    <p class='ocr_par' dir='ltr' id='par_1_57' title="bbox 491 3872 2044 3942">
     <span class='ocr_line' id='line_1_57' title="bbox 491 3872 2044 3942; baseline 0.005 -19"><span class='ocrx_word' id='word_1_438' title='bbox 491 3872 723 3925; x_wconf 79' lang='lat' dir='ltr'><strong>nastcrio</strong></span> <span class='ocrx_word' id='word_1_439' title='bbox 748 3873 924 3924; x_wconf 86' lang='lat' dir='ltr'><strong>omnia</strong></span> <span class='ocrx_word' id='word_1_440' title='bbox 959 3874 1216 3926; x_wconf 78' lang='lat' dir='ltr'><strong>territoria</strong></span> <span class='ocrx_word' id='word_1_441' title='bbox 1259 3884 1311 3927; x_wconf 86' lang='lat' dir='ltr'><strong>ct</strong></span> <span class='ocrx_word' id='word_1_442' title='bbox 1346 3874 1693 3929; x_wconf 80' lang='lat' dir='ltr'><strong>fundamentis</strong></span> <span class='ocrx_word' id='word_1_443' title='bbox 1736 3878 2044 3942; x_wconf 86' lang='lat' dir='ltr'><strong>pertinentia</strong></span> 
     </span>
    </p>
   </div>
   <div class='ocr_carea' id='block_1_58' title="bbox 494 3962 2047 4034">
    <p class='ocr_par' dir='ltr' id='par_1_58' title="bbox 494 3962 2047 4034">
     <span class='ocr_line' id='line_1_58' title="bbox 494 3962 2047 4034; baseline 0.006 -22"><span class='ocrx_word' id='word_1_444' title='bbox 494 3969 674 4013; x_wconf 89' lang='lat' dir='ltr'><strong>nostro</strong></span> <span class='ocrx_word' id='word_1_445' title='bbox 704 3974 857 4014; x_wconf 89' lang='lat' dir='ltr'><strong>sacro</strong></span> <span class='ocrx_word' id='word_1_446' title='bbox 898 3962 1120 4029; x_wconf 83' lang='lat' dir='ltr'><strong>palatio,</strong></span> <span class='ocrx_word' id='word_1_447' title='bbox 1164 3980 1277 4029; x_wconf 76' lang='lat' dir='ltr'><strong>qua:</strong></span> <span class='ocrx_word' id='word_1_448' title='bbox 1320 3978 1437 4017; x_wconf 90' lang='lat' dir='ltr'><strong>cum</strong></span> <span class='ocrx_word' id='word_1_449' title='bbox 1477 3965 1629 4018; x_wconf 88' lang='lat' dir='ltr'><strong>terris</strong></span> <span class='ocrx_word' id='word_1_450' title='bbox 1666 3968 2047 4034; x_wconf 89' lang='lat' dir='ltr'><strong>pertinentibus</strong></span> 
     </span>
    </p>
   </div>
   <div class='ocr_carea' id='block_1_59' title="bbox 490 4054 2045 4128">
    <p class='ocr_par' dir='ltr' id='par_1_59' title="bbox 490 4054 2045 4128">
     <span class='ocr_line' id='line_1_59' title="bbox 490 4054 2045 4128; baseline 0.006 -24"><span class='ocrx_word' id='word_1_451' title='bbox 490 4054 685 4108; x_wconf 79' lang='lat' dir='ltr'><strong>fuerint</strong></span> <span class='ocrx_word' id='word_1_452' title='bbox 714 4055 1017 4124; x_wconf 84' lang='lat' dir='ltr'><strong>conjuncta,</strong></span> <span class='ocrx_word' id='word_1_453' title='bbox 1052 4067 1154 4108; x_wconf 88' lang='lat' dir='ltr'><strong>tam</strong></span> <span class='ocrx_word' id='word_1_454' title='bbox 1198 4058 1246 4108; x_wconf 92' lang='lat' dir='ltr'><strong>in</strong></span> <span class='ocrx_word' id='word_1_455' title='bbox 1290 4058 1478 4111; x_wconf 89' lang='lat' dir='ltr'><strong>llnibus</strong></span> <span class='ocrx_word' id='word_1_456' title='bbox 1526 4058 1840 4121; x_wconf 88' lang='lat' dir='ltr'><strong>Beneventi,</strong></span> <span class='ocrx_word' id='word_1_457' title='bbox 1888 4074 2045 4128; x_wconf 87' lang='lat' dir='ltr'><strong>quam</strong></span> 
     </span>
    </p>
   </div>
   <div class='ocr_carea' id='block_1_60' title="bbox 492 4147 2045 4217">
    <p class='ocr_par' dir='ltr' id='par_1_60' title="bbox 492 4147 2045 4217">
     <span class='ocr_line' id='line_1_60' title="bbox 492 4147 2045 4217; baseline 0.004 -20"><span class='ocrx_word' id='word_1_458' title='bbox 492 4147 545 4197; x_wconf 88' lang='lat' dir='ltr'><strong>in</strong></span> <span class='ocrx_word' id='word_1_459' title='bbox 594 4148 780 4215; x_wconf 79' lang='lat' dir='ltr'><strong>Apulia</strong></span> <span class='ocrx_word' id='word_1_460' title='bbox 810 4186 824 4211; x_wconf 93' lang='lat'><strong>,</strong></span> <span class='ocrx_word' id='word_1_461' title='bbox 873 4157 927 4201; x_wconf 92' lang='lat' dir='ltr'><strong>et</strong></span> <span class='ocrx_word' id='word_1_462' title='bbox 974 4149 1267 4217; x_wconf 81' lang='lat' dir='ltr'><strong>ubicunque</strong></span> <span class='ocrx_word' id='word_1_463' title='bbox 1309 4163 1394 4203; x_wconf 91' lang='lat' dir='ltr'><strong>res</strong></span> <span class='ocrx_word' id='word_1_464' title='bbox 1422 4164 1484 4203; x_wconf 84' lang='lat' dir='ltr'><strong>ex</strong></span> <span class='ocrx_word' id='word_1_465' title='bbox 1524 4150 1872 4204; x_wconf 82' lang='lat' dir='ltr'><strong>fundamentis</strong></span> <span class='ocrx_word' id='word_1_466' title='bbox 1910 4153 2045 4205; x_wconf 90' lang='lat' dir='ltr'><strong>sacri</strong></span> 
     </span>
    </p>
   </div>
   <div class='ocr_carea' id='block_1_61' title="bbox 491 4238 2044 4307">
    <p class='ocr_par' dir='ltr' id='par_1_61' title="bbox 491 4238 2044 4307">
     <span class='ocr_line' id='line_1_61' title="bbox 491 4238 2044 4307; baseline 0.003 -18"><span class='ocrx_word' id='word_1_467' title='bbox 491 4238 655 4289; x_wconf 89' lang='lat' dir='ltr'><strong>nostri</strong></span> <span class='ocrx_word' id='word_1_468' title='bbox 688 4238 865 4304; x_wconf 87' lang='lat' dir='ltr'><strong>palatii</strong></span> <span class='ocrx_word' id='word_1_469' title='bbox 899 4238 1281 4305; x_wconf 88' lang='lat' dir='ltr'><strong>pertinentibus</strong></span> <span class='ocrx_word' id='word_1_470' title='bbox 1303 4278 1318 4301; x_wconf 90' lang='lat'><strong>,</strong></span> <span class='ocrx_word' id='word_1_471' title='bbox 1345 4248 1397 4293; x_wconf 90' lang='lat' dir='ltr'><strong>et</strong></span> <span class='ocrx_word' id='word_1_472' title='bbox 1428 4240 1476 4293; x_wconf 94' lang='lat' dir='ltr'><strong>in</strong></span> <span class='ocrx_word' id='word_1_473' title='bbox 1520 4241 1705 4293; x_wconf 89' lang='lat' dir='ltr'><strong>ﬁnibus</strong></span> <span class='ocrx_word' id='word_1_474' title='bbox 1735 4241 1921 4307; x_wconf 69' lang='lat' dir='ltr'><strong>Capuae</strong></span> <span class='ocrx_word' id='word_1_475' title='bbox 1946 4281 1961 4305; x_wconf 89' lang='lat'><strong>,</strong></span> <span class='ocrx_word' id='word_1_476' title='bbox 1994 4250 2044 4295; x_wconf 90' lang='lat' dir='ltr'><strong>et</strong></span> 
     </span>
    </p>
   </div>
   <div class='ocr_carea' id='block_1_62' title="bbox 2158 1809 2309 1862">
    <p class='ocr_par' dir='ltr' id='par_1_62' title="bbox 2158 1809 2309 1862">
     <span class='ocr_line' id='line_1_62' title="bbox 2158 1809 2309 1862; baseline 0.02 -3"><span class='ocrx_word' id='word_1_477' title='bbox 2158 1809 2309 1862; x_wconf 87' lang='lat' dir='ltr'><strong>citer.</strong></span> 
     </span>
    </p>
   </div>
   <div class='ocr_carea' id='block_1_63' title="bbox 2156 1918 3679 1985">
    <p class='ocr_par' dir='ltr' id='par_1_63' title="bbox 2156 1918 3679 1985">
     <span class='ocr_line' id='line_1_63' title="bbox 2156 1918 3679 1985; baseline 0.005 -15"><span class='ocrx_word' id='word_1_478' title='bbox 2156 1918 2463 1972; x_wconf 76' lang='lat' dir='ltr'><strong>Donationes</strong></span> <span class='ocrx_word' id='word_1_479' title='bbox 2488 1919 2633 1985; x_wconf 68' lang='lat' dir='ltr'><strong>facta;</strong></span> <span class='ocrx_word' id='word_1_480' title='bbox 2662 1920 2959 1974; x_wconf 73' lang='lat' dir='ltr'><strong>monasterio</strong></span> <span class='ocrx_word' id='word_1_481' title='bbox 2992 1921 3285 1975; x_wconf 74' lang='lat' dir='ltr'><strong>Pistoriensi</strong></span> <span class='ocrx_word' id='word_1_482' title='bbox 3314 1925 3469 1975; x_wconf 76' lang='lat' dir='ltr'><strong>sancti</strong></span> <span class='ocrx_word' id='word_1_483' title='bbox 3492 1923 3679 1977; x_wconf 55' lang='lat' dir='ltr'><strong>Barlhoo</strong></span> 
     </span>
    </p>
   </div>
   <div class='ocr_carea' id='block_1_64' title="bbox 2408 1988 3460 2061">
    <p class='ocr_par' dir='ltr' id='par_1_64' title="bbox 2408 1988 3460 2061">
     <span class='ocr_line' id='line_1_64' title="bbox 2408 1988 3460 2061; baseline 0.006 -22"><span class='ocrx_word' id='word_1_484' title='bbox 2408 1990 2571 2041; x_wconf 70' lang='grc' dir='ltr'><strong>[οτηιεί</strong></span> <span class='ocrx_word' id='word_1_485' title='bbox 2603 1988 2685 2057; x_wconf 89' lang='lat' dir='ltr'><strong>(ab</strong></span> <span class='ocrx_word' id='word_1_486' title='bbox 2714 2005 2847 2042; x_wconf 85' lang='lat' dir='ltr'><strong>anno</strong></span> <span class='ocrx_word' id='word_1_487' title='bbox 2876 1990 2976 2043; x_wconf 75' lang='grc'><strong>748</strong></span> <span class='ocrx_word' id='word_1_488' title='bbox 3006 1992 3073 2043; x_wconf 80' lang='lat' dir='ltr'><strong>ad</strong></span> <span class='ocrx_word' id='word_1_489' title='bbox 3098 2007 3287 2044; x_wconf 74' lang='lat' dir='ltr'><strong>annum</strong></span> <span class='ocrx_word' id='word_1_490' title='bbox 3317 1992 3460 2061; x_wconf 62' lang='lat'><strong>784.)</strong></span> 
     </span>
    </p>
   </div>
   <div class='ocr_carea' id='block_1_65' title="bbox 2445 2075 3397 2141">
    <p class='ocr_par' dir='ltr' id='par_1_65' title="bbox 2445 2075 3397 2141">
     <span class='ocr_line' id='line_1_65' title="bbox 2445 2075 3397 2141; baseline 0.002 -14"><span class='ocrx_word' id='word_1_491' title='bbox 2445 2077 2535 2137; x_wconf 75' lang='lat' dir='ltr'><strong>(Ex</strong></span> <span class='ocrx_word' id='word_1_492' title='bbox 2561 2075 2801 2126; x_wconf 79' lang='lat' dir='ltr'><strong>Zacharia.</strong></span> <span class='ocrx_word' id='word_1_493' title='bbox 2820 2079 3065 2141; x_wconf 84' lang='lat' dir='ltr'><strong>Auecdota</strong></span> <span class='ocrx_word' id='word_1_494' title='bbox 3092 2081 3238 2129; x_wconf 86' lang='lat' dir='ltr'><strong>medii</strong></span> <span class='ocrx_word' id='word_1_495' title='bbox 3262 2082 3397 2141; x_wconf 59' lang='lat' dir='ltr'><strong>aevi.)</strong></span> 
     </span>
    </p>
   </div>
   <div class='ocr_carea' id='block_1_66' title="bbox 2227 2248 3676 2314">
    <p class='ocr_par' dir='ltr' id='par_1_66' title="bbox 2227 2248 3676 2314">
     <span class='ocr_line' id='line_1_66' title="bbox 2227 2248 3676 2314; baseline 0.003 -14"><span class='ocrx_word' id='word_1_496' title='bbox 2227 2248 2522 2314; x_wconf 81' lang='lat' dir='ltr'><strong>Exemplar.</strong></span> <span class='ocrx_word' id='word_1_497' title='bbox 2568 2249 2622 2302; x_wconf 91' lang='lat' dir='ltr'><strong>ln</strong></span> <span class='ocrx_word' id='word_1_498' title='bbox 2675 2250 2887 2301; x_wconf 81' lang='lat' dir='ltr'><strong>nomine</strong></span> <span class='ocrx_word' id='word_1_499' title='bbox 2929 2249 3131 2303; x_wconf 84' lang='lat' dir='ltr'><strong>Domini</strong></span> <span class='ocrx_word' id='word_1_500' title='bbox 3176 2249 3261 2303; x_wconf 88' lang='lat' dir='ltr'><strong>die</strong></span> <span class='ocrx_word' id='word_1_501' title='bbox 3303 2258 3479 2303; x_wconf 83' lang='lat' dir='ltr'><strong>octavo</strong></span> <span class='ocrx_word' id='word_1_502' title='bbox 3522 2265 3676 2305; x_wconf 71' lang='lat' dir='ltr'><strong>mense</strong></span> 
     </span>
    </p>
   </div>
   <div class='ocr_carea' id='block_1_67' title="bbox 2157 2335 3674 2404">
    <p class='ocr_par' dir='ltr' id='par_1_67' title="bbox 2157 2335 3674 2404">
     <span class='ocr_line' id='line_1_67' title="bbox 2157 2335 3674 2404; baseline 0.002 -16"><span class='ocrx_word' id='word_1_503' title='bbox 2157 2335 2478 2402; x_wconf 87' lang='lat' dir='ltr'><strong>Septembris</strong></span> <span class='ocrx_word' id='word_1_504' title='bbox 2506 2347 2754 2404; x_wconf 80' lang='lat' dir='ltr'><strong>regnante</strong></span> <span class='ocrx_word' id='word_1_505' title='bbox 2783 2338 2995 2389; x_wconf 86' lang='lat' dir='ltr'><strong>domino</strong></span> <span class='ocrx_word' id='word_1_506' title='bbox 3037 2337 3225 2390; x_wconf 75' lang='lat' dir='ltr'><strong>[lachis</strong></span> <span class='ocrx_word' id='word_1_507' title='bbox 3256 2338 3334 2392; x_wconf 88' lang='lat' dir='ltr'><strong>vir</strong></span> <span class='ocrx_word' id='word_1_508' title='bbox 3370 2340 3674 2395; x_wconf 76' lang='lat' dir='ltr'><strong>excellentis-</strong></span> 
     </span>
    </p>
   </div>
   <div class='ocr_carea' id='block_1_68' title="bbox 2156 2426 3672 2493">
    <p class='ocr_par' dir='ltr' id='par_1_68' title="bbox 2156 2426 3672 2493">
     <span class='ocr_line' id='line_1_68' title="bbox 2156 2426 3672 2493; baseline 0.006 -19"><span class='ocrx_word' id='word_1_509' title='bbox 2156 2426 2318 2475; x_wconf 90' lang='lat' dir='ltr'><strong>simus</strong></span> <span class='ocrx_word' id='word_1_510' title='bbox 2361 2440 2534 2493; x_wconf 79' lang='lat' dir='ltr'><strong>regem</strong></span> <span class='ocrx_word' id='word_1_511' title='bbox 2582 2440 2720 2479; x_wconf 91' lang='lat' dir='ltr'><strong>anno</strong></span> <span class='ocrx_word' id='word_1_512' title='bbox 2764 2437 2949 2493; x_wconf 88' lang='lat' dir='ltr'><strong>quarto</strong></span> <span class='ocrx_word' id='word_1_513' title='bbox 2996 2440 3087 2493; x_wconf 88' lang='lat' dir='ltr'><strong>per</strong></span> <span class='ocrx_word' id='word_1_514' title='bbox 3132 2427 3414 2482; x_wconf 90' lang='lat' dir='ltr'><strong>indictione</strong></span> <span class='ocrx_word' id='word_1_515' title='bbox 3456 2432 3672 2483; x_wconf 68' lang='lat' dir='ltr'><strong>sei&#39;tltnla.</strong></span> 
     </span>
    </p>
   </div>
   <div class='ocr_carea' id='block_1_69' title="bbox 2157 2512 3671 2591">
    <p class='ocr_par' dir='ltr' id='par_1_69' title="bbox 2157 2512 3671 2591">
     <span class='ocr_line' id='line_1_69' title="bbox 2157 2512 3671 2591; baseline 0.007 -26"><span class='ocrx_word' id='word_1_516' title='bbox 2157 2512 2468 2565; x_wconf 84' lang='lat' dir='ltr'><strong>Feliciter...</strong></span> <span class='ocrx_word' id='word_1_517' title='bbox 2518 2512 2795 2582; x_wconf 79' lang='lat' dir='ltr'><strong>Ratpertus</strong></span> <span class='ocrx_word' id='word_1_518' title='bbox 2826 2518 3085 2585; x_wconf 89' lang='lat' dir='ltr'><strong>quondam</strong></span> <span class='ocrx_word' id='word_1_519' title='bbox 3117 2519 3255 2575; x_wconf 81' lang='lat' dir='ltr'><strong>illius</strong></span> <span class='ocrx_word' id='word_1_520' title='bbox 3286 2522 3533 2591; x_wconf 75' lang='lat' dir='ltr'><strong>quondam</strong></span> <span class='ocrx_word' id='word_1_521' title='bbox 3562 2524 3671 2577; x_wconf 85' lang='lat' dir='ltr'><strong>Gni—</strong></span> 
     </span>
    </p>
   </div>
   <div class='ocr_carea' id='block_1_70' title="bbox 2157 2602 3674 2680">
    <p class='ocr_par' dir='ltr' id='par_1_70' title="bbox 2157 2602 3674 2680">
     <span class='ocr_line' id='line_1_70' title="bbox 2157 2602 3674 2680; baseline 0.005 -26"><span class='ocrx_word' id='word_1_522' title='bbox 2157 2602 2327 2655; x_wconf 83' lang='lat' dir='ltr'><strong>licltisi</strong></span> <span class='ocrx_word' id='word_1_523' title='bbox 2350 2617 2561 2669; x_wconf 86' lang='lat' dir='ltr'><strong>sperare</strong></span> <span class='ocrx_word' id='word_1_524' title='bbox 2593 2604 2641 2657; x_wconf 90' lang='lat' dir='ltr'><strong>in</strong></span> <span class='ocrx_word' id='word_1_525' title='bbox 2674 2622 2755 2659; x_wconf 86' lang='lat' dir='ltr'><strong>me</strong></span> <span class='ocrx_word' id='word_1_526' title='bbox 2777 2606 2947 2667; x_wconf 74' lang='lat' dir='ltr'><strong>divina</strong></span> <span class='ocrx_word' id='word_1_527' title='bbox 2977 2613 3227 2674; x_wconf 84' lang='lat' dir='ltr'><strong>potentia,</strong></span> <span class='ocrx_word' id='word_1_528' title='bbox 3256 2610 3374 2663; x_wconf 89' lang='lat' dir='ltr'><strong>dum</strong></span> <span class='ocrx_word' id='word_1_529' title='bbox 3396 2612 3674 2680; x_wconf 73' lang='lat' dir='ltr'><strong>complexus</strong></span> 
     </span>
    </p>
   </div>
   <div class='ocr_carea' id='block_1_71' title="bbox 2154 2693 3673 2763">
    <p class='ocr_par' dir='ltr' id='par_1_71' title="bbox 2154 2693 3673 2763">
     <span class='ocr_line' id='line_1_71' title="bbox 2154 2693 3673 2763; baseline 0.006 -18"><span class='ocrx_word' id='word_1_530' title='bbox 2154 2695 2387 2761; x_wconf 88' lang='lat' dir='ltr'><strong>rejacere</strong></span> <span class='ocrx_word' id='word_1_531' title='bbox 2415 2693 2466 2746; x_wconf 94' lang='lat' dir='ltr'><strong>in</strong></span> <span class='ocrx_word' id='word_1_532' title='bbox 2499 2695 2826 2763; x_wconf 83' lang='lat' dir='ltr'><strong>inﬁrmitate,</strong></span> <span class='ocrx_word' id='word_1_533' title='bbox 2868 2699 2982 2752; x_wconf 88' lang='lat' dir='ltr'><strong>sine</strong></span> <span class='ocrx_word' id='word_1_534' title='bbox 3020 2701 3121 2757; x_wconf 91' lang='lat' dir='ltr'><strong>line</strong></span> <span class='ocrx_word' id='word_1_535' title='bbox 3151 2701 3237 2758; x_wconf 89' lang='lat' dir='ltr'><strong>ubi</strong></span> <span class='ocrx_word' id='word_1_536' title='bbox 3270 2701 3409 2756; x_wconf 80' lang='lat' dir='ltr'><strong>l‘ures</strong></span> <span class='ocrx_word' id='word_1_537' title='bbox 3444 2717 3539 2757; x_wconf 91' lang='lat' dir='ltr'><strong>non</strong></span> <span class='ocrx_word' id='word_1_538' title='bbox 3566 2702 3673 2756; x_wconf 63' lang='grc' dir='ltr'><strong>εσυ-</strong></span> 
     </span>
    </p>
   </div>
   <div class='ocr_carea' id='block_1_72' title="bbox 2151 2786 3671 2859">
    <p class='ocr_par' dir='ltr' id='par_1_72' title="bbox 2151 2786 3671 2859">
     <span class='ocr_line' id='line_1_72' title="bbox 2151 2786 3671 2859; baseline 0.003 -23"><span class='ocrx_word' id='word_1_539' title='bbox 2151 2786 2318 2850; x_wconf 81' lang='lat' dir='ltr'><strong>dium,</strong></span> <span class='ocrx_word' id='word_1_540' title='bbox 2345 2800 2441 2839; x_wconf 88' lang='lat' dir='ltr'><strong>nec</strong></span> <span class='ocrx_word' id='word_1_541' title='bbox 2462 2787 2717 2851; x_wconf 78' lang='lat' dir='ltr'><strong>furantur,</strong></span> <span class='ocrx_word' id='word_1_542' title='bbox 2744 2800 2793 2840; x_wconf 93' lang='lat' dir='ltr'><strong>nt</strong></span> <span class='ocrx_word' id='word_1_543' title='bbox 2824 2789 2909 2842; x_wconf 88' lang='lat' dir='ltr'><strong>illa</strong></span> <span class='ocrx_word' id='word_1_544' title='bbox 2941 2804 3067 2845; x_wconf 89' lang='lat' dir='ltr'><strong>voce</strong></span> <span class='ocrx_word' id='word_1_545' title='bbox 3095 2792 3278 2847; x_wconf 88' lang='lat' dir='ltr'><strong>audire</strong></span> <span class='ocrx_word' id='word_1_546' title='bbox 3300 2806 3517 2855; x_wconf 88' lang='lat' dir='ltr'><strong>merear,</strong></span> <span class='ocrx_word' id='word_1_547' title='bbox 3538 2807 3671 2859; x_wconf 80' lang='lat' dir='ltr'><strong>quam</strong></span> 
     </span>
    </p>
   </div>
   <div class='ocr_carea' id='block_1_73' title="bbox 2156 2873 3669 2943">
    <p class='ocr_par' dir='ltr' id='par_1_73' title="bbox 2156 2873 3669 2943">
     <span class='ocr_line' id='line_1_73' title="bbox 2156 2873 3669 2943; baseline 0.001 -20"><span class='ocrx_word' id='word_1_548' title='bbox 2156 2873 2409 2927; x_wconf 87' lang='lat' dir='ltr'><strong>Dominus</strong></span> <span class='ocrx_word' id='word_1_549' title='bbox 2452 2886 2630 2927; x_wconf 89' lang='lat' dir='ltr'><strong>noster</strong></span> <span class='ocrx_word' id='word_1_550' title='bbox 2667 2876 2824 2931; x_wconf 82' lang='lat' dir='ltr'><strong>Jesus</strong></span> <span class='ocrx_word' id='word_1_551' title='bbox 2859 2878 3117 2941; x_wconf 75' lang='lat' dir='ltr'><strong>Christus,</strong></span> <span class='ocrx_word' id='word_1_552' title='bbox 3155 2892 3217 2931; x_wconf 87' lang='lat' dir='ltr'><strong>ac</strong></span> <span class='ocrx_word' id='word_1_553' title='bbox 3256 2879 3540 2943; x_wconf 83' lang='lat' dir='ltr'><strong>redemptor</strong></span> <span class='ocrx_word' id='word_1_554' title='bbox 3573 2892 3669 2929; x_wconf 83' lang='lat' dir='ltr'><strong>0m-</strong></span> 
     </span>
    </p>
   </div>
   <div class='ocr_carea' id='block_1_74' title="bbox 2154 2964 3671 3038">
    <p class='ocr_par' dir='ltr' id='par_1_74' title="bbox 2154 2964 3671 3038">
     <span class='ocr_line' id='line_1_74' title="bbox 2154 2964 3671 3038; baseline 0.003 -23"><span class='ocrx_word' id='word_1_555' title='bbox 2154 2964 2294 3016; x_wconf 90' lang='lat' dir='ltr'><strong>uinm</strong></span> <span class='ocrx_word' id='word_1_556' title='bbox 2328 2965 2377 3018; x_wconf 92' lang='lat' dir='ltr'><strong>in</strong></span> <span class='ocrx_word' id='word_1_557' title='bbox 2417 2978 2473 3018; x_wconf 88' lang='lat' dir='ltr'><strong>se</strong></span> <span class='ocrx_word' id='word_1_558' title='bbox 2502 2966 2829 3018; x_wconf 85' lang='lat' dir='ltr'><strong>credentibus</strong></span> <span class='ocrx_word' id='word_1_559' title='bbox 2858 2970 3160 3034; x_wconf 90' lang='lat' dir='ltr'><strong>promittere</strong></span> <span class='ocrx_word' id='word_1_560' title='bbox 3187 2969 3425 3038; x_wconf 79' lang='lat' dir='ltr'><strong>dignatus</strong></span> <span class='ocrx_word' id='word_1_561' title='bbox 3454 2979 3552 3033; x_wconf 89' lang='lat' dir='ltr'><strong>est,</strong></span> <span class='ocrx_word' id='word_1_562' title='bbox 3591 2969 3671 3020; x_wconf 62' lang='grc' dir='ltr'><strong>ι’(-</strong></span> 
     </span>
    </p>
   </div>
   <div class='ocr_carea' id='block_1_75' title="bbox 2154 3050 3672 3128">
    <p class='ocr_par' dir='ltr' id='par_1_75' title="bbox 2154 3050 3672 3128">
     <span class='ocr_line' id='line_1_75' title="bbox 2154 3050 3672 3128; baseline 0.005 -24"><span class='ocrx_word' id='word_1_563' title='bbox 2154 3054 2274 3118; x_wconf 81' lang='lat' dir='ltr'><strong>nite,</strong></span> <span class='ocrx_word' id='word_1_564' title='bbox 2328 3053 2569 3106; x_wconf 76' lang='lat' dir='ltr'><strong>benedicti</strong></span> <span class='ocrx_word' id='word_1_565' title='bbox 2601 3052 2792 3118; x_wconf 78' lang='lat' dir='ltr'><strong>Patris,</strong></span> <span class='ocrx_word' id='word_1_566' title='bbox 2846 3058 3083 3125; x_wconf 83' lang='lat' dir='ltr'><strong>percipite</strong></span> <span class='ocrx_word' id='word_1_567' title='bbox 3129 3075 3336 3128; x_wconf 74' lang='lat' dir='ltr'><strong>regnum</strong></span> <span class='ocrx_word' id='word_1_568' title='bbox 3389 3050 3517 3127; x_wconf 68' lang='lat' dir='ltr'><strong>quod</strong></span> <span class='ocrx_word' id='word_1_569' title='bbox 3560 3062 3672 3113; x_wconf 77' lang='lat' dir='ltr'><strong>vobis</strong></span> 
     </span>
    </p>
   </div>
   <div class='ocr_carea' id='block_1_76' title="bbox 2148 3144 3671 3215">
    <p class='ocr_par' dir='ltr' id='par_1_76' title="bbox 2148 3144 3671 3215">
     <span class='ocr_line' id='line_1_76' title="bbox 2148 3144 3671 3215; baseline 0.002 -18"><span class='ocrx_word' id='word_1_570' title='bbox 2148 3154 2381 3213; x_wconf 81' lang='lat' dir='ltr'><strong>paratum</strong></span> <span class='ocrx_word' id='word_1_571' title='bbox 2410 3156 2482 3198; x_wconf 82' lang='lat' dir='ltr'><strong>est</strong></span> <span class='ocrx_word' id='word_1_572' title='bbox 2520 3144 2582 3199; x_wconf 82' lang='lat' dir='ltr'><strong>ab</strong></span> <span class='ocrx_word' id='word_1_573' title='bbox 2611 3147 2803 3215; x_wconf 81' lang='lat' dir='ltr'><strong>origine</strong></span> <span class='ocrx_word' id='word_1_574' title='bbox 2842 3148 3052 3212; x_wconf 81' lang='lat' dir='ltr'><strong>mundi,</strong></span> <span class='ocrx_word' id='word_1_575' title='bbox 3099 3161 3150 3202; x_wconf 89' lang='lat' dir='ltr'><strong>et</strong></span> <span class='ocrx_word' id='word_1_576' title='bbox 3190 3151 3375 3204; x_wconf 87' lang='lat' dir='ltr'><strong>iterum</strong></span> <span class='ocrx_word' id='word_1_577' title='bbox 3415 3153 3671 3204; x_wconf 77' lang='lat' dir='ltr'><strong>ammonuit</strong></span> 
     </span>
    </p>
   </div>
   <div class='ocr_carea' id='block_1_77' title="bbox 2150 3234 3671 3310">
    <p class='ocr_par' dir='ltr' id='par_1_77' title="bbox 2150 3234 3671 3310">
     <span class='ocr_line' id='line_1_77' title="bbox 2150 3234 3671 3310; baseline 0.005 -23"><span class='ocrx_word' id='word_1_578' title='bbox 2150 3236 2331 3288; x_wconf 88' lang='lat' dir='ltr'><strong>dicens</strong></span> <span class='ocrx_word' id='word_1_579' title='bbox 2354 3244 2411 3298; x_wconf 54' lang='lat' dir='ltr'><strong>ﬂ;</strong></span> <span class='ocrx_word' id='word_1_580' title='bbox 2437 3234 2570 3289; x_wconf 89' lang='lat' dir='ltr'><strong>lilius</strong></span> <span class='ocrx_word' id='word_1_581' title='bbox 2600 3237 2860 3290; x_wconf 87' lang='lat' dir='ltr'><strong>masculus</strong></span> <span class='ocrx_word' id='word_1_582' title='bbox 2889 3241 3081 3305; x_wconf 83' lang='lat' dir='ltr'><strong>p‘revidi</strong></span> <span class='ocrx_word' id='word_1_583' title='bbox 3116 3242 3238 3293; x_wconf 86' lang='lat' dir='ltr'><strong>mihi</strong></span> <span class='ocrx_word' id='word_1_584' title='bbox 3270 3242 3319 3295; x_wconf 92' lang='lat' dir='ltr'><strong>in</strong></span> <span class='ocrx_word' id='word_1_585' title='bbox 3352 3246 3548 3310; x_wconf 89' lang='lat' dir='ltr'><strong>pr0prio</strong></span> <span class='ocrx_word' id='word_1_586' title='bbox 3574 3258 3671 3295; x_wconf 84' lang='lat' dir='ltr'><strong>meo</strong></span> 
     </span>
    </p>
   </div>
   <div class='ocr_carea' id='block_1_78' title="bbox 2150 3324 3665 3388">
    <p class='ocr_par' dir='ltr' id='par_1_78' title="bbox 2150 3324 3665 3388">
     <span class='ocr_line' id='line_1_78' title="bbox 2150 3324 3665 3388; baseline 0.005 -10"><span class='ocrx_word' id='word_1_587' title='bbox 2150 3324 2396 3380; x_wconf 89' lang='lat' dir='ltr'><strong>edilicare</strong></span> <span class='ocrx_word' id='word_1_588' title='bbox 2440 3325 2660 3380; x_wconf 87' lang='lat' dir='ltr'><strong>ecclesia</strong></span> <span class='ocrx_word' id='word_1_589' title='bbox 2707 3332 3024 3381; x_wconf 86' lang='lat' dir='ltr'><strong>monasterio</strong></span> <span class='ocrx_word' id='word_1_590' title='bbox 3071 3332 3483 3388; x_wconf 83' lang='lat' dir='ltr'><strong>beatissimorum</strong></span> <span class='ocrx_word' id='word_1_591' title='bbox 3524 3336 3665 3388; x_wconf 72' lang='lat' dir='ltr'><strong>saucii</strong></span> 
     </span>
    </p>
   </div>
   <div class='ocr_carea' id='block_1_79' title="bbox 2152 3413 3668 3485">
    <p class='ocr_par' dir='ltr' id='par_1_79' title="bbox 2152 3413 3668 3485">
     <span class='ocr_line' id='line_1_79' title="bbox 2152 3413 3668 3485; baseline 0.005 -19"><span class='ocrx_word' id='word_1_592' title='bbox 2152 3413 2319 3478; x_wconf 82' lang='lat' dir='ltr'><strong>Petri,</strong></span> <span class='ocrx_word' id='word_1_593' title='bbox 2362 3424 2413 3467; x_wconf 91' lang='lat' dir='ltr'><strong>et</strong></span> <span class='ocrx_word' id='word_1_594' title='bbox 2457 3414 2633 3479; x_wconf 79' lang='lat' dir='ltr'><strong>l’auli,</strong></span> <span class='ocrx_word' id='word_1_595' title='bbox 2680 3426 2837 3485; x_wconf 89' lang='lat' dir='ltr'><strong>atque</strong></span> <span class='ocrx_word' id='word_1_596' title='bbox 2880 3422 3172 3484; x_wconf 66' lang='lat' dir='ltr'><strong>AltztslaSll,</strong></span> <span class='ocrx_word' id='word_1_597' title='bbox 3223 3433 3276 3476; x_wconf 91' lang='lat' dir='ltr'><strong>et</strong></span> <span class='ocrx_word' id='word_1_598' title='bbox 3324 3424 3439 3476; x_wconf 87' lang='lat' dir='ltr'><strong>inivi</strong></span> <span class='ocrx_word' id='word_1_599' title='bbox 3489 3440 3565 3478; x_wconf 88' lang='lat' dir='ltr'><strong>me</strong></span> <span class='ocrx_word' id='word_1_600' title='bbox 3606 3427 3668 3477; x_wconf 84' lang='lat' dir='ltr'><strong>vel</strong></span> 
     </span>
    </p>
   </div>
   <div class='ocr_carea' id='block_1_80' title="bbox 2149 3504 3668 3577">
    <p class='ocr_par' dir='ltr' id='par_1_80' title="bbox 2149 3504 3668 3577">
     <span class='ocr_line' id='line_1_80' title="bbox 2149 3504 3668 3577; baseline 0.007 -22"><span class='ocrx_word' id='word_1_601' title='bbox 2149 3504 2320 3556; x_wconf 88' lang='lat' dir='ltr'><strong>anima</strong></span> <span class='ocrx_word' id='word_1_602' title='bbox 2354 3521 2469 3558; x_wconf 88' lang='lat' dir='ltr'><strong>mea</strong></span> <span class='ocrx_word' id='word_1_603' title='bbox 2498 3508 2888 3571; x_wconf 86' lang='lat' dir='ltr'><strong>commendare,</strong></span> <span class='ocrx_word' id='word_1_604' title='bbox 2929 3520 3082 3577; x_wconf 89' lang='lat' dir='ltr'><strong>atque</strong></span> <span class='ocrx_word' id='word_1_605' title='bbox 3121 3513 3297 3567; x_wconf 72' lang='lat' dir='ltr'><strong>oll’erri</strong></span> <span class='ocrx_word' id='word_1_606' title='bbox 3332 3516 3592 3568; x_wconf 85' lang='lat' dir='ltr'><strong>medietate</strong></span> <span class='ocrx_word' id='word_1_607' title='bbox 3613 3516 3668 3567; x_wconf 79' lang='lat' dir='ltr'><strong>de</strong></span> 
     </span>
    </p>
   </div>
   <div class='ocr_carea' id='block_1_81' title="bbox 2148 3597 3665 3672">
    <p class='ocr_par' dir='ltr' id='par_1_81' title="bbox 2148 3597 3665 3672">
     <span class='ocr_line' id='line_1_81' title="bbox 2148 3597 3665 3672; baseline 0.005 -25"><span class='ocrx_word' id='word_1_608' title='bbox 2148 3608 2356 3647; x_wconf 88' lang='lat' dir='ltr'><strong>omnem</strong></span> <span class='ocrx_word' id='word_1_609' title='bbox 2389 3597 2691 3661; x_wconf 84' lang='lat' dir='ltr'><strong>parvitatem</strong></span> <span class='ocrx_word' id='word_1_610' title='bbox 2718 3600 2985 3665; x_wconf 87' lang='lat' dir='ltr'><strong>pecuniam</strong></span> <span class='ocrx_word' id='word_1_611' title='bbox 3041 3602 3121 3656; x_wconf 84' lang='lat' dir='ltr'><strong>vel</strong></span> <span class='ocrx_word' id='word_1_612' title='bbox 3156 3604 3467 3672; x_wconf 88' lang='lat' dir='ltr'><strong>adquisitum</strong></span> <span class='ocrx_word' id='word_1_613' title='bbox 3498 3622 3665 3667; x_wconf 80' lang='lat' dir='ltr'><strong>meum,</strong></span> 
     </span>
    </p>
   </div>
   <div class='ocr_carea' id='block_1_82' title="bbox 2148 3685 3667 3754">
    <p class='ocr_par' dir='ltr' id='par_1_82' title="bbox 2148 3685 3667 3754">
     <span class='ocr_line' id='line_1_82' title="bbox 2148 3685 3667 3754; baseline 0.008 -20"><span class='ocrx_word' id='word_1_614' title='bbox 2148 3685 2283 3754; x_wconf 90' lang='lat' dir='ltr'><strong>quod</strong></span> <span class='ocrx_word' id='word_1_615' title='bbox 2334 3700 2469 3737; x_wconf 91' lang='lat' dir='ltr'><strong>nunc</strong></span> <span class='ocrx_word' id='word_1_616' title='bbox 2520 3690 2747 3752; x_wconf 88' lang='lat' dir='ltr'><strong>presenti</strong></span> <span class='ocrx_word' id='word_1_617' title='bbox 2790 3690 3093 3753; x_wconf 81' lang='lat' dir='ltr'><strong>dieavere,</strong></span> <span class='ocrx_word' id='word_1_618' title='bbox 3144 3703 3195 3745; x_wconf 83' lang='lat' dir='ltr'><strong>et</strong></span> <span class='ocrx_word' id='word_1_619' title='bbox 3243 3701 3390 3747; x_wconf 88' lang='lat' dir='ltr'><strong>luero</strong></span> <span class='ocrx_word' id='word_1_620' title='bbox 3438 3704 3532 3748; x_wconf 88' lang='lat' dir='ltr'><strong>tam</strong></span> <span class='ocrx_word' id='word_1_621' title='bbox 3570 3709 3667 3747; x_wconf 74' lang='lat' dir='ltr'><strong>case</strong></span> 
     </span>
    </p>
   </div>
   <div class='ocr_carea' id='block_1_83' title="bbox 2147 3772 3644 3845">
    <p class='ocr_par' dir='ltr' id='par_1_83' title="bbox 2147 3772 3644 3845">
     <span class='ocr_line' id='line_1_83' title="bbox 2147 3772 3644 3845; baseline 0.005 -21"><span class='ocrx_word' id='word_1_622' title='bbox 2147 3772 2452 3826; x_wconf 75' lang='lat' dir='ltr'><strong>avitacionis</strong></span> <span class='ocrx_word' id='word_1_623' title='bbox 2477 3790 2627 3842; x_wconf 67' lang='lat' dir='ltr'><strong>meas,</strong></span> <span class='ocrx_word' id='word_1_624' title='bbox 2660 3790 2813 3843; x_wconf 90' lang='lat' dir='ltr'><strong>quam</strong></span> <span class='ocrx_word' id='word_1_625' title='bbox 2843 3787 2893 3829; x_wconf 89' lang='lat' dir='ltr'><strong>et</strong></span> <span class='ocrx_word' id='word_1_626' title='bbox 2922 3792 3057 3830; x_wconf 80' lang='lat' dir='ltr'><strong>casae</strong></span> <span class='ocrx_word' id='word_1_627' title='bbox 3088 3779 3402 3845; x_wconf 57' lang='lat' dir='ltr'><strong>masnriciie,</strong></span> <span class='ocrx_word' id='word_1_628' title='bbox 3435 3795 3521 3834; x_wconf 88' lang='lat' dir='ltr'><strong>seo</strong></span> <span class='ocrx_word' id='word_1_629' title='bbox 3542 3796 3644 3833; x_wconf 74' lang='lat' dir='ltr'><strong>casa</strong></span> 
     </span>
    </p>
   </div>
   <div class='ocr_carea' id='block_1_84' title="bbox 2128 3864 3665 3936">
    <p class='ocr_par' dir='ltr' id='par_1_84' title="bbox 2128 3864 3665 3936">
     <span class='ocr_line' id='line_1_84' title="bbox 2128 3864 3665 3936; baseline 0.002 -20"><span class='ocrx_word' id='word_1_630' title='bbox 2128 3864 2235 3931; x_wconf 3' lang='lat' dir='ltr'><strong>qlia,</strong></span> <span class='ocrx_word' id='word_1_631' title='bbox 2265 3864 2415 3916; x_wconf 88' lang='lat' dir='ltr'><strong>vinea</strong></span> <span class='ocrx_word' id='word_1_632' title='bbox 2436 3904 2448 3927; x_wconf 94' lang='lat'><strong>,</strong></span> <span class='ocrx_word' id='word_1_633' title='bbox 2483 3873 2654 3927; x_wconf 90' lang='lat' dir='ltr'><strong>terra,</strong></span> <span class='ocrx_word' id='word_1_634' title='bbox 2685 3866 2865 3932; x_wconf 86' lang='lat' dir='ltr'><strong>pratis,</strong></span> <span class='ocrx_word' id='word_1_635' title='bbox 2899 3869 3122 3933; x_wconf 87' lang='lat' dir='ltr'><strong>pascuis,</strong></span> <span class='ocrx_word' id='word_1_636' title='bbox 3154 3868 3325 3936; x_wconf 88' lang='lat' dir='ltr'><strong>silvis,</strong></span> <span class='ocrx_word' id='word_1_637' title='bbox 3358 3872 3572 3933; x_wconf 69' lang='lat' dir='ltr'><strong>selectis,</strong></span> <span class='ocrx_word' id='word_1_638' title='bbox 3596 3885 3665 3922; x_wconf 78' lang='lat' dir='ltr'><strong>sa-</strong></span> 
     </span>
    </p>
   </div>
   <div class='ocr_carea' id='block_1_85' title="bbox 2148 3952 3661 4023">
    <p class='ocr_par' dir='ltr' id='par_1_85' title="bbox 2148 3952 3661 4023">
     <span class='ocr_line' id='line_1_85' title="bbox 2148 3952 3661 4023; baseline 0.003 -20"><span class='ocrx_word' id='word_1_639' title='bbox 2148 3952 2399 4015; x_wconf 84' lang='lat' dir='ltr'><strong>tionibus,</strong></span> <span class='ocrx_word' id='word_1_640' title='bbox 2431 3952 2627 4004; x_wconf 87' lang='lat' dir='ltr'><strong>cultum</strong></span> <span class='ocrx_word' id='word_1_641' title='bbox 2648 3995 2660 4018; x_wconf 91' lang='lat'><strong>,</strong></span> <span class='ocrx_word' id='word_1_642' title='bbox 2691 3964 2846 4020; x_wconf 82' lang='lat' dir='ltr'><strong>atque</strong></span> <span class='ocrx_word' id='word_1_643' title='bbox 2879 3955 3149 4017; x_wconf 87' lang='lat' dir='ltr'><strong>incultmn,</strong></span> <span class='ocrx_word' id='word_1_644' title='bbox 3184 3958 3450 4023; x_wconf 83' lang='lat' dir='ltr'><strong>movilem,</strong></span> <span class='ocrx_word' id='word_1_645' title='bbox 3483 3960 3553 4011; x_wconf 85' lang='lat' dir='ltr'><strong>vel</strong></span> <span class='ocrx_word' id='word_1_646' title='bbox 3586 3960 3661 4008; x_wconf 84' lang='lat' dir='ltr'><strong>im-</strong></span> 
     </span>
    </p>
   </div>
   <div class='ocr_carea' id='block_1_86' title="bbox 2147 4043 3659 4110">
    <p class='ocr_par' dir='ltr' id='par_1_86' title="bbox 2147 4043 3659 4110">
     <span class='ocr_line' id='line_1_86' title="bbox 2147 4043 3659 4110; baseline 0.004 -17"><span class='ocrx_word' id='word_1_647' title='bbox 2147 4043 2388 4096; x_wconf 84' lang='lat' dir='ltr'><strong>t‘novilem</strong></span> <span class='ocrx_word' id='word_1_648' title='bbox 2411 4082 2425 4109; x_wconf 90' lang='lat'><strong>,</strong></span> <span class='ocrx_word' id='word_1_649' title='bbox 2450 4056 2676 4110; x_wconf 87' lang='lat' dir='ltr'><strong>seseque</strong></span> <span class='ocrx_word' id='word_1_650' title='bbox 2704 4044 3032 4097; x_wconf 89' lang='lat' dir='ltr'><strong>moventibus</strong></span> <span class='ocrx_word' id='word_1_651' title='bbox 3062 4050 3238 4098; x_wconf 88' lang='lat' dir='ltr'><strong>omnia</strong></span> <span class='ocrx_word' id='word_1_652' title='bbox 3256 4090 3268 4110; x_wconf 93' lang='lat'><strong>,</strong></span> <span class='ocrx_word' id='word_1_653' title='bbox 3298 4060 3346 4100; x_wconf 88' lang='lat' dir='ltr'><strong>et</strong></span> <span class='ocrx_word' id='word_1_654' title='bbox 3378 4049 3425 4100; x_wconf 93' lang='lat' dir='ltr'><strong>in</strong></span> <span class='ocrx_word' id='word_1_655' title='bbox 3450 4049 3659 4101; x_wconf 82' lang='lat' dir='ltr'><strong>omnibus</strong></span> 
     </span>
    </p>
   </div>
   <div class='ocr_carea' id='block_1_87' title="bbox 2146 4132 3661 4199">
    <p class='ocr_par' dir='ltr' id='par_1_87' title="bbox 2146 4132 3661 4199">
     <span class='ocr_line' id='line_1_87' title="bbox 2146 4132 3661 4199; baseline 0.003 -16"><span class='ocrx_word' id='word_1_656' title='bbox 2146 4132 2207 4183; x_wconf 86' lang='lat' dir='ltr'><strong>ad</strong></span> <span class='ocrx_word' id='word_1_657' title='bbox 2246 4132 2413 4199; x_wconf 87' lang='lat' dir='ltr'><strong>ipsum</strong></span> <span class='ocrx_word' id='word_1_658' title='bbox 2453 4145 2710 4195; x_wconf 84' lang='lat' dir='ltr'><strong>sanetum,</strong></span> <span class='ocrx_word' id='word_1_659' title='bbox 2755 4143 2802 4185; x_wconf 89' lang='lat' dir='ltr'><strong>et</strong></span> <span class='ocrx_word' id='word_1_660' title='bbox 2846 4135 3136 4187; x_wconf 86' lang='lat' dir='ltr'><strong>veneravile</strong></span> <span class='ocrx_word' id='word_1_661' title='bbox 3182 4137 3351 4189; x_wconf 86' lang='lat' dir='ltr'><strong>locum</strong></span> <span class='ocrx_word' id='word_1_662' title='bbox 3390 4137 3579 4197; x_wconf 77' lang='lat' dir='ltr'><strong>olIerri,</strong></span> <span class='ocrx_word' id='word_1_663' title='bbox 3619 4148 3661 4189; x_wconf 81' lang='lat' dir='ltr'><strong>et</strong></span> 
     </span>
    </p>
   </div>
   <div class='ocr_carea' id='block_1_88' title="bbox 2144 4224 3658 4295">
    <p class='ocr_par' dir='ltr' id='par_1_88' title="bbox 2144 4224 3658 4295">
     <span class='ocr_line' id='line_1_88' title="bbox 2144 4224 3658 4295; baseline 0.002 -20"><span class='ocrx_word' id='word_1_664' title='bbox 2144 4224 2442 4277; x_wconf 86' lang='lat' dir='ltr'><strong>condonare</strong></span> <span class='ocrx_word' id='word_1_665' title='bbox 2482 4224 2701 4291; x_wconf 90' lang='lat' dir='ltr'><strong>previdi,</strong></span> <span class='ocrx_word' id='word_1_666' title='bbox 2747 4240 2835 4277; x_wconf 86' lang='lat' dir='ltr'><strong>seu</strong></span> <span class='ocrx_word' id='word_1_667' title='bbox 2877 4236 2930 4280; x_wconf 89' lang='lat' dir='ltr'><strong>et</strong></span> <span class='ocrx_word' id='word_1_668' title='bbox 2958 4229 3243 4291; x_wconf 88' lang='lat' dir='ltr'><strong>ostruelda,</strong></span> <span class='ocrx_word' id='word_1_669' title='bbox 3288 4230 3373 4295; x_wconf 86' lang='lat' dir='ltr'><strong>qni</strong></span> <span class='ocrx_word' id='word_1_670' title='bbox 3404 4238 3533 4281; x_wconf 80' lang='lat' dir='ltr'><strong>veste</strong></span> <span class='ocrx_word' id='word_1_671' title='bbox 3569 4244 3658 4280; x_wconf 48' lang='lat' dir='ltr'><strong>nio.</strong></span> 
     </span>
    </p>
   </div>
   <div class='ocr_carea' id='block_1_89' title="bbox 491 4314 2048 4411">
    <p class='ocr_par' dir='ltr' id='par_1_89' title="bbox 491 4324 2040 4395">
     <span class='ocr_line' id='line_1_89' title="bbox 491 4324 2040 4395; baseline 0.005 -18"><span class='ocrx_word' id='word_1_672' title='bbox 491 4324 723 4377; x_wconf 75' lang='lat' dir='ltr'><strong>Alisana:</strong></span> <span class='ocrx_word' id='word_1_673' title='bbox 752 4324 968 4391; x_wconf 79' lang='lat' dir='ltr'><strong>ﬁnibus,</strong></span> <span class='ocrx_word' id='word_1_674' title='bbox 998 4334 1049 4377; x_wconf 88' lang='lat' dir='ltr'><strong>et</strong></span> <span class='ocrx_word' id='word_1_675' title='bbox 1081 4330 1128 4375; x_wconf 92' lang='lat' dir='ltr'><strong>in</strong></span> <span class='ocrx_word' id='word_1_676' title='bbox 1156 4327 1273 4379; x_wconf 88' lang='lat' dir='ltr'><strong>aliis</strong></span> <span class='ocrx_word' id='word_1_677' title='bbox 1301 4328 1600 4393; x_wconf 84' lang='lat' dir='ltr'><strong>civitatibus</strong></span> <span class='ocrx_word' id='word_1_678' title='bbox 1628 4338 1680 4381; x_wconf 90' lang='lat' dir='ltr'><strong>et</strong></span> <span class='ocrx_word' id='word_1_679' title='bbox 1705 4331 1959 4395; x_wconf 88' lang='lat' dir='ltr'><strong>castellis,</strong></span> <span class='ocrx_word' id='word_1_680' title='bbox 1991 4339 2040 4385; x_wconf 84' lang='lat' dir='ltr'><strong>et</strong></span> 
     </span>
    </p>
   </div>
   <div class='ocr_carea' id='block_1_90' title="bbox 2153 4314 3655 4411">
    <p class='ocr_par' dir='ltr' id='par_1_90' title="bbox 2153 4314 3655 4380">
     <span class='ocr_line' id='line_1_90' title="bbox 2153 4314 3655 4380; baseline 0.003 -16"><span class='ocrx_word' id='word_1_681' title='bbox 2153 4315 2343 4367; x_wconf 83' lang='lat' dir='ltr'><strong>nastiea</strong></span> <span class='ocrx_word' id='word_1_682' title='bbox 2386 4314 2564 4368; x_wconf 89' lang='lat' dir='ltr'><strong>induta</strong></span> <span class='ocrx_word' id='word_1_683' title='bbox 2596 4330 2715 4368; x_wconf 84' lang='lat' dir='ltr'><strong>esse</strong></span> <span class='ocrx_word' id='word_1_684' title='bbox 2749 4316 2967 4369; x_wconf 83' lang='lat' dir='ltr'><strong>videtur.</strong></span> <span class='ocrx_word' id='word_1_685' title='bbox 3013 4317 3066 4370; x_wconf 91' lang='lat' dir='ltr'><strong>ln</strong></span> <span class='ocrx_word' id='word_1_686' title='bbox 3098 4334 3215 4370; x_wconf 85' lang='lat' dir='ltr'><strong>eum</strong></span> <span class='ocrx_word' id='word_1_687' title='bbox 3259 4334 3380 4371; x_wconf 86' lang='lat' dir='ltr'><strong>vero</strong></span> <span class='ocrx_word' id='word_1_688' title='bbox 3409 4329 3588 4380; x_wconf 81' lang='lat' dir='ltr'><strong>tenore,</strong></span> <span class='ocrx_word' id='word_1_689' title='bbox 3616 4332 3655 4369; x_wconf 87' lang='lat' dir='ltr'><strong>ul</strong></span> 
     </span>
    </p>
   </div>
   <div class='ocr_carea' id='block_1_91' title="bbox 491 4414 2042 4485">
    <p class='ocr_par' dir='ltr' id='par_1_91' title="bbox 491 4414 2042 4485">
     <span class='ocr_line' id='line_1_91' title="bbox 491 4414 2042 4485; baseline 0.005 -20"><span class='ocrx_word' id='word_1_690' title='bbox 491 4414 667 4466; x_wconf 88' lang='lat' dir='ltr'><strong>omnia</strong></span> <span class='ocrx_word' id='word_1_691' title='bbox 695 4430 811 4482; x_wconf 66' lang='lat' dir='ltr'><strong>quae</strong></span> <span class='ocrx_word' id='word_1_692' title='bbox 840 4414 1027 4467; x_wconf 79' lang='lat' dir='ltr'><strong>iuerint</strong></span> <span class='ocrx_word' id='word_1_693' title='bbox 1052 4414 1327 4482; x_wconf 74' lang='lat' dir='ltr'><strong>conjuncta</strong></span> <span class='ocrx_word' id='word_1_694' title='bbox 1354 4430 1471 4469; x_wconf 90' lang='lat' dir='ltr'><strong>cum</strong></span> <span class='ocrx_word' id='word_1_695' title='bbox 1500 4417 1653 4471; x_wconf 89' lang='lat' dir='ltr'><strong>rebus</strong></span> <span class='ocrx_word' id='word_1_696' title='bbox 1674 4418 1905 4485; x_wconf 74' lang='lat' dir='ltr'><strong>ejusdem</strong></span> <span class='ocrx_word' id='word_1_697' title='bbox 1932 4435 2042 4472; x_wconf 85' lang='lat' dir='ltr'><strong>mo-</strong></span> 
     </span>
    </p>
   </div>
   <div class='ocr_carea' id='block_1_92' title="bbox 490 4502 2042 4576">
    <p class='ocr_par' dir='ltr' id='par_1_92' title="bbox 490 4502 2042 4576">
     <span class='ocr_line' id='line_1_92' title="bbox 490 4502 2042 4576; baseline 0.003 -20"><span class='ocrx_word' id='word_1_698' title='bbox 490 4502 707 4556; x_wconf 85' lang='lat' dir='ltr'><strong>nasterii</strong></span> <span class='ocrx_word' id='word_1_699' title='bbox 730 4542 743 4565; x_wconf 89' lang='lat'><strong>,</strong></span> <span class='ocrx_word' id='word_1_700' title='bbox 770 4504 910 4556; x_wconf 85' lang='lat' dir='ltr'><strong>dono</strong></span> <span class='ocrx_word' id='word_1_701' title='bbox 938 4504 1106 4557; x_wconf 87' lang='lat' dir='ltr'><strong>eidem</strong></span> <span class='ocrx_word' id='word_1_702' title='bbox 1140 4514 1457 4561; x_wconf 83' lang='lat' dir='ltr'><strong>monasterio</strong></span> <span class='ocrx_word' id='word_1_703' title='bbox 1486 4520 1675 4561; x_wconf 73' lang='lat' dir='ltr'><strong>sanetae</strong></span> <span class='ocrx_word' id='word_1_704' title='bbox 1714 4508 1921 4576; x_wconf 72' lang='lat' dir='ltr'><strong>Sepma:</strong></span> <span class='ocrx_word' id='word_1_705' title='bbox 1960 4512 2042 4563; x_wconf 81' lang='lat' dir='ltr'><strong>illa</strong></span> 
     </span>
    </p>
   </div>
   <div class='ocr_carea' id='block_1_93' title="bbox 490 4595 2044 4663">
    <p class='ocr_par' dir='ltr' id='par_1_93' title="bbox 490 4595 2044 4663">
     <span class='ocr_line' id='line_1_93' title="bbox 490 4595 2044 4663; baseline 0.005 -16"><span class='ocrx_word' id='word_1_706' title='bbox 490 4595 847 4647; x_wconf 77' lang='lat' dir='ltr'><strong>coueeSsimns</strong></span> <span class='ocrx_word' id='word_1_707' title='bbox 890 4598 1201 4661; x_wconf 85' lang='lat' dir='ltr'><strong>possidenda</strong></span> <span class='ocrx_word' id='word_1_708' title='bbox 1245 4618 1255 4650; x_wconf 93' lang='lat'><strong>:</strong></span> <span class='ocrx_word' id='word_1_709' title='bbox 1301 4599 1394 4653; x_wconf 86' lang='lat' dir='ltr'><strong>sed</strong></span> <span class='ocrx_word' id='word_1_710' title='bbox 1431 4609 1483 4652; x_wconf 93' lang='lat' dir='ltr'><strong>et</strong></span> <span class='ocrx_word' id='word_1_711' title='bbox 1516 4601 1799 4663; x_wconf 87' lang='lat' dir='ltr'><strong>ecclesiam</strong></span> <span class='ocrx_word' id='word_1_712' title='bbox 1848 4607 2044 4654; x_wconf 63' lang='lat' dir='ltr'><strong>sanctae</strong></span> 
     </span>
    </p>
   </div>
   <div class='ocr_carea' id='block_1_94' title="bbox 495 4684 2043 4754">
    <p class='ocr_par' dir='ltr' id='par_1_94' title="bbox 495 4684 2043 4754">
     <span class='ocr_line' id='line_1_94' title="bbox 495 4684 2043 4754; baseline 0.004 -20"><span class='ocrx_word' id='word_1_713' title='bbox 495 4684 695 4747; x_wconf 65' lang='lat' dir='ltr'><strong>Olaritc,</strong></span> <span class='ocrx_word' id='word_1_714' title='bbox 721 4700 835 4751; x_wconf 69' lang='lat' dir='ltr'><strong>qum</strong></span> <span class='ocrx_word' id='word_1_715' title='bbox 857 4686 951 4735; x_wconf 83' lang='lat' dir='ltr'><strong>sita</strong></span> <span class='ocrx_word' id='word_1_716' title='bbox 982 4696 1061 4738; x_wconf 87' lang='lat' dir='ltr'><strong>est</strong></span> <span class='ocrx_word' id='word_1_717' title='bbox 1090 4687 1223 4739; x_wconf 90' lang='lat' dir='ltr'><strong>intra</strong></span> <span class='ocrx_word' id='word_1_718' title='bbox 1249 4686 1379 4739; x_wconf 88' lang='lat' dir='ltr'><strong>duas</strong></span> <span class='ocrx_word' id='word_1_719' title='bbox 1404 4688 1512 4740; x_wconf 90' lang='lat' dir='ltr'><strong>vias</strong></span> <span class='ocrx_word' id='word_1_720' title='bbox 1538 4686 1663 4742; x_wconf 80' lang='lat' dir='ltr'><strong>foris</strong></span> <span class='ocrx_word' id='word_1_721' title='bbox 1692 4698 1811 4741; x_wconf 87' lang='lat' dir='ltr'><strong>ante</strong></span> <span class='ocrx_word' id='word_1_722' title='bbox 1840 4697 2043 4754; x_wconf 84' lang='lat' dir='ltr'><strong>portam</strong></span> 
     </span>
    </p>
   </div>
   <div class='ocr_carea' id='block_1_95' title="bbox 490 4776 2043 4843">
    <p class='ocr_par' dir='ltr' id='par_1_95' title="bbox 490 4776 2043 4843">
     <span class='ocr_line' id='line_1_95' title="bbox 490 4776 2043 4843; baseline 0.002 -16"><span class='ocrx_word' id='word_1_723' title='bbox 490 4788 745 4827; x_wconf 77' lang='lat' dir='ltr'><strong>summam</strong></span> <span class='ocrx_word' id='word_1_724' title='bbox 774 4788 891 4825; x_wconf 90' lang='lat' dir='ltr'><strong>cum</strong></span> <span class='ocrx_word' id='word_1_725' title='bbox 940 4776 1142 4841; x_wconf 84' lang='lat' dir='ltr'><strong>propria</strong></span> <span class='ocrx_word' id='word_1_726' title='bbox 1174 4784 1321 4828; x_wconf 72' lang='lat' dir='ltr'><strong>&#39;terra</strong></span> <span class='ocrx_word' id='word_1_727' title='bbox 1360 4789 1474 4840; x_wconf 87' lang='lat' dir='ltr'><strong>sua,</strong></span> <span class='ocrx_word' id='word_1_728' title='bbox 1504 4792 1618 4843; x_wconf 72' lang='lat' dir='ltr'><strong>qum</strong></span> <span class='ocrx_word' id='word_1_729' title='bbox 1646 4778 1835 4830; x_wconf 90' lang='lat' dir='ltr'><strong>dicitur</strong></span> <span class='ocrx_word' id='word_1_730' title='bbox 1873 4777 2043 4831; x_wconf 82' lang='lat' dir='ltr'><strong>Denti-</strong></span> 
     </span>
    </p>
   </div>
   <div class='ocr_carea' id='block_1_96' title="bbox 494 4864 2041 4932">
    <p class='ocr_par' dir='ltr' id='par_1_96' title="bbox 494 4864 2041 4932">
     <span class='ocr_line' id='line_1_96' title="bbox 494 4864 2041 4932; baseline 0.003 -19"><span class='ocrx_word' id='word_1_731' title='bbox 494 4864 607 4914; x_wconf 88' lang='lat' dir='ltr'><strong>nica</strong></span> <span class='ocrx_word' id='word_1_732' title='bbox 634 4874 725 4928; x_wconf 85' lang='lat' dir='ltr'><strong>per</strong></span> <span class='ocrx_word' id='word_1_733' title='bbox 751 4864 845 4917; x_wconf 87' lang='lat' dir='ltr'><strong>hos</strong></span> <span class='ocrx_word' id='word_1_734' title='bbox 874 4864 1003 4915; x_wconf 83' lang='lat' dir='ltr'><strong>lines</strong></span> <span class='ocrx_word' id='word_1_735' title='bbox 1031 4864 1095 4916; x_wconf 89' lang='lat' dir='ltr'><strong>de</strong></span> <span class='ocrx_word' id='word_1_736' title='bbox 1119 4865 1286 4931; x_wconf 85' lang='lat' dir='ltr'><strong>capite</strong></span> <span class='ocrx_word' id='word_1_737' title='bbox 1309 4878 1471 4930; x_wconf 91' lang='lat' dir='ltr'><strong>usque</strong></span> <span class='ocrx_word' id='word_1_738' title='bbox 1492 4865 1554 4917; x_wconf 89' lang='lat' dir='ltr'><strong>ad</strong></span> <span class='ocrx_word' id='word_1_739' title='bbox 1585 4867 1745 4932; x_wconf 88' lang='lat' dir='ltr'><strong>ipsam</strong></span> <span class='ocrx_word' id='word_1_740' title='bbox 1768 4866 2041 4919; x_wconf 85' lang='lat' dir='ltr'><strong>ecclesiam</strong></span> 
     </span>
    </p>
   </div>
   <div class='ocr_carea' id='block_1_97' title="bbox 494 4952 2043 5018">
    <p class='ocr_par' dir='ltr' id='par_1_97' title="bbox 494 4952 2043 5018">
     <span class='ocr_line' id='line_1_97' title="bbox 494 4952 2043 5018; baseline 0.006 -19"><span class='ocrx_word' id='word_1_741' title='bbox 494 4952 652 5003; x_wconf 87' lang='lat' dir='ltr'><strong>habet</strong></span> <span class='ocrx_word' id='word_1_742' title='bbox 697 4965 881 5016; x_wconf 87' lang='lat' dir='ltr'><strong>passus</strong></span> <span class='ocrx_word' id='word_1_743' title='bbox 919 4952 1145 5004; x_wconf 71' lang='lat' dir='ltr'><strong>sederint</strong></span> <span class='ocrx_word' id='word_1_744' title='bbox 1178 4953 1242 5005; x_wconf 89' lang='lat' dir='ltr'><strong>de</strong></span> <span class='ocrx_word' id='word_1_745' title='bbox 1274 4968 1375 5005; x_wconf 93' lang='lat' dir='ltr'><strong>uno</strong></span> <span class='ocrx_word' id='word_1_746' title='bbox 1405 4953 1568 5005; x_wconf 87' lang='lat' dir='ltr'><strong>latere</strong></span> <span class='ocrx_word' id='word_1_747' title='bbox 1597 4954 1707 5018; x_wconf 91' lang='lat' dir='ltr'><strong>via,</strong></span> <span class='ocrx_word' id='word_1_748' title='bbox 1740 4963 1793 5008; x_wconf 89' lang='lat' dir='ltr'><strong>et</strong></span> <span class='ocrx_word' id='word_1_749' title='bbox 1830 4956 1895 5008; x_wconf 90' lang='lat' dir='ltr'><strong>de</strong></span> <span class='ocrx_word' id='word_1_750' title='bbox 1942 4955 2043 5008; x_wconf 90' lang='lat' dir='ltr'><strong>alio</strong></span> 
     </span>
    </p>
   </div>
   <div class='ocr_carea' id='block_1_98' title="bbox 492 5042 2043 5111">
    <p class='ocr_par' dir='ltr' id='par_1_98' title="bbox 492 5042 2043 5111">
     <span class='ocr_line' id='line_1_98' title="bbox 492 5042 2043 5111; baseline 0.005 -18"><span class='ocrx_word' id='word_1_751' title='bbox 492 5042 656 5099; x_wconf 87' lang='lat' dir='ltr'><strong>latere</strong></span> <span class='ocrx_word' id='word_1_752' title='bbox 698 5058 907 5109; x_wconf 88' lang='lat' dir='ltr'><strong>quoque</strong></span> <span class='ocrx_word' id='word_1_753' title='bbox 946 5044 1024 5095; x_wconf 89' lang='lat' dir='ltr'><strong>via</strong></span> <span class='ocrx_word' id='word_1_754' title='bbox 1073 5046 1327 5111; x_wconf 86' lang='lat' dir='ltr'><strong>integrum</strong></span> <span class='ocrx_word' id='word_1_755' title='bbox 1367 5045 1681 5099; x_wconf 88' lang='lat' dir='ltr'><strong>monasterio</strong></span> <span class='ocrx_word' id='word_1_756' title='bbox 1718 5058 1909 5099; x_wconf 72' lang='lat' dir='ltr'><strong>sanctae</strong></span> <span class='ocrx_word' id='word_1_757' title='bbox 1946 5048 2043 5100; x_wconf 79' lang='lat' dir='ltr'><strong>So-</strong></span> 
     </span>
    </p>
   </div>
   <div class='ocr_carea' id='block_1_99' title="bbox 493 5136 2041 5202">
    <p class='ocr_par' dir='ltr' id='par_1_99' title="bbox 493 5136 2041 5202">
     <span class='ocr_line' id='line_1_99' title="bbox 493 5136 2041 5202; baseline 0.004 -17"><span class='ocrx_word' id='word_1_758' title='bbox 493 5136 625 5202; x_wconf 77' lang='lat' dir='ltr'><strong>phize</strong></span> <span class='ocrx_word' id='word_1_759' title='bbox 656 5136 1010 5189; x_wconf 87' lang='lat' dir='ltr'><strong>concessimus</strong></span> <span class='ocrx_word' id='word_1_760' title='bbox 1049 5136 1421 5202; x_wconf 70' lang='lat' dir='ltr'><strong>possidendum</strong></span> <span class='ocrx_word' id='word_1_761' title='bbox 1459 5156 1469 5189; x_wconf 90' lang='lat'>:</span> <span class='ocrx_word' id='word_1_762' title='bbox 1504 5152 1739 5202; x_wconf 85' lang='lat' dir='ltr'><strong>necnon,</strong></span> <span class='ocrx_word' id='word_1_763' title='bbox 1781 5148 1832 5191; x_wconf 88' lang='lat' dir='ltr'><strong>et</strong></span> <span class='ocrx_word' id='word_1_764' title='bbox 1874 5140 2041 5191; x_wconf 69' lang='lat' dir='ltr'><strong>cccle-</strong></span> 
     </span>
    </p>
   </div>
   <div class='ocr_carea' id='block_1_100' title="bbox 491 5226 2037 5291">
    <p class='ocr_par' dir='ltr' id='par_1_100' title="bbox 491 5226 2037 5291">
     <span class='ocr_line' id='line_1_100' title="bbox 491 5226 2037 5291; baseline 0.004 -16"><span class='ocrx_word' id='word_1_765' title='bbox 491 5227 622 5277; x_wconf 77' lang='lat' dir='ltr'><strong>sium</strong></span> <span class='ocrx_word' id='word_1_766' title='bbox 652 5241 759 5279; x_wconf 78' lang='lat' dir='ltr'><strong>sani</strong></span> <span class='ocrx_word' id='word_1_767' title='bbox 779 5229 814 5278; x_wconf 92' lang='lat' dir='ltr'><strong>ti</strong></span> <span class='ocrx_word' id='word_1_768' title='bbox 848 5226 1075 5289; x_wconf 73' lang='lat' dir='ltr'><strong>Martini,</strong></span> <span class='ocrx_word' id='word_1_769' title='bbox 1106 5242 1223 5291; x_wconf 72' lang='lat' dir='ltr'><strong>qnie</strong></span> <span class='ocrx_word' id='word_1_770' title='bbox 1256 5228 1304 5279; x_wconf 91' lang='lat' dir='ltr'><strong>in</strong></span> <span class='ocrx_word' id='word_1_771' title='bbox 1334 5227 1522 5281; x_wconf 85' lang='lat' dir='ltr'><strong>Matulo</strong></span> <span class='ocrx_word' id='word_1_772' title='bbox 1550 5227 1647 5279; x_wconf 85' lang='lat' dir='ltr'><strong>sita</strong></span> <span class='ocrx_word' id='word_1_773' title='bbox 1670 5235 1750 5278; x_wconf 86' lang='lat' dir='ltr'><strong>est</strong></span> <span class='ocrx_word' id='word_1_774' title='bbox 1778 5242 1892 5282; x_wconf 83' lang='lat' dir='ltr'><strong>cum</strong></span> <span class='ocrx_word' id='word_1_775' title='bbox 1922 5245 2037 5281; x_wconf 88' lang='lat' dir='ltr'><strong>om-</strong></span> 
     </span>
    </p>
   </div>
   <div class='ocr_carea' id='block_1_101' title="bbox 492 5317 2039 5385">
    <p class='ocr_par' dir='ltr' id='par_1_101' title="bbox 492 5317 2039 5385">
     <span class='ocr_line' id='line_1_101' title="bbox 492 5317 2039 5385; baseline 0 -16"><span class='ocrx_word' id='word_1_776' title='bbox 492 5320 644 5369; x_wconf 84' lang='lat' dir='ltr'><strong>nibus</strong></span> <span class='ocrx_word' id='word_1_777' title='bbox 671 5318 779 5370; x_wconf 88' lang='lat' dir='ltr'><strong>suis</strong></span> <span class='ocrx_word' id='word_1_778' title='bbox 810 5319 1084 5382; x_wconf 88' lang='lat' dir='ltr'><strong>rcditibns,</strong></span> <span class='ocrx_word' id='word_1_779' title='bbox 1112 5317 1431 5370; x_wconf 88' lang='lat' dir='ltr'><strong>monasterio</strong></span> <span class='ocrx_word' id='word_1_780' title='bbox 1460 5326 1654 5370; x_wconf 73' lang='lat' dir='ltr'><strong>sanctm</strong></span> <span class='ocrx_word' id='word_1_781' title='bbox 1678 5317 1886 5385; x_wconf 77' lang='lat' dir='ltr'><strong>Sophia:</strong></span> <span class='ocrx_word' id='word_1_782' title='bbox 1916 5333 2039 5371; x_wconf 87' lang='lat' dir='ltr'><strong>con-</strong></span> 
     </span>
    </p>
   </div>
   <div class='ocr_carea' id='block_1_102' title="bbox 492 5407 2037 5475">
    <p class='ocr_par' dir='ltr' id='par_1_102' title="bbox 492 5407 2037 5475">
     <span class='ocr_line' id='line_1_102' title="bbox 492 5407 2037 5475; baseline 0.002 -18"><span class='ocrx_word' id='word_1_783' title='bbox 492 5407 741 5459; x_wconf 77' lang='lat' dir='ltr'><strong>cessimus</strong></span> <span class='ocrx_word' id='word_1_784' title='bbox 773 5426 782 5457; x_wconf 93' lang='lat'>:</span> <span class='ocrx_word' id='word_1_785' title='bbox 812 5409 903 5459; x_wconf 81' lang='lat' dir='ltr'><strong>sed</strong></span> <span class='ocrx_word' id='word_1_786' title='bbox 944 5416 996 5461; x_wconf 84' lang='lat' dir='ltr'><strong>et</strong></span> <span class='ocrx_word' id='word_1_787' title='bbox 1038 5409 1201 5475; x_wconf 83' lang='lat' dir='ltr'><strong>ipsam</strong></span> <span class='ocrx_word' id='word_1_788' title='bbox 1232 5418 1431 5461; x_wconf 85' lang='lat' dir='ltr'><strong>cortem</strong></span> <span class='ocrx_word' id='word_1_789' title='bbox 1474 5416 1733 5471; x_wconf 84' lang='lat' dir='ltr'><strong>nostram,</strong></span> <span class='ocrx_word' id='word_1_790' title='bbox 1769 5420 1907 5473; x_wconf 74' lang='lat' dir='ltr'><strong>prata</strong></span> <span class='ocrx_word' id='word_1_791' title='bbox 1930 5450 1946 5473; x_wconf 88' lang='lat'><strong>,</strong></span> <span class='ocrx_word' id='word_1_792' title='bbox 1989 5409 2037 5461; x_wconf 89' lang='lat' dir='ltr'><strong>in</strong></span> 
     </span>
    </p>
   </div>
   <div class='ocr_carea' id='block_1_103' title="bbox 489 5496 2037 5570">
    <p class='ocr_par' dir='ltr' id='par_1_103' title="bbox 489 5496 2037 5570">
     <span class='ocr_line' id='line_1_103' title="bbox 489 5496 2037 5570; baseline 0.004 -19"><span class='ocrx_word' id='word_1_793' title='bbox 489 5496 604 5556; x_wconf 83' lang='lat' dir='ltr'><strong>loco</strong></span> <span class='ocrx_word' id='word_1_794' title='bbox 646 5501 733 5565; x_wconf 90' lang='lat' dir='ltr'><strong>qui</strong></span> <span class='ocrx_word' id='word_1_795' title='bbox 784 5501 1019 5553; x_wconf 71' lang='lat' dir='ltr'><strong>l’azzano</strong></span> <span class='ocrx_word' id='word_1_796' title='bbox 1055 5501 1276 5567; x_wconf 87' lang='lat' dir='ltr'><strong>dicitur,</strong></span> <span class='ocrx_word' id='word_1_797' title='bbox 1310 5515 1429 5555; x_wconf 91' lang='lat' dir='ltr'><strong>cum</strong></span> <span class='ocrx_word' id='word_1_798' title='bbox 1470 5501 1581 5570; x_wconf 87' lang='lat' dir='ltr'><strong>ipsa</strong></span> <span class='ocrx_word' id='word_1_799' title='bbox 1621 5503 1842 5555; x_wconf 88' lang='lat' dir='ltr'><strong>ecclesia</strong></span> <span class='ocrx_word' id='word_1_800' title='bbox 1872 5505 2037 5557; x_wconf 83' lang='lat' dir='ltr'><strong>sancti</strong></span> 
     </span>
    </p>
   </div>
   <div class='ocr_carea' id='block_1_104' title="bbox 562 5610 1909 5671">
    <p class='ocr_par' dir='ltr' id='par_1_104' title="bbox 562 5610 1909 5671">
     <span class='ocr_line' id='line_1_104' title="bbox 562 5610 1909 5671; baseline 0.003 -6"><span class='ocrx_word' id='word_1_801' title='bbox 562 5625 582 5649; x_wconf 80' lang='grc' dir='ltr'>υ</span> <span class='ocrx_word' id='word_1_802' title='bbox 627 5610 779 5666; x_wconf 86' lang='lat' dir='ltr'><strong>Forte</strong></span> <span class='ocrx_word' id='word_1_803' title='bbox 812 5612 893 5669; x_wconf 74' lang='lat' dir='ltr'><strong>lii;-</strong></span> <span class='ocrx_word' id='word_1_804' title='bbox 925 5615 1114 5670; x_wconf 88' lang='lat' dir='ltr'><strong>lineam</strong></span> <span class='ocrx_word' id='word_1_805' title='bbox 1146 5615 1313 5671; x_wconf 78' lang='lat' dir='ltr'><strong>OllllSll</strong></span> <span class='ocrx_word' id='word_1_806' title='bbox 1344 5616 1627 5670; x_wconf 87' lang='lat' dir='ltr'><strong>dormitans</strong></span> <span class='ocrx_word' id='word_1_807' title='bbox 1662 5619 1909 5671; x_wconf 68' lang='lat' dir='ltr'><strong>notarius.</strong></span> 
     </span>
    </p>
   </div>
   <div class='ocr_carea' id='block_1_105' title="bbox 2146 4402 3650 4478">
    <p class='ocr_par' dir='ltr' id='par_1_105' title="bbox 2146 4402 3650 4478">
     <span class='ocr_line' id='line_1_105' title="bbox 2146 4402 3650 4478; baseline 0.003 -23"><span class='ocrx_word' id='word_1_808' title='bbox 2146 4404 2188 4456; x_wconf 88' lang='lat' dir='ltr'><strong>si</strong></span> <span class='ocrx_word' id='word_1_809' title='bbox 2238 4402 2344 4471; x_wconf 86' lang='lat' dir='ltr'><strong>jam</strong></span> <span class='ocrx_word' id='word_1_810' title='bbox 2398 4403 2530 4458; x_wconf 91' lang='lat' dir='ltr'><strong>dicta</strong></span> <span class='ocrx_word' id='word_1_811' title='bbox 2580 4405 2682 4457; x_wconf 88' lang='lat' dir='ltr'><strong>ﬁlia</strong></span> <span class='ocrx_word' id='word_1_812' title='bbox 2736 4422 2847 4459; x_wconf 84' lang='lat' dir='ltr'><strong>utea</strong></span> <span class='ocrx_word' id='word_1_813' title='bbox 2883 4408 3094 4461; x_wconf 87' lang='lat' dir='ltr'><strong>voluere</strong></span> <span class='ocrx_word' id='word_1_814' title='bbox 3135 4425 3253 4461; x_wconf 86' lang='lat' dir='ltr'><strong>cum</strong></span> <span class='ocrx_word' id='word_1_815' title='bbox 3292 4412 3529 4478; x_wconf 73' lang='lat' dir='ltr'><strong>genitrire</strong></span> <span class='ocrx_word' id='word_1_816' title='bbox 3565 4425 3650 4461; x_wconf 70' lang='lat' dir='ltr'><strong>me:</strong></span> 
     </span>
    </p>
   </div>
   <div class='ocr_carea' id='block_1_106' title="bbox 2147 4495 3649 4566">
    <p class='ocr_par' dir='ltr' id='par_1_106' title="bbox 2147 4495 3649 4566">
     <span class='ocr_line' id='line_1_106' title="bbox 2147 4495 3649 4566; baseline 0 -19"><span class='ocrx_word' id='word_1_817' title='bbox 2147 4495 2361 4561; x_wconf 87' lang='lat' dir='ltr'><strong>Muntia,</strong></span> <span class='ocrx_word' id='word_1_818' title='bbox 2385 4503 2540 4563; x_wconf 89' lang='lat' dir='ltr'><strong>atque</strong></span> <span class='ocrx_word' id='word_1_819' title='bbox 2568 4497 2787 4563; x_wconf 77' lang='lat' dir='ltr'><strong>Coniuge</strong></span> <span class='ocrx_word' id='word_1_820' title='bbox 2815 4512 2929 4549; x_wconf 89' lang='lat' dir='ltr'><strong>mea</strong></span> <span class='ocrx_word' id='word_1_821' title='bbox 2959 4496 3300 4563; x_wconf 76' lang='lat' dir='ltr'><strong>l’ersedrada,</strong></span> <span class='ocrx_word' id='word_1_822' title='bbox 3331 4514 3419 4552; x_wconf 89' lang='lat' dir='ltr'><strong>sco</strong></span> <span class='ocrx_word' id='word_1_823' title='bbox 3444 4514 3649 4566; x_wconf 78' lang='lat' dir='ltr'><strong>germana</strong></span> 
     </span>
    </p>
   </div>
   <div class='ocr_carea' id='block_1_107' title="bbox 2146 4584 3649 4653">
    <p class='ocr_par' dir='ltr' id='par_1_107' title="bbox 2146 4584 3649 4653">
     <span class='ocr_line' id='line_1_107' title="bbox 2146 4584 3649 4653; baseline 0.004 -18"><span class='ocrx_word' id='word_1_824' title='bbox 2146 4599 2257 4640; x_wconf 83' lang='lat' dir='ltr'><strong>mea</strong></span> <span class='ocrx_word' id='word_1_825' title='bbox 2291 4584 2536 4652; x_wconf 81' lang='lat' dir='ltr'><strong>ltatperta</strong></span> <span class='ocrx_word' id='word_1_826' title='bbox 2569 4588 2617 4637; x_wconf 92' lang='lat' dir='ltr'><strong>in</strong></span> <span class='ocrx_word' id='word_1_827' title='bbox 2651 4587 2819 4653; x_wconf 86' lang='lat' dir='ltr'><strong>ipsum</strong></span> <span class='ocrx_word' id='word_1_828' title='bbox 2853 4592 3171 4643; x_wconf 89' lang='lat' dir='ltr'><strong>monasterio</strong></span> <span class='ocrx_word' id='word_1_829' title='bbox 3201 4604 3320 4644; x_wconf 86' lang='lat' dir='ltr'><strong>meo</strong></span> <span class='ocrx_word' id='word_1_830' title='bbox 3346 4590 3589 4643; x_wconf 81' lang='lat' dir='ltr'><strong>deservire</strong></span> <span class='ocrx_word' id='word_1_831' title='bbox 3614 4589 3649 4641; x_wconf 83' lang='lat' dir='ltr'><strong>iu</strong></span> 
     </span>
    </p>
   </div>
   <div class='ocr_carea' id='block_1_108' title="bbox 2146 4677 3649 4749">
    <p class='ocr_par' dir='ltr' id='par_1_108' title="bbox 2146 4677 3649 4749">
     <span class='ocr_line' id='line_1_108' title="bbox 2146 4677 3649 4749; baseline 0.003 -20"><span class='ocrx_word' id='word_1_832' title='bbox 2146 4677 2404 4733; x_wconf 82' lang='lat' dir='ltr'><strong>nndocliio</strong></span> <span class='ocrx_word' id='word_1_833' title='bbox 2443 4677 2572 4747; x_wconf 77' lang='lat' dir='ltr'><strong>[lege</strong></span> <span class='ocrx_word' id='word_1_834' title='bbox 2604 4678 2947 4745; x_wconf 71' lang='lat' dir='ltr'><strong>xenudochio]</strong></span> <span class='ocrx_word' id='word_1_835' title='bbox 2977 4694 3171 4745; x_wconf 81' lang='lat' dir='ltr'><strong>egenos</strong></span> <span class='ocrx_word' id='word_1_836' title='bbox 3202 4682 3281 4737; x_wconf 78' lang='lat' dir='ltr'><strong>vel</strong></span> <span class='ocrx_word' id='word_1_837' title='bbox 3313 4695 3550 4749; x_wconf 75' lang='lat' dir='ltr'><strong>pauperes</strong></span> <span class='ocrx_word' id='word_1_838' title='bbox 3583 4695 3649 4734; x_wconf 84' lang='lat' dir='ltr'><strong>re-</strong></span> 
     </span>
    </p>
   </div>
   <div class='ocr_carea' id='block_1_109' title="bbox 2143 4770 3652 4839">
    <p class='ocr_par' dir='ltr' id='par_1_109' title="bbox 2143 4770 3652 4839">
     <span class='ocr_line' id='line_1_109' title="bbox 2143 4770 3652 4839; baseline -0.001 -18"><span class='ocrx_word' id='word_1_839' title='bbox 2143 4770 2437 4836; x_wconf 62' lang='lat' dir='ltr'><strong>cipiendum</strong></span> <span class='ocrx_word' id='word_1_840' title='bbox 2460 4808 2474 4830; x_wconf 87' lang='lat'><strong>,</strong></span> <span class='ocrx_word' id='word_1_841' title='bbox 2509 4780 2559 4820; x_wconf 89' lang='lat' dir='ltr'><strong>et</strong></span> <span class='ocrx_word' id='word_1_842' title='bbox 2588 4770 2873 4821; x_wconf 80' lang='lat' dir='ltr'><strong>cletnosina</strong></span> <span class='ocrx_word' id='word_1_843' title='bbox 2906 4770 3235 4831; x_wconf 73' lang='lat' dir='ltr'><strong>tribuendum</strong></span> <span class='ocrx_word' id='word_1_844' title='bbox 3258 4811 3273 4837; x_wconf 87' lang='lat'><strong>,</strong></span> <span class='ocrx_word' id='word_1_845' title='bbox 3314 4782 3365 4824; x_wconf 90' lang='lat' dir='ltr'><strong>et</strong></span> <span class='ocrx_word' id='word_1_846' title='bbox 3397 4784 3652 4839; x_wconf 75' lang='lat' dir='ltr'><strong>governm-</strong></span> 
     </span>
    </p>
   </div>
   <div class='ocr_carea' id='block_1_110' title="bbox 2144 4846 3650 4927">
    <p class='ocr_par' dir='ltr' id='par_1_110' title="bbox 2144 4846 3650 4927">
     <span class='ocr_line' id='line_1_110' title="bbox 2144 4846 3650 4927; baseline 0.002 -19"><span class='ocrx_word' id='word_1_847' title='bbox 2144 4862 2265 4911; x_wconf 85' lang='lat' dir='ltr'><strong>dnm</strong></span> <span class='ocrx_word' id='word_1_848' title='bbox 2296 4874 2385 4927; x_wconf 88' lang='lat' dir='ltr'><strong>per</strong></span> <span class='ocrx_word' id='word_1_849' title='bbox 2414 4858 2688 4911; x_wconf 62' lang='lat' dir='ltr'><strong>cbtlutnnta</strong></span> <span class='ocrx_word' id='word_1_850' title='bbox 2726 4874 2825 4911; x_wconf 85' lang='lat' dir='ltr'><strong>una</strong></span> <span class='ocrx_word' id='word_1_851' title='bbox 2860 4846 3114 4927; x_wconf 79' lang='lat' dir='ltr'><strong>pauperes</strong></span> <span class='ocrx_word' id='word_1_852' title='bbox 3145 4861 3227 4913; x_wconf 90' lang='lat' dir='ltr'><strong>vel</strong></span> <span class='ocrx_word' id='word_1_853' title='bbox 3257 4862 3542 4927; x_wconf 67' lang='lat' dir='ltr'><strong>peregrinas</strong></span> <span class='ocrx_word' id='word_1_854' title='bbox 3562 4858 3650 4911; x_wconf 43' lang='lat' dir='ltr'><strong>ani.</strong></span> 
     </span>
    </p>
   </div>
   <div class='ocr_carea' id='block_1_111' title="bbox 2145 4951 3645 5017">
    <p class='ocr_par' dir='ltr' id='par_1_111' title="bbox 2145 4951 3645 5017">
     <span class='ocr_line' id='line_1_111' title="bbox 2145 4951 3645 5017; baseline 0.003 -19"><span class='ocrx_word' id='word_1_855' title='bbox 2145 4963 2274 5009; x_wconf 82' lang='lat' dir='ltr'><strong>mas,</strong></span> <span class='ocrx_word' id='word_1_856' title='bbox 2320 4958 2370 5001; x_wconf 86' lang='lat' dir='ltr'><strong>ct</strong></span> <span class='ocrx_word' id='word_1_857' title='bbox 2416 4964 2515 5001; x_wconf 82' lang='lat' dir='ltr'><strong>una</strong></span> <span class='ocrx_word' id='word_1_858' title='bbox 2556 4964 2670 5000; x_wconf 82' lang='lat' dir='ltr'><strong>Cum</strong></span> <span class='ocrx_word' id='word_1_859' title='bbox 2719 4951 2979 5003; x_wconf 80' lang='lat' dir='ltr'><strong>dominico</strong></span> <span class='ocrx_word' id='word_1_860' title='bbox 3024 4952 3215 5004; x_wconf 82' lang='lat' dir='ltr'><strong>abbate</strong></span> <span class='ocrx_word' id='word_1_861' title='bbox 3262 4961 3479 5013; x_wconf 86' lang='lat' dir='ltr'><strong>rectore,</strong></span> <span class='ocrx_word' id='word_1_862' title='bbox 3518 4963 3645 5017; x_wconf 83' lang='lat' dir='ltr'><strong>quem</strong></span> 
     </span>
    </p>
   </div>
   <div class='ocr_carea' id='block_1_112' title="bbox 2145 5038 3648 5105">
    <p class='ocr_par' dir='ltr' id='par_1_112' title="bbox 2145 5038 3648 5105">
     <span class='ocr_line' id='line_1_112' title="bbox 2145 5038 3648 5105; baseline -0.001 -16"><span class='ocrx_word' id='word_1_863' title='bbox 2145 5038 2266 5092; x_wconf 90' lang='lat' dir='ltr'><strong>inibi</strong></span> <span class='ocrx_word' id='word_1_864' title='bbox 2296 5041 2537 5092; x_wconf 84' lang='lat' dir='ltr'><strong>ordinare</strong></span> <span class='ocrx_word' id='word_1_865' title='bbox 2570 5038 2799 5105; x_wconf 74' lang='lat' dir='ltr'><strong>previdi;</strong></span> <span class='ocrx_word' id='word_1_866' title='bbox 2831 5039 3026 5099; x_wconf 89' lang='lat' dir='ltr'><strong>omnia,</strong></span> <span class='ocrx_word' id='word_1_867' title='bbox 3057 5047 3107 5090; x_wconf 89' lang='lat' dir='ltr'><strong>ut</strong></span> <span class='ocrx_word' id='word_1_868' title='bbox 3138 5040 3272 5100; x_wconf 81' lang='lat' dir='ltr'><strong>dixi,</strong></span> <span class='ocrx_word' id='word_1_869' title='bbox 3305 5039 3353 5091; x_wconf 92' lang='lat' dir='ltr'><strong>in</strong></span> <span class='ocrx_word' id='word_1_870' title='bbox 3382 5053 3467 5093; x_wconf 79' lang='lat' dir='ltr'><strong>sua</strong></span> <span class='ocrx_word' id='word_1_871' title='bbox 3495 5038 3648 5091; x_wconf 82' lang='lat' dir='ltr'><strong>habeat</strong></span> 
     </span>
    </p>
   </div>
   <div class='ocr_carea' id='block_1_113' title="bbox 2144 5127 3648 5196">
    <p class='ocr_par' dir='ltr' id='par_1_113' title="bbox 2144 5127 3648 5196">
     <span class='ocr_line' id='line_1_113' title="bbox 2144 5127 3648 5196; baseline 0.001 -19"><span class='ocrx_word' id='word_1_872' title='bbox 2144 5140 2396 5196; x_wconf 90' lang='lat' dir='ltr'><strong>potestate</strong></span> <span class='ocrx_word' id='word_1_873' title='bbox 2443 5131 2758 5196; x_wconf 70' lang='lat' dir='ltr'><strong>regendum,</strong></span> <span class='ocrx_word' id='word_1_874' title='bbox 2816 5130 3158 5185; x_wconf 84' lang='lat' dir='ltr'><strong>elemosinam</strong></span> <span class='ocrx_word' id='word_1_875' title='bbox 3210 5130 3558 5193; x_wconf 86' lang='lat' dir='ltr'><strong>tribuendum,</strong></span> <span class='ocrx_word' id='word_1_876' title='bbox 3596 5127 3648 5179; x_wconf 85' lang='lat' dir='ltr'><strong>de</strong></span> 
     </span>
    </p>
   </div>
   <div class='ocr_carea' id='block_1_114' title="bbox 2142 5219 3645 5289">
    <p class='ocr_par' dir='ltr' id='par_1_114' title="bbox 2142 5219 3645 5289">
     <span class='ocr_line' id='line_1_114' title="bbox 2142 5219 3645 5289; baseline -0.003 -16"><span class='ocrx_word' id='word_1_877' title='bbox 2142 5222 2328 5289; x_wconf 83' lang='lat' dir='ltr'><strong>quibus</strong></span> <span class='ocrx_word' id='word_1_878' title='bbox 2374 5223 2495 5275; x_wconf 85' lang='lat' dir='ltr'><strong>inibi</strong></span> <span class='ocrx_word' id='word_1_879' title='bbox 2539 5223 2780 5274; x_wconf 88' lang='lat' dir='ltr'><strong>dominus</strong></span> <span class='ocrx_word' id='word_1_880' title='bbox 2825 5220 3127 5277; x_wconf 86' lang='lat' dir='ltr'><strong>condooare</strong></span> <span class='ocrx_word' id='word_1_881' title='bbox 3165 5221 3403 5289; x_wconf 80' lang='lat' dir='ltr'><strong>dignatus</strong></span> <span class='ocrx_word' id='word_1_882' title='bbox 3439 5219 3574 5272; x_wconf 83' lang='lat' dir='ltr'><strong>luerit</strong></span> <span class='ocrx_word' id='word_1_883' title='bbox 3606 5225 3645 5268; x_wconf 83' lang='lat' dir='ltr'><strong>et</strong></span> 
     </span>
    </p>
   </div>
   <div class='ocr_carea' id='block_1_115' title="bbox 2143 5308 3646 5383">
    <p class='ocr_par' dir='ltr' id='par_1_115' title="bbox 2143 5308 3646 5383">
     <span class='ocr_line' id='line_1_115' title="bbox 2143 5308 3646 5383; baseline -0.005 -16"><span class='ocrx_word' id='word_1_884' title='bbox 2143 5330 2237 5383; x_wconf 89' lang='lat' dir='ltr'><strong>pro</strong></span> <span class='ocrx_word' id='word_1_885' title='bbox 2264 5316 2449 5369; x_wconf 85' lang='lat' dir='ltr'><strong>anima&#39;</strong></span> <span class='ocrx_word' id='word_1_886' title='bbox 2472 5328 2585 5369; x_wconf 87' lang='lat' dir='ltr'><strong>mea</strong></span> <span class='ocrx_word' id='word_1_887' title='bbox 2611 5323 2819 5382; x_wconf 82' lang='lat' dir='ltr'><strong>gravata</strong></span> <span class='ocrx_word' id='word_1_888' title='bbox 2854 5312 3166 5379; x_wconf 88' lang='lat' dir='ltr'><strong>ponderibus</strong></span> <span class='ocrx_word' id='word_1_889' title='bbox 3193 5311 3415 5381; x_wconf 89' lang='lat' dir='ltr'><strong>peccatis</strong></span> <span class='ocrx_word' id='word_1_890' title='bbox 3440 5311 3555 5365; x_wconf 85' lang='lat' dir='ltr'><strong>meis</strong></span> <span class='ocrx_word' id='word_1_891' title='bbox 3578 5308 3646 5361; x_wconf 84' lang='lat' dir='ltr'><strong>die</strong></span> 
     </span>
    </p>
   </div>
   <div class='ocr_carea' id='block_1_116' title="bbox 2142 5403 3643 5475">
    <p class='ocr_par' dir='ltr' id='par_1_116' title="bbox 2142 5403 3643 5475">
     <span class='ocr_line' id='line_1_116' title="bbox 2142 5403 3643 5475; baseline -0.006 -17"><span class='ocrx_word' id='word_1_892' title='bbox 2142 5416 2401 5475; x_wconf 79' lang='lat' dir='ltr'><strong>noetuque</strong></span> <span class='ocrx_word' id='word_1_893' title='bbox 2430 5404 2840 5472; x_wconf 87' lang='lat' dir='ltr'><strong>omnipotentem</strong></span> <span class='ocrx_word' id='word_1_894' title='bbox 2876 5403 3181 5468; x_wconf 89' lang='lat' dir='ltr'><strong>Dominum,</strong></span> <span class='ocrx_word' id='word_1_895' title='bbox 3222 5411 3277 5457; x_wconf 89' lang='lat' dir='ltr'><strong>et</strong></span> <span class='ocrx_word' id='word_1_896' title='bbox 3303 5403 3522 5472; x_wconf 78' lang='lat' dir='ltr'><strong>ejusdem</strong></span> <span class='ocrx_word' id='word_1_897' title='bbox 3549 5413 3643 5451; x_wconf 78' lang='lat' dir='ltr'><strong>oui-</strong></span> 
     </span>
    </p>
   </div>
   <div class='ocr_carea' id='block_1_117' title="bbox 2141 5488 3642 5565">
    <p class='ocr_par' dir='ltr' id='par_1_117' title="bbox 2141 5488 3642 5565">
     <span class='ocr_line' id='line_1_117' title="bbox 2141 5488 3642 5565; baseline -0.006 -14"><span class='ocrx_word' id='word_1_898' title='bbox 2141 5496 2421 5565; x_wconf 86' lang='lat' dir='ltr'><strong>nipotcntis</strong></span> <span class='ocrx_word' id='word_1_899' title='bbox 2473 5495 2675 5551; x_wconf 66' lang='lat' dir='ltr'><strong>Domini</strong></span> <span class='ocrx_word' id='word_1_900' title='bbox 2730 5494 2981 5563; x_wconf 78' lang='lat' dir='ltr'><strong>genitrice</strong></span> <span class='ocrx_word' id='word_1_901' title='bbox 3028 5493 3221 5561; x_wconf 76' lang='lat' dir='ltr'><strong>Maria,</strong></span> <span class='ocrx_word' id='word_1_902' title='bbox 3274 5496 3352 5550; x_wconf 88' lang='lat' dir='ltr'><strong>vel</strong></span> <span class='ocrx_word' id='word_1_903' title='bbox 3398 5488 3642 5549; x_wconf 78' lang='lat' dir='ltr'><strong>beatissimi</strong></span> 
     </span>
    </p>
   </div>
  </div>
