3820 6236
173 439 288 498 M29

1208 431 1588 522 Dll’LObltt'l‘A
1630 429 1905 486 ECCIJSS.
1949 431 2267 486 SELECTA.

3201 435 3332 487 133')

171 551 313 608 sancti
339 546 490 609 Petri,
517 554 571 599 et
600 544 744 598 Pauli
772 559 863 598 seu
886 543 1143 597 Anastasii
1172 543 1348 596 iuc....
1383 541 1534 594 nimis
1565 554 1684 607 pec-
1714 542 1760 598 Δ
1785 543 2042 608 voluerit,
2089 542 2177 608 qui
2228 539 2352 594 inivi
2398 539 2554 593 fuerit
2595 539 2894 606 ordinatus,
2945 549 2999 593 ct
3048 540 3222 596 nullus
3268 545 3334 599 de

171 654 295 697 eatur
319 639 379 690 de
407 634 628 687 vinculis
667 648 916 700 penarum
946 633 1152 698 etipere
1181 633 1443 697 dignetur,
1470 639 1524 684 et
1551 630 1686 683 inter

172 728 359 790 sanctis,
386 735 435 779 ct
473 723 656 778 electis
687 723 796 775 suis
836 722 1004 788 aliqua
1045 735 1190 787 parte
1231 723 1306 773 vel
1343 721 1567 772 societas
1597 719 1686 771 tri-

175 821 311 872 buere
345 809 542 884 j'ubeas,
590 813 709 880 quia
753 813 1004 880 scriptum
1049 821 1128 866 est
1171 826 1262 878 per
1300 811 1588 878 eloquium,
1635 819 1688 864 et

174 901 576 959 ministrationem
609 898 817 952 Domini
845 899 1007 950 nostri
1042 897 1164 951 Jcsu
1196 895 1420 958 Christi,
1455 895 1614 949 Petita
1639 907 1688 949 et

172 993 345 1045 labitur
369 990 524 1053 nobis,
554 988 747 1057 querite
785 998 830 1040 et
882 987 1156 1042 invenietis.
1193 986 1293 1041 Pro
1322 987 1438 1040 ideo
1467 974 1563 1055 ego
1591 987 1687 1040 mi-

172 1100 264 1149 ser,
305 1093 352 1137 et
403 1081 623 1135 nimium
673 1088 914 1148 peccator
959 1079 1190 1131 creditus
1241 1080 1291 1132 in
1340 1079 1453 1145 ejus
1503 1092 1688 1148 magna

171 1171 514 1234 misericordia,
559 1169 648 1238 qui
691 1178 769 1222 est
818 1168 932 1234 pius
979 1166 1245 1232 Dominus,
1287 1182 1348 1221 ac
1393 1167 1690 1235 redemptor

169 1262 373 1313 ouinium
402 1261 496 1314 celi
524 1269 578 1312 et
607 1270 767 1318 terre,
799 1257 865 1310 de
903 1257 1175 1324 parvitatis
1211 1270 1325 1310 mea
1355 1258 1575 1312 terrenis
1601 1257 1690 1310 tri-

171 1351 402 1404 buendum
439 1349 504 1402 ad
534 1348 644 1416 ipsa
685 1359 866 1400 sancta
897 1349 1088 1400 virtute
1131 1345 1358 1401 nominis
1400 1346 1685 1400 beatissimi

170 1438 316 1492 sancti
342 1438 495 1504 Petri,
522 1447 576 1492 et
605 1435 747 1488 Pauli
765 1450 903 1499 ,seu
939 1433 1196 1488 Anastasii
1227 1436 1420 1489 celeste
1447 1435 1690 1503 gaudium

169 1527 361 1593 coniuge
406 1538 518 1578 mea
560 1523 843 1577 Perterada
886 1523 1100 1575 carnale
1140 1521 1266 1575 vitio
1306 1520 1460 1577 fuerit
1498 1537 1687 1577 conse-

170 1629 274 1668 eota
293 1655 306 1677 ,
333 1625 382 1668 et
411 1615 460 1666 in
490 1614 608 1682 ipso
635 1613 980 1674 scnodocbio.
1010 1613 1091 1664 vel
1123 1612 1439 1665 monasterio
1469 1611 1693 1665 noluerit

170 1706 434 1766 deservire,
473 1705 614 1757 nulla
645 1703 711 1755 de
751 1705 906 1756 rebus
937 1704 1068 1756 meis
1095 1718 1250 1756 avere
1287 1685 1544 1765 debeant,
1593 1701 1689 1755 nisi

171 1811 328 1859 vacua,
358 1789 607 1848 et'inaue
646 1794 836 1847 exinde
881 1794 1006 1845 foris
1044 1795 1187 1846 exire
1227 1793 1469 1852 devestit,
1510 1795 1691 1848 auibu-

1787 629 2094 694 lteredibus,
2145 627 2522 696 prolteredibus
2575 629 2738 687 meis,
2786 642 3114 693 quecnmqne
3161 631 3330 700 aliqua

1787 733 2032 784 posses...
2079 719 2180 770 tuis
2212 718 2531 783 temporibus
2567 701 2854 770 suavilitnm
2897 731 3224 786 permaneat.
3273 724 3334 774 Et

1785 813 1872 879 qui
1901 819 2080 862 contra
2113 809 2248 862 banc
2274 811 2528 862 cartulam
2550 850 2566 872 ,
2603 810 2684 862 vel
2725 811 2838 877 ipso
2879 817 3214 876 monasterio,
3247 825 3338 867 aut

1786 912 2022 954 sanctum
2053 899 2370 955 senodocbio
2397 900 2474 953 ire
2500 898 2813 968 quandoque
2844 903 3179 967 presuinserit
3201 942 3217 966 ,
3250 913 3338 954 aut

1785 1007 1899 1045 eam
1928 991 2226 1058 inrumpere
2253 990 2505 1051 voluerit,
2539 990 2775 1056 inprimis
2805 990 2854 1042 in
2886 992 2957 1042 ira
2994 991 3115 1055 Dei,
3145 1001 3197 1045 et
3225 1007 3334 1045 om-

1789 1082 1868 1134 nis
1907 1081 2111 1133 virtutis
2154 1081 2420 1142 celerum,
2473 1080 2940 1149 arcbangelorum,
2993 1083 3335 1148 angelorum,

1789 1185 1948 1238 pro...
1978 1169 2342 1240 [profetaraml
2373 1169 2667 1236 ulScariot,
2700 1171 2787 1238 qui
2821 1173 3033 1225 tradidit
3065 1173 3338 1229 Dominum

1789 1267 2025 1312 nostrum
2073 1259 2251 1313 Jesutn
2295 1258 2594 1325 Christum,
2646 1269 2702 1314 et
2746 1261 2800 1312 in
2851 1269 3044 1314 tartaro
3094 1263 3164 1314 sit
3213 1277 3340 1316 con—

1787 1357 2070 1415 sumptum.
2105 1347 2240 1401 Ecce
2270 1357 2324 1400 ut
2356 1363 2470 1400 mea
2500 1349 2705 1402 fuerunt
2742 1349 3022 1411 desideria,
3055 1351 3337 1418 adiuplevi,

1787 1448 1842 1492 et
1870 1439 2117 1492 Avandus
2146 1439 2382 1492 notarius
2408 1438 2636 1492 scrivere
2679 1442 2876 1506 rogavi.
2909 1443 3094 1494 Actum
3125 1441 3338 1495 i‘istoria

1791 1542 2007 1596 regnum
2037 1537 2088 1582 et
2130 1527 2414 1581 indictione
2451 1528 2801 1594 suprascripta
2843 1528 3082 1583 feliciter.
3123 1531 3340 1598 Signum

1792 1631 1975 1669 manus
2000 1619 2107 1670 lt...
2138 1600 2312 1670 fredus
2335 1616 2564 1670 medicus
2587 1629 2798 1684 rogatus
2816 1618 2880 1669 ad
2908 1616 3157 1685 llalperto
3186 1633 3340 1672 manu

1794 1719 1907 1760 mea
1936 1706 2143 1771 prppria
2175 1714 2309 1759 teste
2335 1705 2637 1772 subscripsi.
2674 1707 2783 1774 Ego
2816 1707 3046 1761 Lazarus
3075 1720 3284 1776 rogatus
3313 1727 3342 1764 a

1801 1795 2048 1862 llatperto
2077 1809 2232 1847 manu
2261 1809 2373 1848 mea
2402 1797 2518 1848 testi
2549 1785 2854 1862 subscripsi.
2886 1798 2996 1865 Ego
3029 1799 3344 1866 llacltiperto

172 1884 326 1946 laudo,
350 1882 432 1934 ubi
461 1881 715 1943 Voluerit,
743 1891 796 1934 et
822 1880 1036 1933 forsitan
1068 1880 1238 1933 ﬁlia...
1272 1881 1349 1933 rio
1374 1881 1544 1952 [[οτιε,
1575 1896 1688 1935 mo-
1727 1859 1769 1916 “
1795 1859 2008 1952 rogatus
2032 1887 2096 1938 ad
2121 1884 2374 1952 Batperto
2409 1884 2558 1939 testis
2585 1898 2705 1940 ss...
2735 1859 2958 1953 Signum
2982 1903 3166 1942 manus
3194 1859 3335 1942 blan-

171 1970 392 2042 nasterio]
433 1971 662 2024 residere
699 1984 821 2024 cum
862 1971 1100 2038 portione
1135 1985 1226 2022 stta
1260 1971 1442 2034 vadat,
1475 1971 1564 2025 ubi
1602 1965 1689 2024 vo-

171 2049 330 2124 luerit,
358 2060 578 2125 amplius
605 2061 670 2112 de
699 2059 854 2113 rebus
886 2061 1040 2122 meis,
1077 2059 1157 2112 vel
1197 2060 1247 2112 in
1288 2059 1402 2127 ipso
1431 2071 1692 2115 monaste-

170 2152 238 2204 rio
265 2151 392 2202 nulla
423 2157 600 2217 posset
625 2163 813 2214 avere,
845 2148 925 2202 vel
959 2148 1306 2213 imperatioue
1335 2149 1523 2204 facere.
1562 2151 1690 2203 Nam

169 2240 209 2292 si
245 2239 354 2292 inivi
381 2239 756 2305 permanserit.
787 2239 960 2290 omnia
989 2251 1109 2290 cum
1136 2238 1438 2305 supradicto
1466 2250 1689 2302 rectore,

172 2327 240 2380 vel
277 2328 546 2394 genitrice,
585 2336 742 2391 atque
780 2324 1032 2391 coniuge,
1077 2325 1160 2378 vel
1195 2327 1307 2378 si...
1340 2323 1510 2395 uerte,
1541 2325 1692 2396 mibi]

174 2419 396 2481 Dominus
431 2420 586 2470 vitam
629 2419 952 2470 concesserit
991 2415 1042 2468 in
1084 2415 1221 2470 hunc
1259 2417 1471 2470 exilium
1513 2417 1691 2469 mundi

171 2510 441 2562 avitandum
463 2548 478 2571 ,
507 2507 686 2561 omnia
717 2521 831 2557 mea
858 2508 930 2557 sit
960 2514 1214 2571 potestate
1243 2505 1526 2573 regendum
1550 2545 1565 2568 ,
1599 2521 1693 2558 re-

175 2597 545 2660 tuiliorandum,
595 2579 867 2648 usufructu
912 2594 1252 2662 capiendum,
1307 2609 1425 2647 nam
1477 2608 1578 2648 non
1627 2596 1692 2648 ad

173 2685 464 2740 sccularibus
512 2679 604 2754 per
657 2684 800 2738 nullo
852 2683 1061 2752 ingenio
1109 2683 1561 2745 subtrahendum,
1598 2684 1693 2736 nisi

176 2791 257 2840 pro
277 2775 434 2827 anima
462 2788 575 2827 mea
601 2772 755 2843 liveri
781 2771 1176 2832 demittendum,
1204 2782 1255 2824 et
1287 2772 1330 2824 si
1520 2771 1691 2844 Πολ-ιε,

177 2863 361 2934 iuerint]
398 2864 551 2916 micbi
593 2862 835 2924 bereiles,
879 2875 996 2914 esse
1029 2861 1255 2912 deveant
1291 2861 1576 2912 secundum
1615 2860 1694 2912 lex

173 2953 323 3019 gentis
362 2964 574 3014 nostras,
620 2960 672 3002 et
718 2951 827 3016 ipse
867 2947 1187 3002 senodocbio
1225 2947 1277 3000 in
1321 2961 1468 3001 suam
1513 2950 1716 3000 baveat-

175 3050 430 3112 potestate,
459 3041 537 3094 vel
565 3043 660 3108 qui
684 3030 915 3105 pcr'ipso
943 3037 1069 3090 inibi
1091 3024 1257 3089 fuerit
1285 3036 1578 3088 ordinatum
1597 3075 1610 3099 ,
1647 3045 1700 3090 et

175 3135 212 3184 si
235 3132 291 3183 ad
316 3130 632 3184 secularibus
660 3129 886 3181 voluerit
921 3141 1248 3194 permanere,
1283 3126 1574 3194 portionem
1604 3141 1696 3179 sua

174 3219 418 3286 suscipiat,
443 3230 497 3273 et
525 3219 578 3270 in
607 3218 722 3284 ipso
749 3217 1067 3270 monasterio
1096 3215 1234 3270 nulla
1263 3215 1692 3282 imperatioue....

174 3309 474 3364 ordmatione
501 3309 633 3362 iusta
669 3308 887 3361 Domino
917 3306 1076 3360 tuerit
1101 3305 1478 3370 ordinatus,1et
1503 3307 1638 3382 quod
1666 3321 1696 3359 a

175 3416 246 3455 nte
265 3401 533 3468 optandum
551 3401 660 3468 jam
685 3409 786 3463 est,
805 3400 848 3452 si
871 3400 985 3452 sine
1007 3398 1142 3452 [ilius
1163 3397 1398 3451 masculo
1419 3383 1694 3462 transiero,

173 3499 219 3542 et
240 3500 378 3544 antea
402 3491 466 3544 de
495 3489 595 3542 bac
623 3491 738 3542 luce
769 3488 1022 3557 migratus
1051 3486 1218 3551 fuero,
1249 3501 1404 3555 quam
1434 3487 1547 3553 ipse
1579 3503 1700 3541 san-

173 3589 294 3631 ctum
319 3590 369 3632 et
395 3577 693 3632 veneravile
721 3575 894 3631 locum
932 3583 1274 3630 consecratus
1311 3577 1410 3638 sit,
1436 3576 1584 3640 volo,
1623 3587 1698 3628 at-

173 3685 262 3734 que
293 3671 533 3733 decerno,
572 3675 630 3721 ut
669 3669 785 3733 ipso
821 3666 1076 3728 oratorio,
1116 3667 1196 3719 vel
1236 3665 1558 3718 senodocbio
1590 3666 1697 3732 jam

173 3758 364 3812 dicti...
387 3772 448 3827 ge
475 3758 649 3830 “orte,
684 3755 950 3826 coniuge],
980 3770 1077 3809 seu
1115 3769 1320 3821 sorore,
1351 3765 1404 3808 et
1431 3755 1532 3807 tilia
1563 3768 1696 3820 mea,

173 3858 219 3900 et
249 3849 410 3900 omnia
445 3846 728 3900 medietate
767 3847 924 3899 rebus
965 3847 1119 3909 meis,
1159 3846 1298 3914 quod
1340 3844 1464 3898 inivi
1503 3846 1701 3898 condo-

174 3951 283 3989 nare
315 3937 447 3990 visus
486 3951 602 3988 sum
643 3935 831 3988 diebus
861 3934 964 3987 vite
994 3948 1106 3996 sne,
1140 3933 1192 3986 in
1232 3949 1378 3986 suam
1419 3943 1568 3987 aveat
1609 3949 1700 4001 po-

172 4036 410 4093 testatem,
454 4037 508 4082 et
557 4027 678 4097 pust
725 4029 869 4081 ovito
911 4043 1115 4092 eorum,
1159 4028 1247 4096 qui
1296 4043 1385 4093 per
1430 4027 1527 4095 ipsi
1575 4028 1700 4080 inivi

171 4115 312 4170 fuerit
355 4120 650 4182 ordinatus,
700 4128 754 4170 et
803 4118 976 4178 servi,
1025 4118 1104 4170 vel
1149 4117 1365 4169 ancillas
1416 4133 1561 4170 meas
1609 4132 1704 4185 pro

170 4208 323 4259 anima
355 4222 462 4260 mea
494 4209 642 4260 bveri
685 4208 1135 4259 demittendum...
1181 4213 1351 4258 ratum
1394 4209 1469 4258 sic
1515 4208 1566 4258 ill
1609 4207 1702 4274 ipsi

173 4298 364 4351 livertas
408 4306 745 4367 permaneat,
791 4297 927 4349 sicut
981 4296 1223 4364 princeps
1275 4295 1526 4349 Dominus
1571 4298 1707 4350 bone

172 4389 402 4440 memorie
440 4386 773 4455 Luiprandus
810 4400 903 4439 rex
948 4401 1040 4452 per
1077 4383 1307 4438 edictum
1352 4386 1703 4451 confirmavit,

170 4484 216 4528 et
251 4477 422 4530 iterum
449 4477 766 4535 conﬁrmare
806 4475 1032 4543 previdi,
1072 4489 1124 4529 ct
1162 4477 1259 4529 sub
1299 4475 1490 4530 nullus
1533 4487 1700 4530 mater

173 4566 384 4621 Ecclesia
408 4569 766 4621 subiacentem
801 4567 974 4635 ipsum
1002 4579 1241 4620 sanctum
1269 4571 1554 4621 oratorium
1574 4609 1586 4631 ,
1621 4569 1702 4622 vel

170 4659 524 4714 senodochiom
575 4660 835 4725 parvitate
881 4671 1065 4711 mea...
1107 4657 1371 4712 dominico
1409 4659 1570 4714 abbas
1615 4674 1706 4726 per

173 4761 246 4802 me
280 4748 399 4801 inivi
444 4748 664 4814 positus,
706 4756 761 4800 et
805 4746 916 4813 ipsa
961 4747 1235 4815 genitrice,
1264 4756 1420 4815 atque
1457 4747 1703 4817 coniuge,

173 4849 252 4888 seu
275 4851 515 4906 germana
543 4844 704 4905 atque
733 4834 836 4890 tilia
866 4850 980 4887 mea
1011 4834 1063 4887 in
1093 4849 1240 4888 suam
1280 4843 1704 4918 aveatyotesta-

174 4936 263 4981 tetu
296 4928 472 4983 diebus
513 4929 620 4981 vite
660 4942 777 4991 sue,
815 4935 906 4980 aut
947 4925 1088 4979 lratri
1131 4927 1214 4980 vel
1253 4919 1574 4997 sorori,'qui
1616 4945 1709 4997 per

175 5019 258 5086 ipsi
284 5019 401 5073 inivi
435 5020 586 5089 positi
615 5019 846 5083 fuerint,
875 5019 956 5073 vel
987 5018 1318 5085 postmodum
1349 5019 1707 5089 unusquisque

174 5110 435 5163 secundum
468 5110 743 5164 Dominum
775 5107 958 5162 electis
995 5110 1479 5178 spiriti...‘preces,
1520 5121 1576 5164 et
1616 5126 1709 5178 pro

175 5199 352 5253 scelera
382 5214 494 5252 mea
525 5197 804 5251 Dominum
831 5196 1219 5264 deprecandum
1240 5241 1254 5262 ,
1287 5213 1405 5252 nam
1447 5214 1537 5266 per
1566 5199 1711 5253 nullo

177 5285 308 5342 titulo
345 5290 396 5344 in
433 5288 590 5342 alium
627 5287 892 5342 hominem
922 5285 1257 5341 alienandum
1280 5327 1295 5352 ,
1337 5296 1428 5341 aut
1469 5302 1560 5353 per
1588 5302 1709 5341 cor-

180 5380 398 5447 t‘uptione
437 5379 564 5436 inivi
607 5378 714 5432 alio
752 5378 1234 5448 superponendum,
1283 5380 1384 5433 nisi
1424 5394 1582 5448 quem
1623 5377 1711 5433 ille

241 5541 264 5568 ι
301 5530 387 5587 llic
412 5531 725 5586 Gualbcrtus
753 5528 1188 5597 scriptariineam
1216 5527 1468 5596 integram
1500 5526 1673 5578 omisit
1694 5567 1708 5591 ,

181 5615 315 5664 quam
340 5617 400 5654 ex
442 5603 544 5654 alio
576 5605 922 5653 instrumento
961 5599 1035 5651 sic
1075 5597 1293 5666 supplen
1326 5615 1338 5647 :
1369 5599 1711 5665 apostolorum

184 5680 452 5789 Tajtyrum,
485 5681 530 5725 et
555 5671 902 5740 confessorem
929 5664 1173 5721 incurrat.
1213 5664 1430 5734 Insuper
1457 5668 1620 5719 socias
1649 5671 1710 5719 sit

215 5755 238 5789 ll
271 5757 318 5789 a.

215 5755 318 5794 una.

1796 1974 1911 2028 relli
1953 1976 2214 2040 quondam
2243 1974 2352 2027 tilio
2377 1974 2640 2041 quondam
2684 1975 2875 2033 Statari
2917 1988 3130 2045 rogatus
3173 1982 3340 2034 testis.

1797 2065 2015 2132 Signum
2043 2078 2226 2115 manus
2254 2061 2482 2114 Auselmi
2513 2064 2776 2130 quondam
2799 2066 2887 2117 lilii
2923 2066 3053 2118 Baro
3079 2068 3341 2120 l'ulitestis.

1796 2151 2014 2219 Signum
2045 2165 2227 2204 manus
2253 2150 2436 2202 Taloni
2467 2152 2726 2217 quondam
2760 2153 2827 2205 [ill
2858 2155 3118 2218 quondam
3152 2155 3342 2209 Fusoni
3377 2201 3380 2204 .

1799 2247 1968 2299 tesns.
1996 2247 2104 2309 Ego
2127 2247 2392 2308 Avamlns,
2417 2248 2503 2310 qui
2535 2262 2689 2310 supra
2719 2247 2945 2313 scriptor
2976 2249 3128 2301 huius
3148 2252 3344 2306 eartule

1798 2345 1914 2403 post
1960 2349 1987 2385 a
2038 2336 2255 2387 tesubus
2302 2346 2572 2396 rovorata,
2622 2349 2674 2390 et
2725 2338 2922 2401 badita,
2976 2341 3138 2406 ipsius
3186 2341 3346 2395 abbas

1781 2433 2040 2491 .presente
2085 2423 2293 2476 Antlrea
2337 2422 2429 2476 ﬁlii
2471 2423 2670 2477 tlomini
2710 2426 2881 2479 Caroli
2923 2427 3063 2496 [nunt
3107 2429 3289 2483 (lac/iis
3306 2429 3348 2502 2]

1799 2527 1939 2564 anno
1982 2510 2128 2578 regni
2167 2511 2281 2564 eius
2311 2521 2496 2578 quarto
2537 2528 2628 2578 per
2668 2514 2952 2569 indictione
2997 2517 3162 2583 prima
3203 2533 3348 2572 com-

1779 2602 1959 2669 cplevi,
1989 2613 2038 2653 et
2066 2600 2206 2654 dedi.
2254 2601 2360 2668 ligo
2385 2600 2674 2668 Gausperto
2701 2601 2942 2656 Notarius
2984 2608 3122 2656 sicut
3164 2609 3215 2658 in
3258 2623 3347 2660 au-

1799 2693 1990 2744 tentiea
2020 2691 2193 2744 int-eui
2220 2692 2494 2758 scriptum,
2527 2691 2746 2746 fideliter
2775 2695 3084 2760 rxemplavi.

1868 2777 1980 2848 Ego
2026 2780 2342 2833 Gualbertus
2402 2783 2636 2834 notarius
2693 2794 2746 2836 et
2790 2783 2949 2851 jndex
2993 2785 3126 2837 εωτί
3176 2786 3348 2852 palatii

1798 2876 2022 2940 scriptor
2047 2872 2365 2926 autenticum
2398 2872 2525 2924 illud
2555 2875 2678 2936 vidi,
2707 2885 2758 2926 et
2787 2876 2884 2943 legi
2921 2894 2933 2926 ι
2969 2879 3044 2928 sic
3075 2877 3201 2928 inibi
3232 2894 3347 2930 con-

1801 2962 2086 3024 tinebatur,
2117 2961 2382 3029 quomodo
2428 2962 2478 3013 in
2523 2945 2620 3012 hoc
2661 2965 2928 3028 exemplar
2968 2966 3224 3031 scriptum
3250 2977 3349 3028 est,

1803 3063 1976 3118 preter
2021 3051 2172 3105 litera
2219 3051 2335 3119 plus
2379 3051 2636 3114 minusve,
2681 3060 2736 3105 et
2779 3067 2935 3104 manu
2986 3069 3098 3104 mea
3145 3054 3349 3122 propria

1802 3142 2009 3211 scripsi.
2552 3210 2592 3265 ll

1875 3302 2172 3368 Exemplar.
2228 3300 2284 3354 In
2338 3314 2552 3355 nomine
2609 3303 2812 3355 Domini
2870 3305 2960 3358 Dei
3012 3307 3176 3359 nostri
3231 3305 3353 3361 Jesu

1798 3392 1995 3445 Cbristi
2044 3391 2130 3445 die
2183 3405 2324 3444 nono
2372 3407 2556 3447 mense
2606 3391 2748 3447 Julio
2791 3410 2930 3448 anno
2980 3398 3123 3466 regni
3174 3397 3354 3452 domui

1803 3481 2082 3546 Desiderii,
2114 3491 2169 3536 et
2195 3481 2405 3551 Adelgis
2435 3483 2547 3550 regi
2573 3496 2712 3536 anno
2740 3494 2948 3550 octavo,
2976 3496 3030 3539 et
3050 3487 3230 3554 quinto
3262 3502 3353 3553 per

1801 3571 2084 3626 indictione
2133 3572 2362 3626 secunda
2421 3572 2667 3628 feliciter.
2727 3574 2857 3627 Dum
2906 3575 2957 3628 in
3013 3576 3149 3628 hunc
3196 3578 3355 3630 exilio

1801 3660 1953 3715 huius
1983 3661 2145 3715 seculi
2182 3662 2381 3716 avitare
2418 3665 2794 3733 meruerimus,
2833 3675 3074 3732 oportuni
3104 3679 3188 3722 est
3214 3674 3354 3722 enim

1799 3749 2028 3816 cogitare
2055 3749 2120 3803 de
2150 3749 2240 3803 Dei
2271 3752 2650 3818 omnipotentis
2674 3756 3056 3820 misericordia,
3085 3767 3134 3812 el
3167 3760 3355 3814 remis-

1802 3840 1952 3894 sione
1976 3840 2267 3894 animarum
2299 3851 2617 3907 nostrarum,
2646 3855 2903 3913 quatenus
2933 3864 3027 3902 nos
3054 3850 3118 3902 de
3146 3854 3357 3907 vinculo

1805 3947 2056 4001 pcnarunt
2103 3932 2244 3988 Dnus
2284 3948 2346 3988 ac
2387 3934 2702 4003 Redemptor
2747 3937 2984 3992 omnium
3028 3938 3378 4008 indulgentia

1805 4022 2015 4088 pietatis
2041 4036 2134 4076 sue
2167 4023 2464 4077 condonare
2494 4024 2755 4092 dignetur,
2785 4035 2838 4080 et
2873 4028 2938 4080 ad
2979 4042 3102 4083 vera
3131 4030 3246 4083 lum
3275 4031 3351 4084 lu-

1766 4185 1768 4187 ὶ
1808 4112 1964 4165 minis
1995 4113 2203 4180 pietatis
2230 4129 2325 4166 sue
2358 4114 2493 4167 inter
2527 4119 2743 4179 sanctis,
2771 4127 2823 4170 et
2851 4118 3034 4171 electis
3060 4119 3174 4174 eius
3209 4130 3354 4188 parte

1803 4203 1994 4268 aliqua,
2039 4203 2118 4255 vel
2159 4198 2384 4255 soeietas
2421 4203 2653 4256 invenire
2693 4215 3015 4269 mereantur,
3054 4222 3210 4276 quam
3240 4214 3354 4277 qui-

1805 4292 1924 4344 dem
1978 4307 2168 4360 magno
2215 4292 2435 4345 consilio
2482 4303 2561 4346 est
2611 4294 2769 4346 seculi
2819 4295 3144 4362 relinquere,
3192 4303 3248 4350 et
3292 4297 3356 4352 ad

1809 4381 2026 4444 sanctis,
2059 4389 2111 4432 et
2145 4379 2206 4432 ad
2237 4381 2619 4434 venerabil‘ibus
2651 4384 2775 4435 locis
2803 4398 2896 4435 nos
2927 4385 3262 4450 comendare,
3305 4393 3360 4435 ut

1809 4470 1934 4524 dum
1977 4471 2154 4524 ultima
2195 4469 2281 4526 die
2321 4471 2640 4535 convincrit,
2687 4482 2743 4526 ut
2783 4487 2879 4526 nos
2917 4475 2967 4526 in
3005 4475 3114 4526 suis
3157 4475 3359 4529 iudiciis

1806 4561 2078 4613 electionis
2107 4559 2368 4620 ostendat,
2389 4571 2442 4613 ut
2483 4562 2632 4614 novis
2661 4564 2948 4628 peccatoris
2981 4569 3247 4631 prevcniat
3276 4584 3361 4619 sa-

1810 4650 1966 4702 lutem
1985 4689 1998 4711 ,
2028 4658 2080 4703 et
2125 4651 2357 4702 remedio
2386 4649 2591 4702 auiuuc.
2638 4651 2760 4704 Ideo
2787 4652 2838 4704 in
2873 4653 2964 4705 Dei
2993 4655 3359 4719 Olltltipolculls

1809 4743 2020 4796 nomine
2049 4756 2150 4810 ego
2185 4740 2401 4794 Aivaldu
2443 4743 2697 4808 presbiter
2733 4743 2799 4796 de
2838 4747 3155 4797 monasterio
3191 4747 3359 4800 sancti

1808 4834 2082 4888 Silvateris
2113 4833 2160 4899 ι’,
2193 4835 2277 4900 qui
2309 4842 2389 4886 est
2415 4833 2514 4884 situ
2547 4847 2707 4899 prope
2738 4848 2886 4886 muro
2921 4835 3144 4888 civitatis
3182 4843 3360 4889 nostra
3427 4865 3431 4868 -

1809 4923 2033 4976 Pistorie
2072 4924 2204 4975 iusta
2241 4923 2516 4976 ecclesiam
2556 4925 2720 4976 sancti
2765 4923 3049 4976 beatissimi
3095 4925 3359 4976 ltartboto-

1809 5015 1942 5079 tnei,
1975 5014 2100 5066 dum
2129 5015 2286 5066 micbi
2316 5013 2488 5066 divina
2528 5014 2810 5066 adveniens
2849 5013 3243 5080 inspirationetn
3285 5016 3358 5065 in-

1810 5103 2012 5158 trocndi
2051 5105 2101 5157 in
2142 5104 2280 5158 avito
2315 5114 2498 5157 sancto
2534 5116 2869 5156 monacorum
2910 5104 3044 5156 inter
3083 5104 3215 5156 alius
3261 5103 3358 5154 fra-

1812 5205 1938 5258 tres,
1986 5204 2239 5263 quatenus
2287 5210 2370 5248 me
2412 5189 2770 5257 consideravi,
2816 5203 2872 5247 et
2919 5205 3253 5261 perlracuavit
3297 5199 3362 5247 de

1811 5289 2126 5339 monasteria
2185 5285 2598 5341 beatissimorum
2656 5285 2958 5347 Silvatoris,
3016 5295 3170 5350 atque
3227 5284 3359 5335 beati

1811 5376 1976 5431 sancti
2026 5375 2239 5443 Angeli,
2291 5373 2376 5441 qui
2430 5382 2510 5427 est
2557 5375 2657 5426 sito
2711 5376 2874 5436 locus,
2933 5373 3019 5440 qui
3074 5373 3364 5438 appellatur

1886 5528 1909 5564 δ
1949 5526 2133 5580 Silvris
2168 5544 2178 5576 :
2222 5524 2449 5578 Silvestri
2489 5524 2670 5589 siglam
2713 5525 2962 5590 explicuit
3008 5523 3184 5577 nescio
3223 5539 3360 5590 quis,

1813 5613 1967 5666 quatit
2015 5597 2199 5648 ducem
2247 5595 2428 5650 habuit
2468 5595 2707 5657 Salvius;
2753 5597 2910 5647 malui
2957 5609 3055 5661 ego
3101 5593 3364 5646 Sili-anuis

1815 5667 2166 5736 interpretari.
