3820 6236
518 382 638 436 “Si

1673 378 2266 437 LANGOBABDORUM
2310 377 2541 434 REGUM

3560 385 3577 436 Ι
3587 384 3676 436 4ὂῖ

517 494 675 548 Monii
711 491 910 547 Cunule
951 507 1109 562 prope
1147 492 1292 546 ﬂutio
1332 493 1518 557 Neore,
1558 508 1711 562 quem
1751 493 2049 547 felicissimo
2077 501 2121 557 Α
2220 492 2430 556 Stgnum
2481 496 2538 551 >3
2588 501 2770 543 manus
2817 489 3122 558 Luitpertuli
3170 491 3428 560 quondam
3469 493 3678 551 Cbic'hisi

519 581 794 647 presbiter,
834 595 924 633 sco
961 581 1266 634 Geminiano
1303 597 1333 634 a
1373 581 1704 634 fundamenta
1742 589 2046 641 erexerunt,

593 699 602 722 ι
636 682 687 724 et
714 671 928 731 Totone,
962 688 1008 725 Ct
1044 672 1253 740 iusim-3
1291 672 1524 737 Autperti
1746 672 1796 725 in
1823 686 1919 724 suo
1949 671 2050 738 pri-

524 761 700 828 .Ltcgic
751 758 1118 814 edificavcruut
1169 778 1181 812 :
1231 761 1385 813 modo
1429 759 1543 812 viro
1587 774 1714 827 ego,
1762 760 1848 829 qui
1895 771 2049 828 supra

510 847 692 921 Aivald
732 847 988 914 presbiter
1024 849 1114 911 do,
1150 847 1308 911 dono,
1349 848 1514 913 trado,
1557 857 1710 914 atque
1739 848 1918 913 onero,
1959 848 2045 912 do,

510 940 795 1005 datumque
838 950 958 990 esse
999 938 1118 990 volo
1159 946 1263 988 tam
1311 937 1422 1004 ipse
1468 937 1697 1013 predicte
1739 937 2046 991 monasteria

507 1029 673 1081 sancti
713 1027 1006 1090 Silvatoris,
1037 1036 1089 1080 et
1128 1028 1292 1080 sancti
1333 1027 1512 1095 Angcli
1543 1039 1696 1080 omne
1734 1027 1887 1080 rebus
1924 1027 2045 1079 θυι)-

504 1116 697 1170 stantia
734 1115 800 1169 de
835 1104 1080 1183 quidquid
1117 1114 1309 1182 ubique
1346 1115 1500 1168 modo
1536 1128 1564 1166 a
1605 1114 1828 1182 presenti
1861 1114 1944 1168 die
1980 1113 2045 1168 ad

506 1208 618 1272 ipse
645 1213 940 1258 sanctorum
973 1204 1084 1259 loca
1117 1215 1389 1272 pertenere
1417 1205 1747 1269 denescetur,
1777 1214 1830 1258 et
1863 1219 1964 1257 unc
1993 1205 2044 1257 in

503 1305 653 1372 antea
697 1295 804 1349 Deo
844 1304 1149 1372 protegente
1179 1295 1367 1349 ividem
1397 1295 1772 1348 condonaverit
1809 1295 2042 1361 inlivato,

504 1397 558 1438 et
583 1383 771 1438 exinde
802 1383 984 1448 fuerit,
1015 1393 1101 1435 aut
1129 1384 1266 1451 quod
1293 1384 1357 1435 ad
1385 1383 1480 1450 ipsi
1508 1384 1673 1436 sancti
1697 1394 1749 1436 et
1778 1381 2044 1435 venerabi-

503 1474 640 1526 libus
668 1470 796 1524 locis
822 1471 999 1523 datum
1020 1511 1034 1533 ,
1063 1470 1147 1524 vel
1175 1469 1454 1524 autfertutn
1495 1469 1620 1532 fuit,
1660 1470 1917 1537 quomodo
1943 1469 2040 1521 ivi-

500 1561 618 1614 dem
663 1574 781 1614 esse
830 1561 1091 1624 videntur,
1140 1560 1313 1613 omnia
1359 1569 1412 1612 et
1457 1560 1508 1610 in
1547 1559 1787 1613 omnibus
1830 1559 2041 1612 inlivato

495 1648 686 1702 offerre
717 1649 856 1702 visus
885 1663 999 1700 sum
1031 1648 1095 1701 ad
1124 1647 1346 1701 ecclesia
1388 1647 1671 1700 beatissimi
1710 1647 1874 1700 sancti
1918 1647 2041 1699 Bar-

498 1736 768 1790 tltolomei.
798 1736 850 1789 in
883 1736 970 1788 tali
1000 1750 1122 1789 vero
1154 1743 1352 1800 tenore,
1386 1744 1444 1788 ut
1468 1734 1641 1788 omnia
1681 1737 1753 1787 ris
1796 1736 1905 1802 ipsa
1939 1746 2038 1786 una

2149 587 2361 644 rogatus
2392 577 2559 631 testis.

2216 664 2424 733 Signum
2460 671 2516 726 ὦ
2551 680 2733 720 manus
2777 666 3077 722 Guinefredi
3119 669 3379 737 quondam
3419 670 3676 727 Guilifredi

2148 762 2358 821 rogatus
2384 756 2550 807 testis.
3445 799 3450 804 .

2218 843 2326 912 Ego
2354 843 2439 912 qui
2481 857 2638 912 supra
2679 843 2840 897 Lucio
2877 845 3111 898 notarius
3138 846 3365 913 scriptor
3396 847 3548 902 huius
3573 863 3675 904 ear-

2147 933 2252 986 tule
2270 931 2385 1000 post
2405 947 2433 983 a
2453 932 2670 988 testibus
2685 935 2982 1023 roboratam
3005 934 3192 988 tradita
3210 936 3463 1004 complevi
3478 946 3532 992 et
3545 939 3673 993 dedi.

2212 1044 2322 1112 Ego
2361 1043 2672 1097 Gualbertus
2715 1044 2983 1107 notarius,
3022 1049 3083 1099 'et
3125 1045 3284 1113 judex
3327 1050 3463 1101 sacri
3510 1049 3670 1114 palatii

2143 1136 2369 1202 scriptor
2413 1135 2732 1188 autentieum
2782 1134 2910 1188 illud
2950 1135 3088 1201 vidi,
3136 1147 3188 1190 et
3233 1137 3362 1205 legi,
3410 1139 3541 1191 unde
3585 1140 3672 1192 hoc

2143 1224 2408 1292 exemplar
2447 1224 2798 1291 exemplatum
2837 1235 2947 1290 est,
2992 1234 3044 1280 et
3086 1224 3224 1293 quod
3266 1226 3388 1280 inibi
3436 1228 3668 1294 scriptum

2143 1313 2318 1368 inveni
2335 1352 2351 1378 ,
2380 1312 2603 1368 fideliter
2629 1314 2942 1382 exemplavi.

2208 1558 2263 1612 In
2292 1574 2499 1612 nomine
2530 1558 2733 1613 Domini
2756 1559 2848 1613 Dei
2875 1558 3168 1615 Salvatorts
3187 1562 3352 1614 nostri
3376 1561 3500 1616 .lesu
3526 1564 3663 1618 Chri-

2139 1647 2208 1700 sti
2250 1647 2336 1700 die
2381 1648 2565 1717 quinto
2617 1662 2798 1701 mense
2845 1647 3128 1716 Februario
3176 1661 3425 1717 regnante
3464 1653 3666 1708 domnus

2144 1736 2444 1790 Desiderius
2471 1748 2525 1791 et
2571 1737 2820 1805 Adelgbis
2847 1737 3056 1807 regibus
3084 1753 3224 1793 anno
3249 1743 3395 1810 regni
3423 1756 3593 1796 eorum
3623 1748 3665 1797 in

495 1841 615 1879 cum
654 1825 766 1894 ipsa
805 1824 1121 1879 monasteria
1168 1825 1304 1878 sicut
1345 1824 1526 1892 regula
1570 1824 1736 1875 sancti
1781 1822 2039 1876 Benedicti
2077 1814 2118 1871 Β
2145 1823 2235 1878 Dei
2284 1827 2496 1880 nomine
2547 1828 2756 1881 decimo
2811 1828 2824 1857 ⁸
2877 1829 3162 1883 indictione
3215 1830 3396 1896 quinta
3437 1831 3666 1886 feliciter.

494 1915 757 1979 condoce,
792 1929 910 1969 esse
937 1914 1140 1966 deveat.
1174 1914 1228 1965 in
1269 1913 1357 1964 tali
1385 1913 1524 1965 enim
1559 1912 1670 1964 viro
1695 1910 1952 1978 capetulo,
1985 1927 2016 1964 u

498 2020 652 2059 unam
685 2005 1155 2070 perordinationetn
1180 2005 1244 2056 de
1270 2003 1381 2070 ipso
1409 2002 1727 2055 monasterio
1751 2002 2039 2057 beatissimi

493 2094 660 2150 sancti
694 2093 1068 2155 Bartbolomei,
1097 2093 1175 2145 vel
1203 2090 1271 2145 de
1297 2092 1410 2145 eius
1438 2091 1748 2154 rectoribus,
1779 2091 2041 2164 quomodo

493 2194 610 2248 est,
642 2182 720 2236 vel
761 2182 1099 2249 imposterum
1138 2180 1372 2244 fuerent,
1414 2191 1467 2232 ut
1497 2182 1726 2248 predtcte
1753 2179 1846 2232 Dei
1872 2179 2040 2233 eccle-

492 2277 604 2338 sie,
650 2283 707 2331 ut
751 2272 839 2340 qui
888 2272 1076 2325 ividem
1123 2285 1214 2338 per
1263 2270 1360 2337 ipsi
1408 2271 1700 2322 ordinatum
1751 2269 1904 2323 fuerit
1949 2283 2040 2336 per

493 2372 677 2417 sancto
707 2362 897 2414 iudicio
924 2360 1195 2424 canonica,
1227 2360 1302 2412 vel
1334 2370 1510 2412 sancta
1543 2359 1717 2429 regula
1743 2359 1947 2422 deveat,
1980 2368 2039 2411 ut

495 2462 750 2519 quatenus
775 2462 968 2517 egenus
995 2448 1146 2500 vidua
1180 2448 1494 2516 pauperibus
1519 2447 1820 2500 elemosinis
1850 2446 2040 2500 iacien-

490 2544 617 2594 dum
666 2556 759 2609 pro
803 2540 1162 2593 remissionem
1205 2537 1495 2592 animarum
1538 2537 1822 2591 felicissimi
1863 2537 2039 2591 Gemi-

495 2630 636 2684 niani
687 2629 962 2698 presbiter,
1011 2629 1099 2696 qui
1146 2639 1266 2680 tunc
1311 2637 1462 2679 antea
1512 2640 1726 2694 presens
1770 2625 1934 2680 fuerat
1971 2628 2038 2682 de

492 2720 608 2787 ipso
638 2720 982 2780 monasteria,
1014 2717 1106 2770 sed
1136 2725 1189 2770 et
1219 2716 1454 2783 Autperti
1476 2754 1490 2777 ,
1519 2715 1734 2778 Tatoni,
1770 2714 2033 2782 Ratperti,

493 2811 584 2865 vel
624 2821 802 2864 nostra
844 2809 1107 2869 facinora,
1140 2815 1195 2859 ut
1234 2807 1378 2859 novis
1419 2806 1634 2860 minime
1676 2805 1945 2872 perveniat
1971 2805 2035 2858 ad

493 2898 950 2961 cnndonationetn,
991 2894 1166 2950 omnia
1215 2904 1270 2948 ut
1312 2908 1468 2962 supra
1514 2893 1754 2958 decrevi;
1801 2893 1939 2961 volo,
1983 2902 2037 2946 ut

491 2991 592 3058 ipsi
638 2988 802 3043 sancti
843 2986 1149 3041 monasterii
1197 2985 1482 3039 beatissimi
1531 2984 1907 3050 Bartltolomei,
1955 2983 2034 3037 vel

491 3084 603 3138 eius
633 3081 1064 3142 deservientibus,
1097 3079 1180 3144 qui
1213 3077 1368 3131 modo
1396 3087 1544 3140 sunt,
1577 3077 1657 3130 vel
1696 3078 2030 3144 imposterutn

492 3173 680 3238 fuerit,
710 3170 928 3225 firmiter
955 3167 1248 3235 possedire,
1279 3165 1422 3218 avire
1449 3165 1663 3228 deveas,
1696 3175 1750 3217 ut
1779 3174 2034 3232 quatenus

491 3267 559 3318 ab
587 3266 684 3317 ltac
711 3263 815 3328 die,
844 3273 897 3314 ut
928 3276 1030 3314 non
1061 3274 1176 3328 ago,
1206 3260 1291 3328 qui
1320 3271 1476 3326 supra
1505 3256 1724 3310 Aivaldu
1755 3254 2032 3322 presbiter,

488 3373 594 3410 non
622 3355 808 3422 aliquis
835 3355 900 3407 de
928 3353 1225 3415 heredibus,
1253 3360 1406 3417 atque
1431 3349 1652 3417 posteris
1683 3347 1781 3400 mei
1810 3360 2032 3425 unquam

488 3444 598 3496 ullo
638 3450 874 3508 tampore
911 3442 1081 3507 aliqua
1130 3439 1293 3506 possit
1342 3437 1520 3490 inferri
1568 3436 1826 3498 molestia,
1867 3448 2034 3500 neque

493 3529 907 3592 molestaudum,
948 3541 1119 3594 neque
1159 3541 1248 3590 per
1286 3525 1430 3577 nullo
1460 3531 1786 3592 argumento,
1828 3521 2034 3588 ingenio

491 3618 688 3672 exinde
711 3617 904 3684 aliquid
934 3613 1364 3681 suptraltendum,
1392 3627 1559 3680 neque
1583 3612 1645 3663 ad
1669 3610 1764 3662 alia
1791 3609 2031 3672 ecclesia,

487 3723 659 3777 neque
687 3707 752 3760 ad
779 3705 1034 3760 seculatia
1067 3703 1164 3757 nisi
1194 3713 1391 3756 tantum
1425 3701 1686 3770 perpetuis
1716 3699 2033 3768 temporibus

485 3798 693 3851 ﬁrmum
715 3838 729 3862 ,
757 3805 810 3849 et
835 3794 1117 3847 stavilitum
1145 3799 1445 3860 permaneat
1471 3789 1533 3842 ad
1565 3789 1678 3854 ipso
1714 3798 1892 3842 sancto
1924 3800 2034 3839 mo-

486 3885 718 3938 nasterio
757 3881 1048 3937 beatissimi
1085 3879 1252 3934 sancti
1289 3877 1673 3941 Bartholomei,
1713 3877 1848 3928 sicut
1877 3889 2034 3939 supra

486 3978 752 4029 decretum
784 3985 883 4027 est.
929 3974 1061 4026 Ecce
1100 3980 1154 4024 ut
1194 3970 1323 4023 meis
1367 3968 1537 4020 taliter
1566 3967 1754 4019 luirum
1789 3964 2032 4018 desiderii

484 4080 607 4133 erga
639 4078 721 4118 me
749 4063 1066 4130 adimplevit,
1100 4071 1150 4114 et
1181 4075 1244 4113 ne
1274 4059 1426 4111 micbi
1456 4058 1550 4110 lice
1579 4057 1750 4109 facere
1777 4056 1880 4107 ullo
1905 4065 2033 4110 tem-

487 4171 615 4222 pure
663 4156 821 4217 nolle,
868 4154 1004 4221 quod
1052 4150 1233 4214 voluit,
1277 4150 1369 4204 sed
1408 4150 1543 4218 quod
1582 4163 1611 4201 a
1654 4162 1736 4201 tne
1777 4147 1912 4200 facto
1951 4147 2031 4200 vel

483 4243 793 4298 conﬁrmato
823 4240 1190 4296 inviolabiliter
1215 4240 1525 4292 confirmare
1568 4239 1844 4306 promitto;
1876 4251 2030 4303 quam

480 4338 597 4389 viro
625 4336 797 4407 [for-te,
832 4331 967 4402 iuro]
995 4331 1192 4384 cartnla
1233 4329 1552 4383 remissionis
1582 4344 1764 4388 rerum,
1784 4327 2030 4380 dotalium

482 4425 648 4482 Lucio
677 4424 878 4477 notario
907 4421 1134 4475 scrivere
1166 4419 1386 4487 rogavit.

557 4520 742 4569 Actum
768 4512 991 4567 Pistoria
1020 4524 1255 4577 regnum,
1278 4517 1330 4561 et
1355 4508 1634 4560 indictione
1655 4505 2024 4573 suprascripta.

484 4606 747 4661 Feliciter.

564 4699 618 4754 >14
655 4693 761 4759 Ego
790 4690 1008 4744 Aivaldu
1038 4688 1312 4757 presbiter,
1346 4686 1429 4752 qui
1462 4687 1597 4738 lianc
1624 4685 1818 4738 cartnla
1855 4699 2028 4736 rerum

483 4785 734 4837 dotalium
763 4783 872 4834 fieri
904 4781 1098 4846 rogavi,
1125 4788 1176 4832 et
1206 4793 1356 4829 manu
1386 4793 1495 4827 mea
1528 4777 1734 4843 propria
1763 4775 2028 4838 suscripsi.

565 4879 620 4934 ie
657 4873 764 4940 Ego
786 4869 1036 4923 Tcudeiat
1068 4868 1319 4936 presbiter
1347 4874 1553 4933 rogatus
1578 4866 1639 4917 ad
1667 4865 1884 4917 Aiva‘du
1915 4878 2025 4930 pre-

481 4965 646 5016 sbiter
673 4961 817 5014 testis
845 4976 918 5012 ss.

560 5054 772 5120 Signum
810 5056 865 5111 ὦ
899 5065 1079 5101 manus
1118 5048 1379 5101 Tanicltisi
1421 5047 1676 5115 quondam
1708 5045 1907 5098 Tanolii
1946 5059 2031 5097 ro-

509 5152 629 5194 :alus
661 5151 825 5193 leslts.

481 5158 629 5209 gaius
661 5158 825 5193 testis.

559 5240 614 5294 ὦ
654 5232 760 5300 Ego
785 5229 1068 5296 Gumperto
1097 5227 1344 5279 diaconus
1375 5238 1580 5295 rogatus
1603 5225 1665 5276 ad
1697 5225 1876 5278 Aialdu
1906 5239 2025 5293 pre-

482 5322 643 5374 sbiter
672 5321 814 5375 testis
840 5335 912 5372 ss.

559 5419 612 5472 >I<
642 5412 750 5481 Ego
768 5410 1009 5466 Guidolfo
1027 5419 1233 5478 rogatus
1252 5409 1507 5462 adAialtlu
1528 5409 1782 5478 presbiter
1803 5411 1948 5464 lcstis
1964 5425 2037 5466 ss.

2060 4448 2109 4506 D

2141 1912 2456 1967 Gaidoaldus
2500 1915 2730 1969 medicus
2775 1930 2951 1985 regum
2999 1921 3262 1985 cogitante
3306 1932 3392 1973 me
3418 1919 3482 1974 de
3508 1923 3664 1974 omni-

2139 2004 2335 2070 potenti
2384 2006 2788 2072 misericordia,
2845 2017 2898 2061 et
2954 2009 3264 2062 remissione
3314 2013 3485 2063 anime
3542 2026 3666 2073 meo,

2138 2094 2387 2158 quoniam
2421 2093 2522 2147 vite
2552 2105 2866 2161 temporum,
2913 2105 2966 2149 et
3013 2098 3197 2150 mortis
3223 2098 3420 2150 exitum
3447 2100 3667 2164 omnipo-

2139 2189 2250 2235 tens
2277 2182 2528 2236 Dominus
2555 2197 2649 2236 sue
2687 2184 2709 2213 ’
2739 2184 2892 2236 modo
2920 2193 3062 2238 tanta
3116 2186 3136 2214 ³
3165 2187 3428 2239 reservavi
3465 2188 3666 2248 notitia,

2136 2270 2205 2323 ob
2230 2270 2330 2322 bne
2361 2281 2487 2326 ante
2531 2286 2685 2339 quam
2716 2273 3022 2338 repentinus
3051 2275 3390 2339 superveniat
3425 2275 3667 2334 interitus,

2137 2359 2295 2411 nichil
2323 2373 2478 2414 omne
2508 2359 2527 2389 ‘
2554 2371 2730 2414 nostra
2769 2362 3008 2414 deveniat
3035 2361 3339 2428 disponere,
3363 2374 3662 2430 atque.......

2137 2459 2251 2498 cum
2286 2449 2581 2501 venerimus
2627 2457 2746 2502 ante
2796 2447 3024 2502 tribunal
3067 2446 3284 2514 Christi,
3335 2463 3436 2503 non
3479 2465 3569 2503 nos
3611 2452 3666 2502 dc

2136 2537 2457 2604 neglegentia
2477 2537 2698 2605 judtcet,
2724 2537 2816 2591 sed
2841 2539 2907 2592 de
2929 2537 3078 2592 bonis
3099 2539 3353 2606 operibus
3375 2540 3664 2608 gratuletur,

2135 2639 2190 2682 ut
2216 2629 2357 2695 prius
2383 2644 2486 2697 qua
2517 2628 2538 2658 ⁸
2565 2629 2630 2682 de
2661 2644 2718 2682 re
2758 2643 2856 2697 ego
2892 2629 2979 2698 qui
3010 2644 3166 2696 supra
3213 2627 3522 2684 Gaidoaldus
3567 2643 3663 2682 me-

2134 2718 2303 2782 dicus,
2349 2716 2471 2768 dum
2523 2731 2609 2769 me
2663 2716 2950 2783 previdisse
2995 2715 3016 2746 ⁶
3047 2717 3099 2769 in
3149 2731 3252 2770 unc
3303 2717 3458 2770 exilio
3501 2717 3663 2768 mundi

2136 2813 2497 2873 permanente,
2532 2803 2728 2872 previdi
2755 2804 2819 2858 de
2866 2806 3020 2859 rebus
3045 2802 3177 2858 meis
3209 2820 3301 2872 per
3327 2807 3530 2859 decreta
3563 2806 3659 2858 loca

2134 2897 2334 2962 offerri,
2367 2908 2418 2952 et
2443 2899 2744 2952 condonare
2788 2912 2881 2966 pro
2927 2898 3099 2956 anima
3130 2913 3269 2962 mea,
3303 2898 3380 2952 vel
3406 2897 3469 2952 de
3496 2912 3662 2966 parcu-

2134 2989 2272 3042 tibus
2299 2992 2453 3054 meis,
2483 3003 2539 3042 ut
2587 2991 2638 3042 in
2670 2999 2977 3058 perpetuum
3029 2993 3236 3040 firmum
3286 2997 3576 3054 permaneat
3601 2988 3660 3039 ad

2134 3081 2432 3142 ecclesiam,
2455 3089 2507 3133 et
2528 3081 2904 3132 monasterium
2928 3079 3095 3131 sancti
3122 3077 3522 3143 Bartltolotnaei,
3545 3092 3660 3146 quas

2138 3170 2279 3224 foras
2322 3184 2501 3224 muros
2543 3171 2770 3225 civitatis
2813 3170 3131 3225 Pistoriense
3161 3169 3213 3229 in
3269 3169 3487 3238 propriis
3523 3171 3662 3222 rebus

2135 3263 2267 3316 meis
2297 3263 2361 3314 ad
2391 3261 2745 3315 fundamentis
2773 3260 3064 3325 construxi,
3095 3261 3177 3314 vel
3221 3259 3335 3313 eius
3355 3270 3529 3314 sancte
3553 3273 3661 3312 con-

2133 3351 2452 3420 gregationis
2501 3352 2785 3406 Dontenico
2826 3350 3008 3415 albati,
3057 3358 3110 3404 et
3155 3351 3541 3413 monachorum,
3583 3348 3660 3422 qui

2133 3441 2260 3494 ittibi
2304 3441 2602 3512 congregati
2653 3455 2770 3495 esse
2819 3441 3082 3507 videntur,
3135 3453 3225 3498 aut
3281 3442 3332 3494 in
3383 3453 3525 3495 antea
3571 3443 3661 3493 Deo

2135 3530 2347 3584 iuvante
2389 3530 2409 3560 ⁷
2628 3529 2948 3584 facinoribus
2997 3532 3083 3585 die
3127 3540 3386 3597 noctuque
3435 3530 3656 3598 operibus-

2133 3619 2420 3690 elemosina
2464 3619 2691 3674 tribuere
2717 3630 2769 3674 et
2798 3621 3074 3676 Dominum
3117 3621 3402 3688 deprecare
3431 3636 3529 3673 non
3558 3633 3638 3674 ees

2133 3719 2271 3777 seu],
2304 3718 2358 3763 et
2395 3710 2545 3764 nobis
2589 3709 2815 3780 indignis
2854 3711 3125 3780 perveniat
3161 3710 3227 3762 ad
3267 3710 3480 3766 salutem
3507 3720 3554 3763 et
3589 3724 3646 3762 re

2134 3800 2362 3853 medium
2402 3801 2576 3854 anime
2601 3819 2612 3853 :
2640 3802 2864 3870 primum
2899 3803 3134 3856 omnium
3165 3809 3316 3855 curte
3344 3801 3395 3854 in
3430 3801 3557 3863 loco,
3580 3814 3651 3867 (ιυ-

2133 3895 2413 3941 voceturus
2437 3888 2750 3957 Neurecum
2777 3888 2953 3942 omnia
2979 3888 3266 3942 adiacentia
3296 3897 3350 3942 et
3375 3887 3651 3958 pertinentia

2136 3978 2200 4030 ad
2227 3979 2334 4046 ipsa
2380 3987 2526 4031 curte
2558 3979 2848 4044 pertinente
2894 3979 2944 4031 in
2990 3979 3250 4046 integrum
3295 3978 3442 4030 simul
3485 3986 3533 4029 et
3572 3973 3656 4028 alia

2136 4075 2282 4119 curte
2310 4078 2442 4133 quae
2483 4065 2670 4119 dicitur
2695 4065 2928 4120 Adosare
2957 4065 3146 4120 ﬁnibus
3174 4066 3407 4120 Lucense
3440 4079 3550 4119 cum
3578 4078 3650 4128 ea,

2133 4169 2248 4223 qua
2264 4154 2329 4207 ad
2346 4156 2454 4222 ipsa
2481 4165 2626 4208 curte
2643 4155 2661 4185 ⁸
2679 4157 2938 4223 pertinent
2959 4157 3008 4209 itt
3037 4157 3315 4223 integrum,
3330 4171 3476 4224 quam
3496 4153 3652 4214 etiam,

2134 4252 2189 4296 et
2219 4253 2420 4298 cortem
2455 4244 2808 4306 inantuniana
2843 4245 3118 4305 Lunisiana
3149 4245 3170 4274 ’
3194 4247 3280 4299 ubi
3318 4256 3371 4299 et
3395 4244 3652 4298 oratorium

2132 4331 2418 4385 beatissimi
2447 4333 2613 4385 sancti
2646 4332 2824 4400 Angeli
2856 4331 3233 4393 dedicavimus,
3261 4346 3458 4388 necnon
3481 4337 3532 4383 et
3550 4343 3650 4381 cur-

2132 4431 2236 4475 tetn
2267 4421 2318 4474 in
2350 4421 2612 4475 Barbiano
2658 4420 2848 4476 linibus
2873 4420 3013 4474 Creti
3046 4421 3088 4450 ¹⁰
3117 4435 3238 4474 cum
3277 4419 3443 4473 omnia
3472 4419 3532 4470 ad
3557 4417 3649 4483 ipsa

2134 4518 2280 4562 curte
2312 4508 2606 4577 pertinente
2634 4518 2853 4576 excepto
2881 4511 2983 4564 due
3010 4524 3131 4564 case
3177 4511 3281 4563 due
3311 4505 3581 4562 masseritie
3599 4505 3651 4557 ad

2133 4601 2268 4663 rivo,
2299 4602 2386 4669 qui
2420 4616 2600 4671 regere
2623 4602 2732 4654 vise
2763 4601 2972 4656 fuerunt
3001 4617 3092 4670 per
3118 4601 3460 4655 barnnacculo
3493 4608 3540 4652 et
3573 4611 3649 4667 go-

2132 4691 2298 4745 disteo
2321 4693 2406 4760 qtti
2439 4694 2478 4722 “
2506 4693 2658 4747 nobis
2677 4693 2740 4746 da
2772 4694 2925 4746 Aolfu
2951 4694 2991 4724 “
3017 4703 3311 4748 evenerunt
3336 4708 3447 4745 cum
3477 4687 3646 4742 familia

2134 4781 2214 4832 vel
2243 4782 2418 4834 omnia
2446 4781 2510 4834 ad
2538 4782 2652 4850 ipsa
2697 4783 3013 4850 pertinente,
3046 4797 3166 4836 nam
3206 4790 3259 4836 et
3287 4782 3386 4835 alia
3411 4779 3567 4836 omnia
3587 4773 3642 4828 ad

2135 4874 2246 4937 ipsa
2287 4883 2436 4928 curte
2480 4865 2777 4942 pertinente
2827 4877 2876 4930 in
2922 4875 3180 4944 integrum
3225 4888 3319 4929 seu
3358 4882 3409 4928 et
3447 4867 3642 4926 curteia

2138 4962 2373 5017 Bucardo
2411 4979 2530 5022 cum
2575 4967 2771 5028 omnia,
2819 4979 2873 5020 et
2921 4967 2973 5020 in
3019 4965 3286 5032 omnibus,
3334 4957 3640 5032 quidquidad

2134 5053 2246 5119 ipsa
2275 5063 2421 5108 curtc
2449 5057 2729 5129 pertinent,
2760 5065 2814 5109 et
2837 5055 2901 5109 ad
2933 5056 3100 5124 ipsum
3128 5045 3473 5110 venerandum
3493 5054 3638 5105 locum

2135 5145 2474 5199 dilectissima
2530 5145 2791 5214 Rotperga
2837 5148 3058 5216 coniuge
3111 5161 3225 5200 mea
3259 5146 3325 5200 de
3369 5148 3470 5199 suis
3506 5141 3640 5197 rebus

2133 5251 2250 5288 cunt
2301 5252 2413 5290 mea
2462 5237 2729 5291 voluntate
2770 5237 2893 5293 inivi
2934 5237 2977 5270 "
3023 5237 3221 5300 oll‘erri,
3273 5249 3323 5290 et
3370 5235 3640 5290 condonare

2131 5326 2341 5392 previdc
2370 5325 2410 5354 “
2443 5335 2545 5378 tam
2573 5326 2703 5393 ipsa,
2727 5340 2879 5395 quam
2901 5335 2952 5380 et
2973 5327 3326 5393 suprascripta
3348 5323 3495 5389 curti,
3522 5318 3636 5388 quod

2144 5416 2381 5480 superius
2413 5414 2621 5469 decrevi
2661 5429 2784 5470 cum
2807 5417 2981 5469 omnia
3010 5416 3349 5471 adiacentium
3389 5412 3465 5466 vel
3504 5409 3634 5481 perti-

1670 5520 2057 5575 VMilANTES
2101 5523 2492 5580 LECTIONES.

557 5613 569 5639 ‘
597 5610 817 5687 decimo,
842 5617 892 5663 et
915 5617 1245 5687 octavo-per“
1286 5608 1304 5636 ²
1331 5621 1420 5658 sua
1453 5611 1807 5687 tantummodo
1881 5610 1899 5639 ³
1928 5621 2064 5687 tanta
2105 5615 2265 5687 omitt.
2341 5613 2360 5641 ⁸
2385 5614 2557 5687 omnia
2633 5615 2653 5646 ⁸
2677 5631 2828 5687 quam
2902 5616 2922 5646 ⁸
2945 5618 3278 5685 ρτρνῑιιίεεοπι
3347 5618 3367 5648 τ
3388 5615 3634 5686 adjuvant:

486 5679 697 5748 iuerint,
721 5682 807 5749 qui
845 5694 937 5747 pro
961 5680 1151 5733 nostris
1227 5677 1462 5730 Elcurtetn
1535 5678 1858 5733 ’laittiscana
1912 5680 2124 5752 V’°greti
2207 5682 2238 5710 ¹¹
2268 5697 2368 5750 que
2444 5683 2645 5740 “nullo
2693 5677 2760 5714 ’⁸³
2797 5677 2957 5741 inibi'
2998 5686 3279 5757 uprcvidi.
