3820 6236
177 370 288 425 “55

1172 362 1565 419 DIPLOMATA
1604 361 1883 418 seems.
1921 344 2253 420 seuseu;

3164 360 3292 418 “34

172 467 367 537 nentiam
393 489 519 539 seu.
568 475 585 507 ³
615 487 759 539 case,
790 472 1081 528 masseritia
1111 473 1130 501 ’
1161 481 1214 527 et
1257 470 1321 525 de
1348 451 1665 534 aldionibus,
1694 480 1743 538 Α
1770 472 1875 525 sint
1918 472 2020 525 nisi
2060 486 2239 525 eorum
2291 470 2485 526 utilitas
2529 470 2690 526 luisse
2715 472 2759 502 ²¹
2789 485 2943 525 cause
2986 472 3288 526 adiutorium

173 569 325 632 vineis,
353 565 521 627 terris,
550 566 731 632 pratis,
761 561 988 629 pascuis,
1020 561 1185 627 silvis,
1230 558 1457 623 saleclis,
1487 558 1669 611 statio-

1770 561 2075 627 prestando.
2136 562 2202 614 Et
2252 561 2350 616 hoc
2396 563 2514 615 volo
2558 571 2711 629 atque
2753 565 3005 617 conlirmo
3049 573 3103 616 ut
3128 565 3300 619 omnia

174 659 312 721 nibus,
342 653 609 724 padulibus
658 652 679 683 ³
708 651 928 714 cultum,
978 659 1033 703 et
1072 649 1345 713 incultum,
1394 646 1671 701 movilibus
1767 647 2013 713 quidquid
2051 649 2287 714 superius
2332 648 2573 718 leguntur
2599 649 2666 703 ad
2713 650 2821 717 ipsa
2868 652 3085 704 ecclesia
3135 654 3302 705 sant-ti

174 748 531 805 etinmobilibus
559 759 643 798 res
666 757 824 812 seque
856 742 878 772 ³
908 741 1164 795 moventia
1188 739 1382 802 omnia,
1408 746 1462 791 et
1487 737 1538 790 in
1560 752 1673 791 om-

174 838 302 892 nibus
325 833 570 904 quidquid
617 831 682 885 ad
712 831 812 885 iste
855 829 1022 882 curtis
1051 828 1131 882 vel
1162 840 1283 880 case
1325 826 1583 893 pertinent
1608 824 1674 877 ad

176 930 317 996 ipsum
362 921 714 978 venerabilem
764 920 958 981 locum,
1006 915 1088 969 vel
1116 916 1228 968 eius
1250 921 1427 967 sancte
1451 924 1672 977 congre—

174 1013 361 1083 galiouis
387 1025 477 1077 pro
502 1010 679 1063 anime
708 1021 825 1062 mee
853 1004 1141 1060 remedium
1166 1002 1307 1056 dono
1329 1014 1471 1069 meo,
1504 998 1670 1062 trado,

176 1118 303 1169 st.ue
336 1096 906 1171 oﬂeropossidendum,
938 1092 1092 1149 simul
1119 1093 1275 1146 etiam
1301 1100 1355 1145 et
1380 1099 1525 1143 curte
1555 1102 1669 1141 mea

178 1194 287 1263 quod
312 1205 457 1245 avere
494 1188 516 1220 ⁸
555 1188 697 1242 visus
731 1199 845 1239 sum
893 1182 1083 1236 ﬁnibus
1128 1180 1386 1234 maritima
1432 1178 1485 1230 in
1534 1178 1678 1230 locus

177 1283 247 1348 qui
272 1289 468 1335 vocatur
491 1277 723 1332 Cornino
750 1288 868 1328 cum
910 1273 931 1303 ⁵
966 1272 1138 1325 omnia
1172 1270 1234 1322 ad
1264 1283 1375 1323 eam
1416 1268 1677 1335 pertinen-

180 1384 265 1425 tem
305 1370 324 1401 "
370 1368 432 1421 ad
477 1366 719 1421 eumdem
765 1370 999 1435 sanctum
1041 1357 1335 1412 convivium
1382 1356 1579 1417 oﬂerri,
1626 1363 1679 1407 et

179 1456 439 1512 condonare
468 1453 699 1521 previdia
732 1450 787 1504 ln
830 1463 894 1503 eo
940 1447 1116 1511 modo,
1162 1453 1218 1499 ut
1260 1443 1567 1512 propositus,
1596 1442 1677 1495 vel

182 1554 327 1599 rector
370 1541 455 1609 qui
499 1540 552 1593 in
602 1537 884 1594 senodocio
935 1550 1052 1589 meo
1105 1532 1187 1586 hic
1224 1532 1245 1561 ⁸
1284 1532 1422 1585 foras
1470 1531 1680 1583 civ.tate

183 1633 468 1688 Pistoriettse
509 1629 801 1697 propinquo
841 1625 956 1692 ipso
1003 1622 1319 1677 monasterio
1360 1620 1557 1688 pesitus
1601 1619 1679 1672 vel

182 1722 417 1774 ordinatus
457 1716 631 1781 fuerit,
658 1711 1004 1767 communiter
1052 1722 1176 1763 suus
1202 1708 1222 1736 ³
1254 1707 1529 1761 uutrimiua
1558 1721 1677 1759 cum

1772 736 2119 791 Bartholomei
2146 739 2451 793 conﬁrmavi
2478 739 2558 793 vel
2597 742 2764 808 ipsum
2811 741 3181 793 monasterium
3213 757 3301 791 Ila-

1770 840 1872 893 que
1899 841 2036 880 nunc
2081 842 2376 896 possessum
2405 843 2501 883 sue
2526 828 2572 859 ³³
2599 838 2655 883 ut
2677 830 2820 884 omni
2860 833 2913 884 in
2957 842 3188 897 tempore
3217 832 3303 882 lir-

1771 930 1913 969 mum
1963 930 2024 971 ac
2076 917 2359 972 stabilitum
2408 927 2727 986 permaneat.
2783 918 2859 973 De
2903 928 3073 973 autem
3113 920 3303 985 reliqua

1772 1005 2083 1058 monasteria
2134 1006 2212 1061 vel
2258 1006 2572 1061 senodocbia
2617 1007 2701 1060 hic
2728 1006 2776 1038 “
2804 1006 3021 1061 Pistoria
3049 1007 3129 1059 vel
3167 1006 3306 1059 Tici-

1775 1092 1951 1145 uensis
1980 1094 2191 1148 civitate
2237 1111 2392 1163 quam
2442 1107 2495 1149 et
2522 1096 2701 1151 Cassio
2727 1106 2781 1150 et
2826 1097 3026 1165 reliqua
3054 1097 3149 1149 alia
3196 1098 3307 1149 loca

1775 1186 1861 1251 qui
1893 1196 1984 1250 per
2013 1198 2096 1236 me
2133 1183 2369 1237 ordinata
2400 1186 2481 1240 vel
2521 1196 2821 1240 constructa
2863 1195 2985 1238 sunt
3012 1187 3076 1238 ita
3121 1186 3305 1239 decre-

1780 1273 1947 1326 vimus
1968 1281 2026 1325 ut
2045 1287 2139 1340 per
2162 1276 2326 1340 ipsum
2358 1276 2730 1328 monasterium
2760 1275 2925 1327 saueti
2956 1274 3305 1327 Bartholomei

1778 1362 1825 1393 ³⁸
1977 1364 2213 1418 ordinata
2240 1373 2295 1417 et
2319 1364 2569 1429 disposita
2608 1367 2683 1417 sic
2726 1368 2795 1417 ita
2837 1376 2891 1418 ut
2927 1364 3101 1418 nullus
3128 1362 3312 1417 abbate

1776 1449 1863 1517 qni
1895 1450 2051 1503 modo
2075 1459 2158 1504 est
2180 1462 2273 1525 aut
2300 1452 2632 1519 postmodum
2681 1453 2827 1507 luere
2869 1453 3201 1506 minuandum
3245 1452 3311 1505 de

1779 1539 1887 1605 ipsa
1925 1540 2210 1592 elemosina
2236 1540 2300 1605 ³⁸,
2333 1551 2421 1595 aut
2472 1544 2677 1610 qualive
2706 1558 2789 1596 res
2817 1543 2937 1597 inde
2962 1544 3314 1596 subtrahendo

1781 1626 1877 1679 nisi
1928 1626 2145 1693 qualiter
2196 1626 2375 1694 scripti
2421 1628 2462 1658 ’τ
2508 1626 2835 1683 instituemus
2887 1628 3027 1681 omni
3083 1638 3313 1694 tempore

1779 1714 2065 1767 stabilitum
2097 1726 2396 1781 permaneat
2422 1716 2472 1767 in
2499 1717 2797 1771 elemosinis
2826 1716 2873 1748 ³³
2903 1732 3199 1785 pauperum.
3252 1718 3314 1769 Et

164 1802 324 1877 ’ἀνείης
350 1803 645 1861 Nonacria
674 1803 728 1856 in
753 1802 935 1856 eodem
964 1801 1081 1853 loco
1116 1797 1345 1852 Cornino
1372 1803 1611 1865 pasceret
1638 1794 1678 1824 ‘°
1717 1793 1759 1850 Β
1783 1801 1829 1856 si
1857 1802 2043 1870 aliquis
2077 1804 2144 1857 de
2181 1806 2307 1871 ipsis
2352 1806 2627 1859 abbatibus
2673 1807 2916 1874 prepositi
2946 1807 2989 1837 "
3018 1808 3315 1861 custodibus

184 1902 219 1949 si
243 1910 315 1951 tne
342 1907 526 1963 ponere
547 1890 789 1946 debeant.
819 1888 927 1943 llec
951 1897 1129 1941 autem
1151 1886 1292 1939 omni
1314 1885 1365 1937 in
1389 1892 1619 1950 tempore
1642 1881 1705 1949 ³³,

186 2001 266 2053 rgo
289 1982 483 2037 decrevi
511 1981 574 2034 ad
612 1981 781 2048 ipsum
825 1986 1082 2056 sanctum.
1105 1984 1159 2029 et
1183 1974 1480 2029 venerabile
1517 1973 1686 2026 locum

186 2081 245 2134 sit
278 2078 505 2131 traditum
533 2086 586 2129 et
612 2072 975 2129 conﬁrmatum
1001 2078 1058 2122 ut
1100 2069 1212 2136 ipse
1257 2066 1443 2121 abbate
1472 2064 1551 2118 vel
1576 2077 1689 2117 mo-

190 2171 317 2224 nachi
340 2169 389 2222 in
416 2168 527 2235 ipso
549 2162 864 2251 mgnasterio
888 2160 1172 2215 secundum
1201 2157 1361 2212 Deum
1383 2166 1437 2211 et
1455 2165 1688 2210 sanctam

189 2262 388 2330 regulam
425 2259 597 2314 vivere
632 2246 695 2309 ~et
724 2250 989 2307 deservire
1029 2248 1252 2303 debeant
1280 2248 1423 2301 omni
1454 2246 1506 2299 in
1559 2258 1691 2298 tem-

192 2363 297 2416 pore
319 2356 547 2400 sanctum
590 2342 863 2398 cenobium
902 2337 1316 2393 conlirmahdum
1345 2344 1401 2389 ut
1426 2346 1689 2400 nunquam

188 2438 453 2488 destruatur
492 2431 660 2501 setin
713 2437 1017 2501 perpetuum
1064 2424 1345 2478 stabilitum
1395 2429 1691 2489 permaneat

190 2526 270 2578 sub
303 2523 485 2577 nullius
513 2499 809 2573 hominibus
850 2516 934 2571 vel
978 2516 1159 2569 matris
1201 2514 1421 2568 ecclesie
1466 2519 1693 2578 potestas

190 2614 462 2666 subiaceute
485 2609 585 2665 nisi
612 2612 663 2662 in
694 2622 791 2662 suo
819 2608 929 2660 iure
958 2611 1290 2672 permanente
1334 2602 1383 2655 in
1416 2600 1456 2629 ι’
1486 2601 1564 2652 ius
1591 2597 1692 2665 spi-

194 2702 416 2756 ritualiter
433 2709 485 2755 et
504 2698 811 2768 regulariter
829 2693 1156 2748 tleserviente
1180 2700 1234 2745 et
1256 2691 1390 2743 inter
1416 2704 1473 2742 se
1502 2690 1555 2741 iu
1580 2687 1694 2754 ipsa

191 2788 562 2858 congregatione
589 2782 814 2854 digentis
842 2780 885 2811 “
910 2782 1117 2843 abbate,
1148 2776 1235 2847 qui
1277 2776 1327 2829 in
1358 2774 1474 2842 ipso
1512 2788 1693 2833 mona-

194 2876 333 2929 sterio
360 2877 435 2926 vel
463 2881 644 2926 sancta
672 2871 1072 2937 congregatione
1116 2865 1401 2919 secundum
1455 2861 1613 2915 Dettm
1644 2868 1697 2913 et

195 2972 403 3019 sanctam
428 2962 655 3032 regulam
677 2959 909 3013 continet
928 2969 1109 3023 regere
1131 2963 1185 3008 et
1204 2950 1446 3005 ordinare
1474 2950 1695 3002 debeant

196 3056 423 3109 licentiam
466 3053 688 3105 habeant
734 3064 886 3117 quem
926 3046 993 3101 de
1037 3045 1195 3113 ipsius
1243 3038 1539 3096 monasterii
1567 3053 1692 3092 con-

1784 1894 1850 1947 de
1872 1894 1980 1961 ipsa
2006 1894 2288 1948 elemosina
2318 1895 2361 1925 ³ο
2390 1897 2658 1950 subtraere
2686 1898 2729 1927 “
2765 1899 3022 1952 voluerint
3058 1899 3124 1952 de
3167 1913 3316 1965 pecu-

1786 1983 1870 2036 nia
1919 1990 2011 2036 aut
2061 1984 2241 2051 quales
2296 1998 2382 2037 res
2431 1999 2535 2037 non
2588 1984 2780 2039 habeas
2831 1984 3113 2039 licentiam.
3176 1986 3239 2038 Et
3274 1987 3319 2039 si

1786 2069 1980 2125 factum
2010 2082 2101 2124 aut
2145 2075 2463 2126 subtractum
2510 2073 2654 2127 luere
2696 2082 2749 2127 et
2794 2076 2858 2126 ad
2892 2089 3067 2127 veram
3110 2089 3318 2126 causam

1787 2174 2078 2228 apparuere
2117 2160 2234 2214 tiliis
2279 2162 2359 2215 vel
2390 2162 2668 2215 heredibus
2698 2162 2827 2215 meis
2874 2175 2974 2215 non
3024 2162 3321 2229 permittant

1789 2252 1978 2306 exinde
2005 2254 2242 2307 minuere
2269 2260 2362 2305 aut
2393 2255 2562 2321 aliqua
2602 2252 2956 2307 subtractione
2984 2252 3097 2305 ﬁeri
3135 2253 3323 2305 simul-

1790 2356 1891 2408 que
1917 2340 1961 2370 ³³
1982 2340 2116 2393 illius
2141 2350 2226 2393 aut
2257 2342 2535 2394 heredibus
2583 2344 2712 2395 meis
2755 2340 2945 2395 exinde
2988 2344 3221 2393 tninuare
3257 2341 3323 2395 de

1790 2428 1900 2496 ipsa
1928 2429 2213 2505 eleinosina
2243 2428 2287 2458 ³³
2320 2430 2457 2482 sicut
2482 2445 2512 2481 a
2541 2444 2623 2482 me
2653 2430 2938 2482 institutum
2966 2440 3046 2482 est
3071 2442 3154 2481 aut
3179 2432 3322 2484 exin-

1791 2518 1858 2572 de
1886 2518 2025 2587 quali
2074 2521 2185 2572 iure
2211 2518 2255 2547 “
2276 2519 2544 2571 subtraere
2586 2520 2794 2571 volucre
2838 2517 2998 2570 simili
3039 2518 3191 2569 modo
3222 2534 3323 2571 non

1794 2608 2059 2676 permittat
2086 2608 2325 2663 abbatem
2353 2608 2417 2661 de
2460 2608 2572 2674 ipso
2596 2608 2913 2661 monasterio
2940 2608 3115 2681 sancti
3145 2608 3325 2660 Barto-

1795 2699 1950 2753 lomei
1982 2698 2093 2751 ﬂeri
2138 2697 2226 2771 qui
2256 2698 2413 2750 modo
2456 2706 2537 2751 est
2563 2705 2652 2749 aut
2679 2694 2768 2765 qui
2813 2697 3137 2763 postmodum
3182 2696 3328 2750 luere

1796 2788 1893 2841 nisi
1925 2787 2077 2841 ambe
2106 2787 2293 2853 partim
2316 2785 2362 2817 ³⁸
2385 2775 2758 2839 defensandum
2791 2800 2968 2839 curam
2997 2784 3181 2839 exinde
3211 2800 3317 2851 per.

1796 2876 2051 2945 agendum
2122 2887 2178 2927 ut
2232 2890 2399 2941 neque
2463 2867 2746 2927 minuatam
2798 2888 2965 2940 neque
3012 2875 3341 2927 subtractam.

1798 2966 1940 3018 nullo
1991 2966 2145 3018 modo
2190 2965 2261 3017 sit
2309 2964 2581 3019 elimosina
2613 2964 2658 2994 ³⁸
2698 2978 3000 3031 pauperum.
3051 2964 3155 3017 Sed
3201 2964 3330 3016 sicut

1800 3069 1889 3121 per
1911 3054 2090 3121 scripti
2118 3052 2317 3105 lirtnavi
2360 3054 2552 3122 inipsa
2578 3053 2859 3107 stabilitate
2882 3050 3187 3106 defendatur
3220 3053 3332 3104 nul-

195 3143 459 3212 gregatione
485 3142 551 3195 de
582 3140 717 3194 inter
744 3153 802 3193 se
831 3138 881 3190 iu
911 3138 1097 3190 abbate
1125 3134 1375 3201 elegerint
1411 3130 1694 3185 stabilitum

1801 3144 1847 3195 la
1886 3142 2073 3196 exinde
2102 3140 2432 3206 subripiendo
2479 3150 2535 3194 et
2580 3140 2696 3209 quis
2726 3138 2812 3193 ille
2854 3139 3133 3194 immemor
3152 3148 3332 3192 contra

196 3244 483 3304 permaneat.
520 3229 649 3283 Nam
680 3243 782 3281 non
825 3227 892 3279 de
918 3226 1033 3277 aliis
1063 3220 1359 3276 hominibus
1410 3220 1489 3272 vel
1522 3233 1701 3271 mena-

196 3323 333 3376 sttrio
374 3334 473 3375 non
517 3318 798 3388 possent“
826 3315 1203 3371 ordinationem
1256 3311 1427 3364 lacere
1477 3319 1568 3361 aut
1611 3308 1701 3360 ab-

197 3413 345 3465 batem
370 3424 560 3480 ponere
588 3410 686 3462 nisi
714 3408 805 3476 qui
842 3406 907 3458 de
932 3405 1041 3471 ipsa
1083 3401 1483 3470 congregatione
1513 3398 1703 3452 fuerint

199 3501 316 3553 sicut
335 3509 508 3553 sancta
562 3493 741 3565 regu'la
774 3495 1027 3558 continet,
1052 3491 1225 3545 inivibi
1258 3486 1566 3544 “abbatem
1593 3486 1703 3541 tieri

198 3590 398 3639 debeant
440 3585 524 3638 vel
576 3588 622 3637 si
673 3582 890 3635 lorsitan
935 3579 1107 3647 aliqua
1155 3578 1461 3631 necessitate
1506 3576 1705 3628 venerit

197 3690 333 3729 causa
359 3678 408 3731 in
436 3676 606 3743 ipsum
653 3680 888 3726 sanctum
933 3668 1306 3723 monasterium
1333 3664 1415 3717 vel
1443 3663 1553 3717 eius
1577 3676 1701 3714 cun-

198 3770 479 3837 gregationis
506 3766 623 3819 volo
668 3776 824 3832 atque
868 3762 1094 3815 decerno
1124 3766 1181 3812 ut
1227 3760 1271 3812 si
1299 3772 1328 3810 a
1357 3767 1502 3825 parte
1528 3769 1707 3815 mona-

198 3858 326 3911 sterii
351 3857 537 3911 utilitas
576 3857 719 3908 luere
746 3860 799 3906 et
826 3851 935 3904 lilio
960 3864 1077 3904 meo
1113 3847 1410 3915 Gaiprando
1453 3846 1707 3900 adiuvare

201 3952 429 4002 meruerit
455 3950 564 4014 ipse
589 3946 672 3999 vel
702 3942 1005 4007 heredibus,
1028 3939 1160 3995 meis
1178 3940 1229 3993 iu
1258 3939 1367 4007 ipso
1392 3937 1708 3994 monasterio

199 4038 487 4090 adiutorium
531 4036 750 4104 prebeas
787 4042 841 4087 et
876 4044 1087 4085 causam
1127 4030 1399 4084 delendas.
1446 4028 1576 4081 Nam
1605 4042 1707 4081 non

200 4127 404 4196 amplius
427 4128 567 4180 nulla
592 4122 934 4192 imperatione
961 4130 1051 4173 aut
1075 4119 1215 4189 quali
1245 4119 1287 4149 ⁸⁸
1319 4134 1441 4174 vere
1469 4119 1507 4151 "
1532 4120 1709 4174 subte-

200 4203 399 4271 reudum
427 4216 467 4247 ³⁸
494 4217 637 4269 nullo
663 4214 818 4267 modo
838 4212 1010 4267 facere
1026 4218 1251 4279 possent.
1277 4207 1340 4263 Et
1363 4209 1483 4263 dum
1505 4224 1600 4277 ego
1622 4208 1710 4277 qui

197 4320 340 4373 supra
362 4306 673 4361 Gaidoaldus
702 4305 937 4358 medicus
978 4303 1222 4356 adiuvare
1248 4308 1483 4356 metuero
1509 4301 1559 4353 in
1594 4316 1709 4353 mea

197 4402 263 4447 sit
302 4405 543 4466 potestate
585 4394 725 4447 sicut
774 4406 937 4460 usque
983 4405 1123 4446 nunc
1167 4390 1537 4445 defensantium
1584 4389 1707 4441 dum

197 4499 361 4537 curam
384 4485 731 4555 impendenda
772 4497 868 4552 pro
895 4496 1076 4537 eorum
1104 4480 1396 4535 dilensione
1422 4494 1539 4533 nam
1567 4478 1707 4532 nulla

195 4576 255 4628 de
284 4591 340 4629 ea
365 4592 477 4644 que
504 4577 627 4630 inivi
672 4592 700 4629 a
728 4590 813 4631 me
857 4582 979 4630 sunt
1017 4575 1202 4630 collata
1250 4584 1340 4629 aut
1379 4573 1517 4629 unde
1543 4574 1583 4604 ³³
1610 4588 1709 4642 que

197 4664 390 4721 advenit
415 4665 586 4735 alique
610 4665 985 4717 subterendum
1014 4663 1056 4693 ³⁰
1085 4671 1164 4717 est
1186 4671 1300 4728 post
1317 4662 1515 4716 obitum
1536 4676 1707 4716 meum

196 4757 357 4809 omnia
382 4759 510 4810 sicut
534 4754 779 4823 superius
806 4754 1012 4807 decrevi
1055 4754 1339 4808 stabilitum
1386 4764 1706 4821 permaneat,

198 4853 249 4899 et
285 4847 448 4900 nullus
490 4846 558 4900 de
605 4844 886 4903 heredibus
915 4858 1011 4910 pro
1059 4845 1337 4897 heredibus
1374 4843 1503 4896 meis
1530 4852 1711 4894 c0ntra

198 4934 324 4988 banc
366 4952 529 4988 meam
579 4936 832 4988 eartulatn
872 4932 1115 4985 dictionis
1144 4933 1187 4962 ’ί
1217 4948 1308 4986 seu
1354 4933 1709 5000 dispositionis

198 5024 469 5085 oﬂertioitis
496 5038 611 5083 mue
655 5026 730 5076 ire
758 5022 1066 5091 quandoque
1112 5034 1380 5088 presumas
1427 5020 1709 5088 autaliquc

198 5116 408 5183 amplius
433 5117 481 5168 in
510 5114 623 5182 ipso
649 5113 967 5171 rumasterio
1009 5111 1348 5179 imperatione
1389 5110 1561 5165 facere
1592 5126 1713 5178 pos-

1799 3231 1932 3283 hanc
1980 3245 2148 3306 meam
2200 3228 2595 3299 dispositionem
2644 3237 2698 3283 ct
2741 3227 3084 3305 ordinationis
3137 3239 3334 3283 eartuta

1799 3336 1971 3373 rerum
1999 3331 2294 3374 sanctorum
2325 3320 2572 3375 dotaliunt
2622 3320 2697 3375 ire
2724 3320 3033 3389 quandoque
3091 3334 3333 3390 presum-

1802 3423 1908 3475 pset
1925 3409 1962 3461 it
1991 3416 2080 3461 aut
2109 3424 2223 3461 eam
2247 3410 2533 3473 irrumpere
2561 3409 2781 3462 voluerit
2801 3408 2851 3460 in
2879 3409 3055 3474 primis
3080 3407 3209 3462 iratn
3245 3408 3333 3463 Dei

1800 3509 1852 3550 et
1880 3511 2064 3552 omnes
2090 3496 2131 3528 ³⁷
2167 3497 2383 3550 virtutes
2410 3496 2454 3527 ³³
2484 3499 2713 3550 celorttm
2766 3496 3193 3565 archangelorum
3241 3512 3335 3549 an-

1800 3589 2036 3655 gelorum
2070 3588 2440 3655 prophetarum
2468 3588 2820 3655 apostolorum
2852 3589 3119 3639 martirum
3140 3597 3191 3639 et
3214 3602 3339 3640 con-

1803 3676 2061 3732 lessorum
2090 3677 2377 3731 incurrant.
2426 3676 2640 3744 Insuper
2664 3676 2839 3729 socius
2863 3676 2959 3728 sibi
2988 3674 3031 3704 ³³
3056 3674 3187 3728 Juda
3213 3674 3341 3729 Sca-

1805 3767 2023 3822 riotthes
2053 3767 2139 3836 qui
2186 3781 2280 3835 per
2308 3779 2543 3819 amarum
2588 3766 2823 3819 osculum
2866 3765 3135 3817 Dominum
3159 3772 3223 3818 'ac
3254 3780 3339 3819 re-

1803 3856 2046 3924 demptor
2072 3856 2305 3909 omnium
2333 3854 2563 3907 tradidit.
2617 3854 2680 3907 Et
2725 3853 2774 3907 in
2823 3861 3073 3907 tartarum
3121 3855 3189 3907 sit
3214 3864 3340 3907 catt-

1804 3956 2063 4014 sumptus.
2099 3947 2236 3999 Ecce
2266 3957 2317 3999 ut
2343 3946 2473 3999 meis
2504 3944 2712 3997 luerunt
2737 3943 3010 3998 desideriis
3041 3944 3250 4009 implevi
3288 3954 3342 3999 ct

1802 4037 1849 4090 si
1871 4036 2101 4105 qualibet
2125 4037 2229 4089 alio
2256 4035 2538 4105 iudicatum
2566 4048 2856 4101 apparuere
2876 4034 3058 4087 itt‘°sc
3085 4035 3276 4087 habeas
3296 4034 3339 4063 δ’

1808 4126 1994 4180 rubore
2024 4125 2067 4155 "
2094 4125 2191 4178 nisi
2237 4124 2335 4179 iste
2374 4122 2419 4154 “
2448 4125 2535 4193 qui
2565 4123 2610 4155 "‘
2638 4138 2773 4177 nunc
2821 4122 2973 4175 modo
3018 4122 3340 4176 conﬁrmavi.

1808 4217 1872 4273 Et
1899 4216 2191 4271 Gaubcrtus
2221 4216 2453 4269 notarius
2481 4216 2710 4269 scribere
2740 4216 2935 4283 rogavi.

1876 4312 2063 4374 Actum
2094 4305 2310 4359 Pistorie
2350 4303 2631 4357 indictione
2659 4304 2707 4333 ⁸³
2734 4304 2831 4356 ista
2860 4302 2904 4332 “
2934 4302 3165 4356 feliciter.

1877 4395 2089 4465 Signum
2123 4394 2319 4448 domini
2363 4392 2632 4447 Gaidualdi
2665 4392 2850 4446 medici
2899 4394 2986 4461 qui
3016 4397 3147 4445 hanc
3173 4402 3343 4445 cartu-

1739 4448 1785 4504 D
1815 4486 1916 4540 iam
1960 4486 2070 4538 iieri
2094 4485 2291 4553 rogavit
2319 4495 2370 4537 et
2396 4484 2472 4538 eis
2502 4484 2543 4513 ³⁷
2571 4481 2747 4537 omnia
2790 4483 2981 4536 reiecta
3019 4490 3100 4537 est
3124 4482 3167 4511 ⁵³
3193 4497 3345 4534 ωηι-

1814 4575 2004 4643 placuit

1877 4664 2092 4731 Signum
2113 4661 2292 4715 domni
2324 4658 2542 4713 llautoni
2564 4657 2908 4711 decembrone
2928 4672 2981 4711 ss
3004 4657 3068 4709 ³³.

1879 4755 2093 4822 Signum
2141 4754 2365 4805 domnus
2417 4752 2585 4801 Amati
2635 4750 2702 4801 de
2752 4748 2975 4801 alatiunc
3018 4761 3090 4799 ss.
3145 4745 3186 4775 ⁸³
3242 4747 3348 4815 Ego

1813 4845 2023 4901 Gisilari
2056 4851 2267 4911 rogatus
2295 4842 2359 4893 ad
2391 4840 2685 4893 Gadoaltlus
2708 4838 2935 4892 medicus
2966 4840 3110 4891 testis
3138 4852 3213 4891 ss.

1882 4934 2096 5001 Signum
2122 4932 2341 4982 domnus
2369 4929 2650 4983 Statteclies
2677 4928 2739 4978 de
2766 4934 3002 4979 materno
3029 4940 3082 4979 ss
3108 4926 3173 4979 δ’.

1884 5021 2099 5088 Signum
2126 5018 2348 5071 domnus
2392 5013 2644 5070 Ausaluni
2674 5013 2779 5067 lilio
2804 5014 3064 5081 qtt‘ondatu
3117 5010 3347 5066 Rinfredl

1819 5122 1981 5165 lBSIIS.

1397 5222 1773 5279 VARIANTES
1814 5218 2197 5278 LECTIONES.

266 5320 350 5373 'se
417 5314 829 5377 'tnassaricbias,
904 5312 923 5342 ³
942 5314 1209 5381 paludibus
1280 5311 1484 5380 ‘quesc
1539 5312 1742 5381 i’abere
1786 5356 1789 5359 .
1813 5315 1963 5365 6cum
1982 5309 2263 5381 adiacentia
2283 5309 2370 5381 vel
2398 5378 2404 5381 _
2432 5308 2451 5336 "
2473 5302 2775 5381 pertinentia
2888 5313 2946 5352 ac
3007 5299 3156 5381 "sum
3181 5300 3245 5378 _'°
3265 5316 3352 5366 pa-

198 5394 395 5441 scercnt
458 5380 1209 5449 “tempureetquesuperius
1267 5381 1447 5435 "inibi
1511 5380 1794 5443 “eligente
1869 5380 2065 5449 “inibi

1659 5436 1904 5503 “fuisset
1977 5447 2232 5500 “l‘tterit'
2277 5445 2322 5474 ³³
2360 5458 2450 5509 pro
2522 5436 2567 5470 ³⁸
2596 5441 2727 5509 (iant
2789 5436 3100 5509 'f_a|i_inonia
3177 5437 3220 5509 ’1
3263 5452 3353 5501 per

198 5457 316 5509 dum
380 5455 420 5484 "
444 5470 667 5509 unquam
722 5452 765 5481 ³ο
787 5449 1151 5504 subtrnendum
1210 5450 1251 5479 ¹¹
1292 5450 1584 5502 denatio‘nis

199 5526 437 5592 scriptum

203 5595 245 5623 as
272 5604 439 5660 partes

206 5662 246 5692 “
272 5658 404 5732 quod
492 5660 537 5690 ³⁵
567 5668 619 5714 ct
642 5658 782 5714 indie

510 5515 554 5551 ’δ’
582 5520 838 5574 alimoniis
909 5519 952 5549 29
984 5517 1256 5585 prepositis
1330 5518 1372 5548 ’°
1396 5519 1635 5572 alimonia
1710 5520 1751 5549 ³³
1782 5522 2014 5570 minuate
2044 5526 2127 5567 aut
2156 5515 2459 5565 snhtrahcre

512 5590 555 5620 ³³
593 5593 699 5655 ipsa
740 5606 768 5641 a
794 5590 982 5641 imunia
1053 5587 1094 5617 ³⁷
1139 5589 1371 5655 muniunt
1442 5587 1487 5617 ³⁸
1524 5589 1768 5642 virtutum

870 5659 910 5687 "0
944 5654 1289 5725 δυρωεετίιιιει
1381 5656 1421 5685 ⁸⁷
1456 5658 1504 5711 ei
1600 5656 1641 5685 ⁸³
1679 5669 1731 5712 ut
1766 5666 1885 5711 sunt
1974 5655 2018 5683 ³9
2046 5656 2192 5707 testis

2140 5378 2181 5407 “’
2206 5386 2260 5430 et
2286 5378 2407 5428 inibi
2474 5368 2767 5438 “qualibet
2820 5369 2869 5438 _"
2898 5385 2952 5438 re
3026 5368 3353 5438 “subiacen-

2531 5509 2576 5538 ³³
2615 5508 2731 5560 etsi
2807 5505 2851 5534 ³³
2872 5506 3110 5557 alimonia
3186 5503 3231 5534 ³³
3247 5520 3352 5557 rem

2482 5579 2525 5608 “
2572 5578 2759 5629 habeat
2830 5573 2874 5602 "
2906 5572 3061 5624 robur
3134 5572 3179 5603 ³³
3220 5574 3351 5625 istud

2284 5652 2323 5679 ⁵ο
2353 5651 2575 5702 alatiano
2616 5654 2761 5698 testis
2852 5641 2891 5671 "
2928 5648 3073 5695 tcstis

1842 5587 1886 5617 ³³
1927 5588 1995 5638 sit
2066 5585 2111 5613 ’⁵ο
2139 5588 2329 5635 nullam
2361 5584 2409 5632 in
