  <div class='ocr_page' id='page_1' title='image "/cluster/home/n/w/nwhite01/storage/ocr_20150623/87-88/uva.x000827073/747.png"; bbox 0 0 3820 6236; ppageno 0'>
   <div class='ocr_carea' id='block_1_1' title="bbox 496 382 634 434">
    <p class='ocr_par' dir='ltr' id='par_1_1' title="bbox 496 382 634 434">
     <span class='ocr_line' id='line_1_1' title="bbox 496 382 634 434; baseline -0.007 0"><span class='ocrx_word' id='word_1_1' title='bbox 496 382 634 434; x_wconf 71' lang='lat'><strong>“35</strong></span> 
     </span>
    </p>
   </div>
   <div class='ocr_carea' id='block_1_2' title="bbox 1650 338 2615 433">
    <p class='ocr_par' dir='ltr' id='par_1_2' title="bbox 1650 338 2615 433">
     <span class='ocr_line' id='line_1_2' title="bbox 1650 338 2615 433; baseline -0.002 -1"><span class='ocrx_word' id='word_1_2' title='bbox 1650 375 2255 433; x_wconf 71' lang='lat' dir='ltr'><strong>LANGUBAItDOllUM</strong></span> <span class='ocrx_word' id='word_1_3' title='bbox 2298 374 2533 433; x_wconf 76' lang='lat' dir='ltr'><strong>usuuu</strong></span> <span class='ocrx_word' id='word_1_4' title='bbox 2612 338 2615 339; x_wconf 17' lang='grc' dir='ltr'>ί</span> 
     </span>
    </p>
   </div>
   <div class='ocr_carea' id='block_1_3' title="bbox 3535 385 3644 439">
    <p class='ocr_par' dir='ltr' id='par_1_3' title="bbox 3535 385 3644 439">
     <span class='ocr_line' id='line_1_3' title="bbox 3535 385 3644 439; baseline -0.009 -1"><span class='ocrx_word' id='word_1_5' title='bbox 3535 385 3644 439; x_wconf 66' lang='lat' dir='ltr'><strong>HM}</strong></span> 
     </span>
    </p>
   </div>
   <div class='ocr_carea' id='block_1_4' title="bbox 557 478 3637 566">
    <p class='ocr_par' dir='ltr' id='par_1_4' title="bbox 557 478 3637 566">
     <span class='ocr_line' id='line_1_4' title="bbox 557 478 3637 566; baseline 0.003 -21"><span class='ocrx_word' id='word_1_6' title='bbox 557 493 667 560; x_wconf 73' lang='lat' dir='ltr'><strong>Ego</strong></span> <span class='ocrx_word' id='word_1_7' title='bbox 692 490 957 545; x_wconf 68' lang='lat' dir='ltr'><strong>Iohannes</strong></span> <span class='ocrx_word' id='word_1_8' title='bbox 982 498 1187 557; x_wconf 75' lang='lat' dir='ltr'><strong>rogatus</strong></span> <span class='ocrx_word' id='word_1_9' title='bbox 1216 490 1277 541; x_wconf 84' lang='lat' dir='ltr'><strong>ad</strong></span> <span class='ocrx_word' id='word_1_10' title='bbox 1322 487 1623 544; x_wconf 81' lang='lat' dir='ltr'><strong>Gadualdus</strong></span> <span class='ocrx_word' id='word_1_11' title='bbox 1652 492 1884 544; x_wconf 85' lang='lat' dir='ltr'><strong>medicus</strong></span> <span class='ocrx_word' id='word_1_12' title='bbox 1913 478 2031 542; x_wconf 87' lang='lat' dir='ltr'><strong>bar-</strong></span> <span class='ocrx_word' id='word_1_13' title='bbox 2064 492 2108 545; x_wconf 79' lang='grc' dir='ltr'><strong>Α</strong></span> <span class='ocrx_word' id='word_1_14' title='bbox 2139 489 2224 540; x_wconf 83' lang='lat' dir='ltr'><strong>tali</strong></span> <span class='ocrx_word' id='word_1_15' title='bbox 2251 490 2389 543; x_wconf 89' lang='lat' dir='ltr'><strong>enim</strong></span> <span class='ocrx_word' id='word_1_16' title='bbox 2422 491 2607 553; x_wconf 89' lang='lat' dir='ltr'><strong>tinore,</strong></span> <span class='ocrx_word' id='word_1_17' title='bbox 2642 503 2695 543; x_wconf 92' lang='lat' dir='ltr'><strong>ut</strong></span> <span class='ocrx_word' id='word_1_18' title='bbox 2725 507 2908 544; x_wconf 86' lang='lat' dir='ltr'><strong>omnes</strong></span> <span class='ocrx_word' id='word_1_19' title='bbox 2952 491 3195 556; x_wconf 75' lang='lat' dir='ltr'><strong>Romani,</strong></span> <span class='ocrx_word' id='word_1_20' title='bbox 3226 495 3313 553; x_wconf 86' lang='lat' dir='ltr'><strong>qui</strong></span> <span class='ocrx_word' id='word_1_21' title='bbox 3354 498 3496 550; x_wconf 72' lang='lat' dir='ltr'><strong>modo</strong></span> <span class='ocrx_word' id='word_1_22' title='bbox 3519 515 3637 566; x_wconf 85' lang='lat' dir='ltr'><strong>sunt,</strong></span> 
     </span>
    </p>
   </div>
   <div class='ocr_carea' id='block_1_5' title="bbox 490 580 1571 651">
    <p class='ocr_par' dir='ltr' id='par_1_5' title="bbox 490 580 1571 651">
     <span class='ocr_line' id='line_1_5' title="bbox 490 580 1571 651; baseline -0.011 -16"><span class='ocrx_word' id='word_1_23' title='bbox 490 582 671 636; x_wconf 70' lang='lat' dir='ltr'><strong>banius</strong></span> <span class='ocrx_word' id='word_1_24' title='bbox 701 582 717 611; x_wconf 84' lang='grc'>¹</span> <span class='ocrx_word' id='word_1_25' title='bbox 750 580 894 634; x_wconf 72' lang='lat' dir='ltr'><strong>testis</strong></span> <span class='ocrx_word' id='word_1_26' title='bbox 930 595 1003 636; x_wconf 84' lang='lat' dir='ltr'><strong>ss.</strong></span> <span class='ocrx_word' id='word_1_27' title='bbox 1175 620 1180 627; x_wconf 79' lang='lat'><strong>.</strong></span> <span class='ocrx_word' id='word_1_28' title='bbox 1430 647 1439 651; x_wconf 85' lang='lat'><em>_</em></span> <span class='ocrx_word' id='word_1_29' title='bbox 1568 632 1571 635; x_wconf 24' lang='grc' dir='ltr'><strong><em>ν</em></strong></span> 
     </span>
    </p>
   </div>
   <div class='ocr_carea' id='block_1_6' title="bbox 560 665 2041 735">
    <p class='ocr_par' dir='ltr' id='par_1_6' title="bbox 560 665 2041 735">
     <span class='ocr_line' id='line_1_6' title="bbox 560 665 2041 735; baseline -0.001 -14"><span class='ocrx_word' id='word_1_30' title='bbox 560 669 665 735; x_wconf 78' lang='lat' dir='ltr'><strong>Ego</strong></span> <span class='ocrx_word' id='word_1_31' title='bbox 702 668 788 735; x_wconf 98' lang='lat' dir='ltr'><strong>qui</strong></span> <span class='ocrx_word' id='word_1_32' title='bbox 839 681 994 732; x_wconf 81' lang='lat' dir='ltr'><strong>supra</strong></span> <span class='ocrx_word' id='word_1_33' title='bbox 1034 666 1328 721; x_wconf 85' lang='lat' dir='ltr'><strong>Ganbertus</strong></span> <span class='ocrx_word' id='word_1_34' title='bbox 1376 666 1601 733; x_wconf 79' lang='lat' dir='ltr'><strong>scriptor</strong></span> <span class='ocrx_word' id='word_1_35' title='bbox 1640 665 1795 718; x_wconf 80' lang='lat' dir='ltr'><strong>huius</strong></span> <span class='ocrx_word' id='word_1_36' title='bbox 1841 669 2041 719; x_wconf 88' lang='lat' dir='ltr'><strong>cartu&#39;c</strong></span> 
     </span>
    </p>
   </div>
   <div class='ocr_carea' id='block_1_7' title="bbox 495 755 1880 823">
    <p class='ocr_par' dir='ltr' id='par_1_7' title="bbox 495 755 1880 823">
     <span class='ocr_line' id='line_1_7' title="bbox 495 755 1880 823; baseline -0.001 -16"><span class='ocrx_word' id='word_1_37' title='bbox 495 768 610 823; x_wconf 77' lang='lat' dir='ltr'><strong>post</strong></span> <span class='ocrx_word' id='word_1_38' title='bbox 640 756 858 810; x_wconf 85' lang='lat' dir='ltr'><strong>testibus</strong></span> <span class='ocrx_word' id='word_1_39' title='bbox 888 756 1128 807; x_wconf 77' lang='lat' dir='ltr'><strong>roborata</strong></span> <span class='ocrx_word' id='word_1_40' title='bbox 1161 755 1344 807; x_wconf 88' lang='lat' dir='ltr'><strong>tradita</strong></span> <span class='ocrx_word' id='word_1_41' title='bbox 1370 755 1628 823; x_wconf 82' lang='lat' dir='ltr'><strong>complevi</strong></span> <span class='ocrx_word' id='word_1_42' title='bbox 1657 764 1710 808; x_wconf 87' lang='lat' dir='ltr'><strong>et</strong></span> <span class='ocrx_word' id='word_1_43' title='bbox 1733 755 1880 807; x_wconf 95' lang='lat' dir='ltr'><strong>dedi.</strong></span> 
     </span>
    </p>
   </div>
   <div class='ocr_carea' id='block_1_8' title="bbox 570 841 2037 914">
    <p class='ocr_par' dir='ltr' id='par_1_8' title="bbox 570 841 2037 914">
     <span class='ocr_line' id='line_1_8' title="bbox 570 841 2037 914; baseline -0.001 -17"><span class='ocrx_word' id='word_1_44' title='bbox 570 846 679 914; x_wconf 76' lang='lat' dir='ltr'><strong>Ego</strong></span> <span class='ocrx_word' id='word_1_45' title='bbox 722 844 928 911; x_wconf 86' lang='lat' dir='ltr'><strong>quidem</strong></span> <span class='ocrx_word' id='word_1_46' title='bbox 974 842 1240 897; x_wconf 84' lang='lat' dir='ltr'><strong>Gerardus</strong></span> <span class='ocrx_word' id='word_1_47' title='bbox 1282 844 1513 896; x_wconf 88' lang='lat' dir='ltr'><strong>notarius</strong></span> <span class='ocrx_word' id='word_1_48' title='bbox 1548 844 1867 896; x_wconf 81' lang='lat' dir='ltr'><strong>autentieum</strong></span> <span class='ocrx_word' id='word_1_49' title='bbox 1911 841 2037 895; x_wconf 85' lang='lat' dir='ltr'><strong>illud</strong></span> 
     </span>
    </p>
   </div>
   <div class='ocr_carea' id='block_1_9' title="bbox 493 932 2039 1003">
    <p class='ocr_par' dir='ltr' id='par_1_9' title="bbox 493 932 2039 1003">
     <span class='ocr_line' id='line_1_9' title="bbox 493 932 2039 1003; baseline 0.003 -20"><span class='ocrx_word' id='word_1_50' title='bbox 493 934 595 986; x_wconf 76' lang='lat' dir='ltr'><strong>vidi</strong></span> <span class='ocrx_word' id='word_1_51' title='bbox 630 942 683 985; x_wconf 92' lang='lat' dir='ltr'><strong>et</strong></span> <span class='ocrx_word' id='word_1_52' title='bbox 713 933 812 1002; x_wconf 79' lang='lat' dir='ltr'><strong>legi</strong></span> <span class='ocrx_word' id='word_1_53' title='bbox 842 942 1091 1002; x_wconf 85' lang='lat' dir='ltr'><strong>quantum</strong></span> <span class='ocrx_word' id='word_1_54' title='bbox 1122 934 1294 1001; x_wconf 76' lang='lat' dir='ltr'><strong>legere</strong></span> <span class='ocrx_word' id='word_1_55' title='bbox 1320 941 1375 989; x_wconf 90' lang='lat' dir='ltr'><strong>et</strong></span> <span class='ocrx_word' id='word_1_56' title='bbox 1396 934 1697 989; x_wconf 79' lang='lat' dir='ltr'><strong>discernere</strong></span> <span class='ocrx_word' id='word_1_57' title='bbox 1734 932 1876 1003; x_wconf 84' lang='lat' dir='ltr'><strong>potui</strong></span> <span class='ocrx_word' id='word_1_58' title='bbox 1904 934 2039 987; x_wconf 91' lang='lat' dir='ltr'><strong>unde</strong></span> 
     </span>
    </p>
   </div>
   <div class='ocr_carea' id='block_1_10' title="bbox 492 1021 1219 1092">
    <p class='ocr_par' dir='ltr' id='par_1_10' title="bbox 492 1021 1219 1092">
     <span class='ocr_line' id='line_1_10' title="bbox 492 1021 1219 1092; baseline 0 -16"><span class='ocrx_word' id='word_1_59' title='bbox 492 1021 589 1076; x_wconf 74' lang='lat' dir='ltr'><strong>hoc</strong></span> <span class='ocrx_word' id='word_1_60' title='bbox 617 1024 881 1092; x_wconf 79' lang='lat' dir='ltr'><strong>exemplar</strong></span> <span class='ocrx_word' id='word_1_61' title='bbox 908 1023 1219 1092; x_wconf 80' lang='lat' dir='ltr'><strong>exemplavi.</strong></span> 
     </span>
    </p>
   </div>
   <div class='ocr_carea' id='block_1_11' title="bbox 1231 1112 1318 1167">
    <p class='ocr_par' dir='ltr' id='par_1_11' title="bbox 1231 1112 1318 1167">
     <span class='ocr_line' id='line_1_11' title="bbox 1231 1112 1318 1167; baseline 0.023 -2"><span class='ocrx_word' id='word_1_62' title='bbox 1231 1112 1318 1167; x_wconf 82' lang='lat' dir='ltr'><strong>IV.</strong></span> 
     </span>
    </p>
   </div>
   <div class='ocr_carea' id='block_1_12' title="bbox 558 1200 2045 1258">
    <p class='ocr_par' dir='ltr' id='par_1_12' title="bbox 558 1200 2045 1258">
     <span class='ocr_line' id='line_1_12' title="bbox 558 1200 2045 1258; baseline 0.002 -4"><span class='ocrx_word' id='word_1_63' title='bbox 558 1200 612 1254; x_wconf 92' lang='lat' dir='ltr'><strong>ln</strong></span> <span class='ocrx_word' id='word_1_64' title='bbox 638 1208 849 1255; x_wconf 84' lang='lat' dir='ltr'><strong>nomine</strong></span> <span class='ocrx_word' id='word_1_65' title='bbox 881 1203 1083 1257; x_wconf 92' lang='lat' dir='ltr'><strong>Domini</strong></span> <span class='ocrx_word' id='word_1_66' title='bbox 1115 1202 1205 1257; x_wconf 88' lang='lat' dir='ltr'><strong>Dei</strong></span> <span class='ocrx_word' id='word_1_67' title='bbox 1231 1202 1392 1258; x_wconf 88' lang='lat' dir='ltr'><strong>nostri</strong></span> <span class='ocrx_word' id='word_1_68' title='bbox 1423 1202 1546 1258; x_wconf 83' lang='lat' dir='ltr'><strong>Jesu</strong></span> <span class='ocrx_word' id='word_1_69' title='bbox 1570 1202 1765 1258; x_wconf 88' lang='lat' dir='ltr'><strong>Christi</strong></span> <span class='ocrx_word' id='word_1_70' title='bbox 1796 1204 1881 1256; x_wconf 90' lang='lat' dir='ltr'><strong>die</strong></span> <span class='ocrx_word' id='word_1_71' title='bbox 1905 1217 2045 1257; x_wconf 91' lang='lat' dir='ltr'><strong>nono</strong></span> 
     </span>
    </p>
   </div>
   <div class='ocr_carea' id='block_1_13' title="bbox 490 1291 2045 1358">
    <p class='ocr_par' dir='ltr' id='par_1_13' title="bbox 490 1291 2045 1358">
     <span class='ocr_line' id='line_1_13' title="bbox 490 1291 2045 1358; baseline 0.002 -15"><span class='ocrx_word' id='word_1_72' title='bbox 490 1305 672 1344; x_wconf 88' lang='lat' dir='ltr'><strong>mense</strong></span> <span class='ocrx_word' id='word_1_73' title='bbox 716 1291 1060 1358; x_wconf 83' lang='lat' dir='ltr'><strong>Aprile.......</strong></span> <span class='ocrx_word' id='word_1_74' title='bbox 1092 1291 1363 1357; x_wconf 80' lang='lat' dir='ltr'><strong>llegnante</strong></span> <span class='ocrx_word' id='word_1_75' title='bbox 1404 1293 1601 1345; x_wconf 90' lang='lat' dir='ltr'><strong>domno</strong></span> <span class='ocrx_word' id='word_1_76' title='bbox 1647 1291 1947 1357; x_wconf 63' lang='lat' dir='ltr'><strong>Desiderio,</strong></span> <span class='ocrx_word' id='word_1_77' title='bbox 1990 1302 2045 1346; x_wconf 86' lang='lat' dir='ltr'><strong>et</strong></span> 
     </span>
    </p>
   </div>
   <div class='ocr_carea' id='block_1_14' title="bbox 491 1378 2044 1447">
    <p class='ocr_par' dir='ltr' id='par_1_14' title="bbox 491 1378 2044 1447">
     <span class='ocr_line' id='line_1_14' title="bbox 491 1378 2044 1447; baseline 0.001 -15"><span class='ocrx_word' id='word_1_78' title='bbox 491 1378 708 1447; x_wconf 76' lang='lat' dir='ltr'><strong>Adelgis</strong></span> <span class='ocrx_word' id='word_1_79' title='bbox 758 1394 896 1432; x_wconf 78' lang='lat' dir='ltr'><strong>anno</strong></span> <span class='ocrx_word' id='word_1_80' title='bbox 958 1379 1231 1432; x_wconf 88' lang='lat' dir='ltr'><strong>undecimo</strong></span> <span class='ocrx_word' id='word_1_81' title='bbox 1288 1389 1341 1433; x_wconf 90' lang='lat' dir='ltr'><strong>et</strong></span> <span class='ocrx_word' id='word_1_82' title='bbox 1388 1390 1575 1434; x_wconf 88' lang='lat' dir='ltr'><strong>octavo</strong></span> <span class='ocrx_word' id='word_1_83' title='bbox 1622 1394 1713 1446; x_wconf 88' lang='lat' dir='ltr'><strong>per</strong></span> <span class='ocrx_word' id='word_1_84' title='bbox 1760 1380 2044 1433; x_wconf 76' lang='lat' dir='ltr'><strong>indictione</strong></span> 
     </span>
    </p>
   </div>
   <div class='ocr_carea' id='block_1_15' title="bbox 491 1469 2042 1533">
    <p class='ocr_par' dir='ltr' id='par_1_15' title="bbox 491 1469 2042 1533">
     <span class='ocr_line' id='line_1_15' title="bbox 491 1469 2042 1533; baseline 0.001 -12"><span class='ocrx_word' id='word_1_85' title='bbox 491 1470 672 1533; x_wconf 89' lang='lat' dir='ltr'><strong>quinta</strong></span> <span class='ocrx_word' id='word_1_86' title='bbox 708 1470 955 1524; x_wconf 83' lang='lat' dir='ltr'><strong>feliciter.</strong></span> <span class='ocrx_word' id='word_1_87' title='bbox 1009 1470 1204 1523; x_wconf 86' lang='lat' dir='ltr'><strong>Christi</strong></span> <span class='ocrx_word' id='word_1_88' title='bbox 1254 1469 1431 1525; x_wconf 84' lang='lat' dir='ltr'><strong>Jesum</strong></span> <span class='ocrx_word' id='word_1_89' title='bbox 1482 1471 1682 1523; x_wconf 89' lang='lat' dir='ltr'><strong>Domini</strong></span> <span class='ocrx_word' id='word_1_90' title='bbox 1712 1470 1872 1523; x_wconf 81' lang='lat' dir='ltr'><strong>nOSll&#39;i</strong></span> <span class='ocrx_word' id='word_1_91' title='bbox 1920 1470 2042 1525; x_wconf 84' lang='lat' dir='ltr'><strong>Jesu</strong></span> 
     </span>
    </p>
   </div>
   <div class='ocr_carea' id='block_1_16' title="bbox 490 1557 2045 1628">
    <p class='ocr_par' dir='ltr' id='par_1_16' title="bbox 490 1557 2045 1628">
     <span class='ocr_line' id='line_1_16' title="bbox 490 1557 2045 1628; baseline 0.003 -19"><span class='ocrx_word' id='word_1_92' title='bbox 490 1557 685 1612; x_wconf 82' lang='lat' dir='ltr'><strong>Christi</strong></span> <span class='ocrx_word' id='word_1_93' title='bbox 728 1558 936 1612; x_wconf 83' lang='lat' dir='ltr'><strong>assidue</strong></span> <span class='ocrx_word' id='word_1_94' title='bbox 965 1574 1060 1613; x_wconf 87' lang='lat' dir='ltr'><strong>nos</strong></span> <span class='ocrx_word' id='word_1_95' title='bbox 1097 1558 1341 1611; x_wconf 83' lang='lat' dir='ltr'><strong>convenit</strong></span> <span class='ocrx_word' id='word_1_96' title='bbox 1382 1570 1620 1628; x_wconf 78' lang='lat' dir='ltr'><strong>precepta</strong></span> <span class='ocrx_word' id='word_1_97' title='bbox 1664 1560 1949 1628; x_wconf 89' lang='lat' dir='ltr'><strong>complere,</strong></span> <span class='ocrx_word' id='word_1_98' title='bbox 1989 1568 2045 1613; x_wconf 88' lang='lat' dir='ltr'><strong>ut</strong></span> 
     </span>
    </p>
   </div>
   <div class='ocr_carea' id='block_1_17' title="bbox 490 1649 2044 1718">
    <p class='ocr_par' dir='ltr' id='par_1_17' title="bbox 490 1649 2044 1718">
     <span class='ocr_line' id='line_1_17' title="bbox 490 1649 2044 1718; baseline 0.001 -19"><span class='ocrx_word' id='word_1_99' title='bbox 490 1650 640 1703; x_wconf 86' lang='lat' dir='ltr'><strong>cuius</strong></span> <span class='ocrx_word' id='word_1_100' title='bbox 669 1649 995 1718; x_wconf 80' lang='lat' dir='ltr'><strong>providentia</strong></span> <span class='ocrx_word' id='word_1_101' title='bbox 1027 1665 1177 1704; x_wconf 87' lang='lat' dir='ltr'><strong>mens</strong></span> <span class='ocrx_word' id='word_1_102' title='bbox 1205 1660 1381 1705; x_wconf 71' lang='lat' dir='ltr'><strong>nostra</strong></span> <span class='ocrx_word' id='word_1_103' title='bbox 1427 1650 1777 1705; x_wconf 81' lang='lat' dir='ltr'><strong>adcomodare</strong></span> <span class='ocrx_word' id='word_1_104' title='bbox 1803 1651 2044 1718; x_wconf 80' lang='lat' dir='ltr'><strong>dignatus</strong></span> 
     </span>
    </p>
   </div>
   <div class='ocr_carea' id='block_1_18' title="bbox 488 1740 2045 1807">
    <p class='ocr_par' dir='ltr' id='par_1_18' title="bbox 488 1740 2045 1807">
     <span class='ocr_line' id='line_1_18' title="bbox 488 1740 2045 1807; baseline -0.001 -14"><span class='ocrx_word' id='word_1_105' title='bbox 488 1748 589 1805; x_wconf 89' lang='lat' dir='ltr'><strong>est,</strong></span> <span class='ocrx_word' id='word_1_106' title='bbox 627 1740 790 1807; x_wconf 83' lang='lat' dir='ltr'><strong>ipsius</strong></span> <span class='ocrx_word' id='word_1_107' title='bbox 832 1741 1117 1795; x_wconf 79' lang='lat' dir='ltr'><strong>auxiliante</strong></span> <span class='ocrx_word' id='word_1_108' title='bbox 1147 1742 1393 1807; x_wconf 87' lang='lat' dir='ltr'><strong>quoniam</strong></span> <span class='ocrx_word' id='word_1_109' title='bbox 1441 1740 1599 1793; x_wconf 89' lang='lat' dir='ltr'><strong>vitam</strong></span> <span class='ocrx_word' id='word_1_110' title='bbox 1644 1750 1959 1807; x_wconf 87' lang='lat' dir='ltr'><strong>temporum,</strong></span> <span class='ocrx_word' id='word_1_111' title='bbox 1992 1745 2045 1791; x_wconf 90' lang='lat' dir='ltr'><strong>et</strong></span> 
     </span>
    </p>
   </div>
   <div class='ocr_carea' id='block_1_19' title="bbox 2144 580 3647 653">
    <p class='ocr_par' dir='ltr' id='par_1_19' title="bbox 2144 580 3647 653">
     <span class='ocr_line' id='line_1_19' title="bbox 2144 580 3647 653; baseline 0.012 -23"><span class='ocrx_word' id='word_1_112' title='bbox 2144 580 2225 633; x_wconf 91' lang='lat' dir='ltr'><strong>vel</strong></span> <span class='ocrx_word' id='word_1_113' title='bbox 2250 594 2428 633; x_wconf 86' lang='lat' dir='ltr'><strong>eorum</strong></span> <span class='ocrx_word' id='word_1_114' title='bbox 2478 584 2755 636; x_wconf 77' lang='lat' dir='ltr'><strong>heredibus</strong></span> <span class='ocrx_word' id='word_1_115' title='bbox 2781 584 2905 637; x_wconf 90' lang='lat' dir='ltr'><strong>dare</strong></span> <span class='ocrx_word' id='word_1_116' title='bbox 2929 584 3124 638; x_wconf 81' lang='lat' dir='ltr'><strong>debeas</strong></span> <span class='ocrx_word' id='word_1_117' title='bbox 3155 600 3249 653; x_wconf 90' lang='lat' dir='ltr'><strong>per</strong></span> <span class='ocrx_word' id='word_1_118' title='bbox 3288 589 3472 641; x_wconf 87' lang='lat' dir='ltr'><strong>circulo</strong></span> <span class='ocrx_word' id='word_1_119' title='bbox 3507 607 3647 649; x_wconf 81' lang='lat' dir='ltr'><strong>anuus</strong></span> 
     </span>
    </p>
   </div>
   <div class='ocr_carea' id='block_1_20' title="bbox 2143 671 3640 739">
    <p class='ocr_par' dir='ltr' id='par_1_20' title="bbox 2143 671 3640 739">
     <span class='ocr_line' id='line_1_20' title="bbox 2143 671 3640 739; baseline 0.011 -20"><span class='ocrx_word' id='word_1_120' title='bbox 2143 683 2236 735; x_wconf 88' lang='lat' dir='ltr'><strong>per</strong></span> <span class='ocrx_word' id='word_1_121' title='bbox 2261 685 2519 737; x_wconf 84' lang='lat' dir='ltr'><strong>quemque</strong></span> <span class='ocrx_word' id='word_1_122' title='bbox 2543 685 2664 729; x_wconf 85' lang='lat' dir='ltr'><strong>casa</strong></span> <span class='ocrx_word' id='word_1_123' title='bbox 2689 686 2779 725; x_wconf 91' lang='lat' dir='ltr'><strong>sna</strong></span> <span class='ocrx_word' id='word_1_124' title='bbox 2808 671 3079 726; x_wconf 81' lang='lat' dir='ltr'><strong>luminaria</strong></span> <span class='ocrx_word' id='word_1_125' title='bbox 3112 675 3162 725; x_wconf 93' lang='lat' dir='ltr'><strong>in</strong></span> <span class='ocrx_word' id='word_1_126' title='bbox 3191 678 3299 739; x_wconf 84' lang='lat' dir='ltr'><strong>ipsa</strong></span> <span class='ocrx_word' id='word_1_127' title='bbox 3328 679 3532 732; x_wconf 81' lang='lat' dir='ltr'><strong>ecclesia</strong></span> <span class='ocrx_word' id='word_1_128' title='bbox 3554 697 3640 735; x_wconf 80' lang='lat' dir='ltr'><strong>ora-</strong></span> 
     </span>
    </p>
   </div>
   <div class='ocr_carea' id='block_1_21' title="bbox 2148 758 3650 829">
    <p class='ocr_par' dir='ltr' id='par_1_21' title="bbox 2148 758 3650 829">
     <span class='ocr_line' id='line_1_21' title="bbox 2148 758 3650 829; baseline 0.008 -18"><span class='ocrx_word' id='word_1_129' title='bbox 2148 758 2281 812; x_wconf 88' lang='lat' dir='ltr'><strong>torio</strong></span> <span class='ocrx_word' id='word_1_130' title='bbox 2311 770 2495 813; x_wconf 86' lang='lat' dir='ltr'><strong>nostra</strong></span> <span class='ocrx_word' id='word_1_131' title='bbox 2530 762 2580 813; x_wconf 93' lang='lat' dir='ltr'><strong>in</strong></span> <span class='ocrx_word' id='word_1_132' title='bbox 2608 762 2848 815; x_wconf 89' lang='lat' dir='ltr'><strong>valliente</strong></span> <span class='ocrx_word' id='word_1_133' title='bbox 2893 764 3151 829; x_wconf 62' lang='lat' dir='ltr'><strong>tremisse,</strong></span> <span class='ocrx_word' id='word_1_134' title='bbox 3182 764 3320 817; x_wconf 88' lang='lat' dir='ltr'><strong>olleo</strong></span> <span class='ocrx_word' id='word_1_135' title='bbox 3356 775 3522 820; x_wconf 85' lang='lat' dir='ltr'><strong>contra</strong></span> <span class='ocrx_word' id='word_1_136' title='bbox 3546 783 3650 823; x_wconf 86' lang='lat' dir='ltr'><strong>auro</strong></span> 
     </span>
    </p>
   </div>
   <div class='ocr_carea' id='block_1_22' title="bbox 2143 844 3649 924">
    <p class='ocr_par' dir='ltr' id='par_1_22' title="bbox 2143 844 3649 924">
     <span class='ocr_line' id='line_1_22' title="bbox 2143 844 3649 924; baseline 0.008 -27"><span class='ocrx_word' id='word_1_137' title='bbox 2143 844 2209 898; x_wconf 88' lang='lat' dir='ltr'><strong>de</strong></span> <span class='ocrx_word' id='word_1_138' title='bbox 2239 847 2331 899; x_wconf 85' lang='lat' dir='ltr'><strong>ista</strong></span> <span class='ocrx_word' id='word_1_139' title='bbox 2366 848 2457 900; x_wconf 89' lang='lat' dir='ltr'><strong>tris</strong></span> <span class='ocrx_word' id='word_1_140' title='bbox 2496 863 2581 901; x_wconf 90' lang='lat' dir='ltr'><strong>res</strong></span> <span class='ocrx_word' id='word_1_141' title='bbox 2612 864 2711 902; x_wconf 89' lang='lat' dir='ltr'><strong>una</strong></span> <span class='ocrx_word' id='word_1_142' title='bbox 2740 850 2897 918; x_wconf 89' lang='lat' dir='ltr'><strong>quale</strong></span> <span class='ocrx_word' id='word_1_143' title='bbox 2940 850 3198 916; x_wconf 82' lang='lat' dir='ltr'><strong>habuerit,</strong></span> <span class='ocrx_word' id='word_1_144' title='bbox 3228 864 3280 905; x_wconf 89' lang='lat' dir='ltr'><strong>et</strong></span> <span class='ocrx_word' id='word_1_145' title='bbox 3309 856 3527 908; x_wconf 82' lang='lat' dir='ltr'><strong>massarii</strong></span> <span class='ocrx_word' id='word_1_146' title='bbox 3554 859 3649 924; x_wconf 86' lang='lat' dir='ltr'><strong>ipsi,</strong></span> 
     </span>
    </p>
   </div>
   <div class='ocr_carea' id='block_1_23' title="bbox 2143 934 3649 1004">
    <p class='ocr_par' dir='ltr' id='par_1_23' title="bbox 2143 934 3649 1004">
     <span class='ocr_line' id='line_1_23' title="bbox 2143 934 3649 1004; baseline 0.011 -22"><span class='ocrx_word' id='word_1_147' title='bbox 2143 934 2230 1000; x_wconf 89' lang='lat' dir='ltr'><strong>qui</strong></span> <span class='ocrx_word' id='word_1_148' title='bbox 2279 935 2433 988; x_wconf 89' lang='lat' dir='ltr'><strong>modo</strong></span> <span class='ocrx_word' id='word_1_149' title='bbox 2478 946 2619 1000; x_wconf 91' lang='lat' dir='ltr'><strong>sunt,</strong></span> <span class='ocrx_word' id='word_1_150' title='bbox 2654 951 2746 1004; x_wconf 88' lang='lat' dir='ltr'><strong>per</strong></span> <span class='ocrx_word' id='word_1_151' title='bbox 2790 937 3021 1004; x_wconf 80' lang='lat' dir='ltr'><strong>singulas</strong></span> <span class='ocrx_word' id='word_1_152' title='bbox 3068 953 3213 1001; x_wconf 84' lang='lat' dir='ltr'><strong>case,</strong></span> <span class='ocrx_word' id='word_1_153' title='bbox 3267 942 3347 992; x_wconf 91' lang='lat' dir='ltr'><strong>vel</strong></span> <span class='ocrx_word' id='word_1_154' title='bbox 3400 942 3649 998; x_wconf 83' lang='lat' dir='ltr'><strong>heredibus</strong></span> 
     </span>
    </p>
   </div>
   <div class='ocr_carea' id='block_1_24' title="bbox 2143 1024 3655 1096">
    <p class='ocr_par' dir='ltr' id='par_1_24' title="bbox 2143 1024 3655 1096">
     <span class='ocr_line' id='line_1_24' title="bbox 2143 1024 3655 1096; baseline 0.009 -20"><span class='ocrx_word' id='word_1_155' title='bbox 2143 1038 2346 1087; x_wconf 90' lang='lat' dir='ltr'><strong>eorum,</strong></span> <span class='ocrx_word' id='word_1_156' title='bbox 2379 1024 2530 1079; x_wconf 71' lang='lat' dir='ltr'><strong>faciat</strong></span> <span class='ocrx_word' id='word_1_157' title='bbox 2565 1025 2637 1096; x_wconf 83' lang='lat' dir='ltr'><strong>ad</strong></span> <span class='ocrx_word' id='word_1_158' title='bbox 2684 1027 2793 1094; x_wconf 90' lang='lat' dir='ltr'><strong>ipsa</strong></span> <span class='ocrx_word' id='word_1_159' title='bbox 2838 1029 3058 1082; x_wconf 85' lang='lat' dir='ltr'><strong>ecclesia</strong></span> <span class='ocrx_word' id='word_1_160' title='bbox 3106 1034 3350 1095; x_wconf 81' lang='lat' dir='ltr'><strong>angarias</strong></span> <span class='ocrx_word' id='word_1_161' title='bbox 3380 1039 3430 1083; x_wconf 91' lang='lat' dir='ltr'><strong>et</strong></span> <span class='ocrx_word' id='word_1_162' title='bbox 3468 1035 3655 1089; x_wconf 75' lang='lat' dir='ltr'><strong>cdumas</strong></span> 
     </span>
    </p>
   </div>
   <div class='ocr_carea' id='block_1_25' title="bbox 2054 1120 3653 1193">
    <p class='ocr_par' dir='ltr' id='par_1_25' title="bbox 2054 1120 3653 1193">
     <span class='ocr_line' id='line_1_25' title="bbox 2054 1120 3653 1193; baseline 0.008 -29"><span class='ocrx_word' id='word_1_163' title='bbox 2054 1176 2060 1183; x_wconf 86' lang='lat'><em>_</em></span> <span class='ocrx_word' id='word_1_164' title='bbox 2145 1125 2390 1182; x_wconf 83' lang='lat' dir='ltr'><strong>quattuor</strong></span> <span class='ocrx_word' id='word_1_165' title='bbox 2418 1132 2511 1180; x_wconf 71' lang='lat' dir='ltr'><strong>per</strong></span> <span class='ocrx_word' id='word_1_166' title='bbox 2540 1130 2727 1183; x_wconf 89' lang='lat' dir='ltr'><strong>annos,</strong></span> <span class='ocrx_word' id='word_1_167' title='bbox 2762 1132 2882 1171; x_wconf 91' lang='lat' dir='ltr'><strong>nam</strong></span> <span class='ocrx_word' id='word_1_168' title='bbox 2923 1120 3060 1172; x_wconf 89' lang='lat' dir='ltr'><strong>nulla</strong></span> <span class='ocrx_word' id='word_1_169' title='bbox 3092 1121 3321 1183; x_wconf 88' lang='lat' dir='ltr'><strong>reddito,</strong></span> <span class='ocrx_word' id='word_1_170' title='bbox 3350 1123 3426 1177; x_wconf 88' lang='lat' dir='ltr'><strong>vel</strong></span> <span class='ocrx_word' id='word_1_171' title='bbox 3453 1127 3653 1193; x_wconf 75' lang='lat' dir='ltr'><strong>angaria,</strong></span> 
     </span>
    </p>
   </div>
   <div class='ocr_carea' id='block_1_26' title="bbox 2147 1206 3658 1279">
    <p class='ocr_par' dir='ltr' id='par_1_26' title="bbox 2147 1206 3658 1279">
     <span class='ocr_line' id='line_1_26' title="bbox 2147 1206 3658 1279; baseline 0.008 -25"><span class='ocrx_word' id='word_1_172' title='bbox 2147 1216 2315 1270; x_wconf 90' lang='lat' dir='ltr'><strong>neque</strong></span> <span class='ocrx_word' id='word_1_173' title='bbox 2360 1206 2440 1257; x_wconf 80' lang='lat' dir='ltr'><strong>via</strong></span> <span class='ocrx_word' id='word_1_174' title='bbox 2488 1207 2949 1272; x_wconf 90' lang='lat' dir='ltr'><strong>superponendum</strong></span> <span class='ocrx_word' id='word_1_175' title='bbox 3001 1209 3147 1261; x_wconf 92' lang='lat' dir='ltr'><strong>nullu</strong></span> <span class='ocrx_word' id='word_1_176' title='bbox 3205 1212 3363 1263; x_wconf 86' lang='lat' dir='ltr'><strong>homo</strong></span> <span class='ocrx_word' id='word_1_177' title='bbox 3410 1212 3573 1279; x_wconf 83' lang='lat' dir='ltr'><strong>possit,</strong></span> <span class='ocrx_word' id='word_1_178' title='bbox 3612 1222 3658 1266; x_wconf 87' lang='lat' dir='ltr'><strong>et</strong></span> 
     </span>
    </p>
   </div>
   <div class='ocr_carea' id='block_1_27' title="bbox 2148 1292 3655 1367">
    <p class='ocr_par' dir='ltr' id='par_1_27' title="bbox 2148 1292 3655 1367">
     <span class='ocr_line' id='line_1_27' title="bbox 2148 1292 3655 1367; baseline 0.007 -24"><span class='ocrx_word' id='word_1_179' title='bbox 2148 1292 2360 1358; x_wconf 85' lang='lat' dir='ltr'><strong>insuper</strong></span> <span class='ocrx_word' id='word_1_180' title='bbox 2384 1293 2631 1347; x_wconf 85' lang='lat' dir='ltr'><strong>dedimus</strong></span> <span class='ocrx_word' id='word_1_181' title='bbox 2654 1295 2847 1349; x_wconf 88' lang='lat' dir='ltr'><strong>lvidem</strong></span> <span class='ocrx_word' id='word_1_182' title='bbox 2877 1296 3004 1350; x_wconf 82' lang='lat' dir='ltr'><strong>silva</strong></span> <span class='ocrx_word' id='word_1_183' title='bbox 3028 1298 3274 1358; x_wconf 85' lang='lat' dir='ltr'><strong>donnica,</strong></span> <span class='ocrx_word' id='word_1_184' title='bbox 3304 1301 3385 1365; x_wconf 90' lang='lat' dir='ltr'><strong>qui</strong></span> <span class='ocrx_word' id='word_1_185' title='bbox 3406 1302 3655 1367; x_wconf 82' lang='lat' dir='ltr'><strong>appellatur</strong></span> 
     </span>
    </p>
   </div>
   <div class='ocr_carea' id='block_1_28' title="bbox 2144 1379 3654 1455">
    <p class='ocr_par' dir='ltr' id='par_1_28' title="bbox 2144 1379 3654 1455">
     <span class='ocr_line' id='line_1_28' title="bbox 2144 1379 3654 1455; baseline 0.005 -20"><span class='ocrx_word' id='word_1_186' title='bbox 2144 1379 2464 1436; x_wconf 82' lang='lat' dir='ltr'><strong>Calatnccca.</strong></span> <span class='ocrx_word' id='word_1_187' title='bbox 2498 1382 2634 1436; x_wconf 90' lang='lat' dir='ltr'><strong>Idem</strong></span> <span class='ocrx_word' id='word_1_188' title='bbox 2664 1397 2784 1438; x_wconf 89' lang='lat' dir='ltr'><strong>case</strong></span> <span class='ocrx_word' id='word_1_189' title='bbox 2806 1386 3107 1439; x_wconf 88' lang='lat' dir='ltr'><strong>massaricie</strong></span> <span class='ocrx_word' id='word_1_190' title='bbox 3129 1399 3271 1447; x_wconf 87' lang='lat' dir='ltr'><strong>sunt,</strong></span> <span class='ocrx_word' id='word_1_191' title='bbox 3298 1390 3346 1439; x_wconf 89' lang='lat' dir='ltr'><strong>in</strong></span> <span class='ocrx_word' id='word_1_192' title='bbox 3374 1390 3537 1455; x_wconf 86' lang='lat' dir='ltr'><strong>primis</strong></span> <span class='ocrx_word' id='word_1_193' title='bbox 3553 1404 3654 1443; x_wconf 78' lang='lat' dir='ltr'><strong>casa</strong></span> 
     </span>
    </p>
   </div>
   <div class='ocr_carea' id='block_1_29' title="bbox 2145 1469 3650 1539">
    <p class='ocr_par' dir='ltr' id='par_1_29' title="bbox 2145 1469 3650 1539">
     <span class='ocr_line' id='line_1_29' title="bbox 2145 1469 3650 1539; baseline 0.004 -16"><span class='ocrx_word' id='word_1_194' title='bbox 2145 1469 2416 1538; x_wconf 87' lang='lat' dir='ltr'><strong>Godiperti</strong></span> <span class='ocrx_word' id='word_1_195' title='bbox 2445 1471 2495 1523; x_wconf 94' lang='lat' dir='ltr'><strong>di</strong></span> <span class='ocrx_word' id='word_1_196' title='bbox 2538 1471 2853 1536; x_wconf 81' lang='lat' dir='ltr'><strong>Calamicca,</strong></span> <span class='ocrx_word' id='word_1_197' title='bbox 2882 1488 2998 1527; x_wconf 87' lang='lat' dir='ltr'><strong>casa</strong></span> <span class='ocrx_word' id='word_1_198' title='bbox 3033 1475 3223 1529; x_wconf 87' lang='lat' dir='ltr'><strong>lstavili</strong></span> <span class='ocrx_word' id='word_1_199' title='bbox 3249 1478 3315 1531; x_wconf 90' lang='lat' dir='ltr'><strong>de</strong></span> <span class='ocrx_word' id='word_1_200' title='bbox 3359 1478 3650 1539; x_wconf 82' lang='lat' dir='ltr'><strong>CalameCra,</strong></span> 
     </span>
    </p>
   </div>
   <div class='ocr_carea' id='block_1_30' title="bbox 2146 1558 3656 1629">
    <p class='ocr_par' dir='ltr' id='par_1_30' title="bbox 2146 1558 3656 1629">
     <span class='ocr_line' id='line_1_30' title="bbox 2146 1558 3656 1629; baseline 0.005 -18"><span class='ocrx_word' id='word_1_201' title='bbox 2146 1572 2266 1611; x_wconf 88' lang='lat' dir='ltr'><strong>casa</strong></span> <span class='ocrx_word' id='word_1_202' title='bbox 2309 1558 2609 1612; x_wconf 85' lang='lat' dir='ltr'><strong>Gaudimari</strong></span> <span class='ocrx_word' id='word_1_203' title='bbox 2650 1561 2716 1614; x_wconf 90' lang='lat' dir='ltr'><strong>de</strong></span> <span class='ocrx_word' id='word_1_204' title='bbox 2762 1562 2983 1626; x_wconf 87' lang='lat' dir='ltr'><strong>Cilonia,</strong></span> <span class='ocrx_word' id='word_1_205' title='bbox 3029 1574 3252 1629; x_wconf 77' lang='lat' dir='ltr'><strong>excepto</strong></span> <span class='ocrx_word' id='word_1_206' title='bbox 3295 1566 3421 1619; x_wconf 81' lang='lat' dir='ltr'><strong>silva</strong></span> <span class='ocrx_word' id='word_1_207' title='bbox 3469 1567 3656 1619; x_wconf 82' lang='lat' dir='ltr'><strong>donnica</strong></span> 
     </span>
    </p>
   </div>
   <div class='ocr_carea' id='block_1_31' title="bbox 2144 1644 3656 1720">
    <p class='ocr_par' dir='ltr' id='par_1_31' title="bbox 2144 1644 3656 1720">
     <span class='ocr_line' id='line_1_31' title="bbox 2144 1644 3656 1720; baseline 0.005 -21"><span class='ocrx_word' id='word_1_208' title='bbox 2144 1645 2213 1699; x_wconf 91' lang='lat' dir='ltr'><strong>de</strong></span> <span class='ocrx_word' id='word_1_209' title='bbox 2237 1644 2462 1709; x_wconf 89' lang='lat' dir='ltr'><strong>Cilonio,</strong></span> <span class='ocrx_word' id='word_1_210' title='bbox 2488 1661 2608 1700; x_wconf 87' lang='lat' dir='ltr'><strong>casa</strong></span> <span class='ocrx_word' id='word_1_211' title='bbox 2639 1646 2877 1716; x_wconf 87' lang='lat' dir='ltr'><strong>Crespuli</strong></span> <span class='ocrx_word' id='word_1_212' title='bbox 2909 1650 2975 1703; x_wconf 90' lang='lat' dir='ltr'><strong>de</strong></span> <span class='ocrx_word' id='word_1_213' title='bbox 3002 1651 3280 1716; x_wconf 85' lang='lat' dir='ltr'><strong>fremiano,</strong></span> <span class='ocrx_word' id='word_1_214' title='bbox 3312 1664 3518 1720; x_wconf 77' lang='lat' dir='ltr'><strong>excepto</strong></span> <span class='ocrx_word' id='word_1_215' title='bbox 3534 1663 3656 1708; x_wconf 84' lang='lat' dir='ltr'><strong>sorte</strong></span> 
     </span>
    </p>
   </div>
   <div class='ocr_carea' id='block_1_32' title="bbox 2148 1733 3658 1808">
    <p class='ocr_par' dir='ltr' id='par_1_32' title="bbox 2148 1733 3658 1808">
     <span class='ocr_line' id='line_1_32' title="bbox 2148 1733 3658 1808; baseline 0.007 -22"><span class='ocrx_word' id='word_1_216' title='bbox 2148 1733 2352 1799; x_wconf 83' lang='lat' dir='ltr'><strong>fesculi,</strong></span> <span class='ocrx_word' id='word_1_217' title='bbox 2399 1734 2486 1799; x_wconf 88' lang='lat' dir='ltr'><strong>qui</strong></span> <span class='ocrx_word' id='word_1_218' title='bbox 2528 1736 2613 1791; x_wconf 88' lang='lat' dir='ltr'><strong>fue</strong></span> <span class='ocrx_word' id='word_1_219' title='bbox 2664 1736 2898 1791; x_wconf 89' lang='lat' dir='ltr'><strong>barbano</strong></span> <span class='ocrx_word' id='word_1_220' title='bbox 2935 1740 3068 1802; x_wconf 86' lang='lat' dir='ltr'><strong>eius,</strong></span> <span class='ocrx_word' id='word_1_221' title='bbox 3108 1743 3245 1808; x_wconf 90' lang='lat' dir='ltr'><strong>quod</strong></span> <span class='ocrx_word' id='word_1_222' title='bbox 3278 1743 3423 1795; x_wconf 90' lang='lat' dir='ltr'><strong>nobis</strong></span> <span class='ocrx_word' id='word_1_223' title='bbox 3459 1759 3658 1799; x_wconf 83' lang='lat' dir='ltr'><strong>reserva-</strong></span> 
     </span>
    </p>
   </div>
   <div class='ocr_carea' id='block_1_33' title="bbox 486 1799 2047 1905">
    <p class='ocr_par' dir='ltr' id='par_1_33' title="bbox 486 1833 2045 1905">
     <span class='ocr_line' id='line_1_33' title="bbox 486 1833 2045 1905; baseline 0.002 -18"><span class='ocrx_word' id='word_1_224' title='bbox 486 1836 675 1887; x_wconf 84' lang='lat' dir='ltr'><strong>mortis</strong></span> <span class='ocrx_word' id='word_1_225' title='bbox 707 1837 902 1888; x_wconf 75' lang='lat' dir='ltr'><strong>exitum</strong></span> <span class='ocrx_word' id='word_1_226' title='bbox 944 1834 1200 1890; x_wconf 87' lang='lat' dir='ltr'><strong>debemus</strong></span> <span class='ocrx_word' id='word_1_227' title='bbox 1242 1834 1504 1900; x_wconf 64' lang='lat' dir='ltr'><strong>oltscripta</strong></span> <span class='ocrx_word' id='word_1_228' title='bbox 1546 1833 1863 1902; x_wconf 79' lang='lat' dir='ltr'><strong>patefacere,</strong></span> <span class='ocrx_word' id='word_1_229' title='bbox 1888 1844 2045 1905; x_wconf 83' lang='lat' dir='ltr'><strong>atque</strong></span> 
     </span>
    </p>
   </div>
   <div class='ocr_carea' id='block_1_34' title="bbox 2150 1799 3660 1905">
    <p class='ocr_par' dir='ltr' id='par_1_34' title="bbox 2150 1799 3660 1897">
     <span class='ocr_line' id='line_1_34' title="bbox 2150 1799 3660 1897; baseline 0.005 -21"><span class='ocrx_word' id='word_1_230' title='bbox 2150 1837 2284 1878; x_wconf 89' lang='lat' dir='ltr'><strong>mus.</strong></span> <span class='ocrx_word' id='word_1_231' title='bbox 2324 1817 2705 1893; x_wconf 46' lang='lat' dir='ltr'><strong>&#39;Suprasrripta</strong></span> <span class='ocrx_word' id='word_1_232' title='bbox 2738 1826 2849 1880; x_wconf 91' lang='lat' dir='ltr'><strong>viro</strong></span> <span class='ocrx_word' id='word_1_233' title='bbox 2894 1799 3069 1880; x_wconf 83' lang='lat' dir='ltr'><strong>omnia</strong></span> <span class='ocrx_word' id='word_1_234' title='bbox 3114 1799 3340 1896; x_wconf 80' lang='lat' dir='ltr'><strong>qualiter</strong></span> <span class='ocrx_word' id='word_1_235' title='bbox 3365 1831 3582 1897; x_wconf 76' lang='lat' dir='ltr'><strong>superius</strong></span> <span class='ocrx_word' id='word_1_236' title='bbox 3604 1834 3660 1883; x_wconf 85' lang='lat' dir='ltr'><strong>ad</strong></span> 
     </span>
    </p>
   </div>
   <div class='ocr_carea' id='block_1_35' title="bbox 486 1923 2039 1990">
    <p class='ocr_par' dir='ltr' id='par_1_35' title="bbox 486 1923 2039 1990">
     <span class='ocr_line' id='line_1_35' title="bbox 486 1923 2039 1990; baseline 0.001 -14"><span class='ocrx_word' id='word_1_237' title='bbox 486 1925 699 1978; x_wconf 86' lang='lat' dir='ltr'><strong>adversi</strong></span> <span class='ocrx_word' id='word_1_238' title='bbox 722 1924 885 1977; x_wconf 82' lang='lat' dir='ltr'><strong>sancti</strong></span> <span class='ocrx_word' id='word_1_239' title='bbox 912 1934 962 1977; x_wconf 91' lang='lat' dir='ltr'><strong>et</strong></span> <span class='ocrx_word' id='word_1_240' title='bbox 986 1923 1313 1977; x_wconf 88' lang='lat' dir='ltr'><strong>venerabiles</strong></span> <span class='ocrx_word' id='word_1_241' title='bbox 1336 1923 1463 1977; x_wconf 85' lang='lat' dir='ltr'><strong>locis</strong></span> <span class='ocrx_word' id='word_1_242' title='bbox 1485 1938 1579 1977; x_wconf 85' lang='lat' dir='ltr'><strong>nos</strong></span> <span class='ocrx_word' id='word_1_243' title='bbox 1598 1924 2039 1990; x_wconf 90' lang='lat' dir='ltr'><strong>comendandum,</strong></span> 
     </span>
    </p>
   </div>
   <div class='ocr_carea' id='block_1_36' title="bbox 487 2010 2045 2079">
    <p class='ocr_par' dir='ltr' id='par_1_36' title="bbox 487 2010 2045 2079">
     <span class='ocr_line' id='line_1_36' title="bbox 487 2010 2045 2079; baseline 0.001 -15"><span class='ocrx_word' id='word_1_244' title='bbox 487 2012 559 2064; x_wconf 88' lang='lat' dir='ltr'><strong>ibi</strong></span> <span class='ocrx_word' id='word_1_245' title='bbox 599 2010 832 2064; x_wconf 85' lang='lat' dir='ltr'><strong>volemus</strong></span> <span class='ocrx_word' id='word_1_246' title='bbox 875 2010 1123 2065; x_wconf 87' lang='lat' dir='ltr'><strong>festinare</strong></span> <span class='ocrx_word' id='word_1_247' title='bbox 1170 2010 1254 2064; x_wconf 91' lang='lat' dir='ltr'><strong>ubi</strong></span> <span class='ocrx_word' id='word_1_248' title='bbox 1298 2026 1508 2077; x_wconf 87' lang='lat' dir='ltr'><strong>semper</strong></span> <span class='ocrx_word' id='word_1_249' title='bbox 1547 2012 1797 2066; x_wconf 88' lang='lat' dir='ltr'><strong>debemus</strong></span> <span class='ocrx_word' id='word_1_250' title='bbox 1841 2028 2045 2079; x_wconf 88' lang='lat' dir='ltr'><strong>perma-</strong></span> 
     </span>
    </p>
   </div>
   <div class='ocr_carea' id='block_1_37' title="bbox 491 2100 2043 2170">
    <p class='ocr_par' dir='ltr' id='par_1_37' title="bbox 491 2100 2043 2170">
     <span class='ocr_line' id='line_1_37' title="bbox 491 2100 2043 2170; baseline 0.001 -15"><span class='ocrx_word' id='word_1_251' title='bbox 491 2115 639 2165; x_wconf 86' lang='lat' dir='ltr'><strong>nere,</strong></span> <span class='ocrx_word' id='word_1_252' title='bbox 667 2101 755 2155; x_wconf 89' lang='lat' dir='ltr'><strong>ubi</strong></span> <span class='ocrx_word' id='word_1_253' title='bbox 782 2101 929 2155; x_wconf 82' lang='lat' dir='ltr'><strong>iustis</strong></span> <span class='ocrx_word' id='word_1_254' title='bbox 954 2111 1006 2155; x_wconf 92' lang='lat' dir='ltr'><strong>et</strong></span> <span class='ocrx_word' id='word_1_255' title='bbox 1030 2100 1490 2157; x_wconf 79' lang='lat' dir='ltr'><strong>benemerentibus</strong></span> <span class='ocrx_word' id='word_1_256' title='bbox 1512 2101 1629 2155; x_wconf 82' lang='lat' dir='ltr'><strong>sine</strong></span> <span class='ocrx_word' id='word_1_257' title='bbox 1658 2102 1759 2156; x_wconf 80' lang='lat' dir='ltr'><strong>line</strong></span> <span class='ocrx_word' id='word_1_258' title='bbox 1780 2102 1829 2156; x_wconf 93' lang='lat' dir='ltr'><strong>in</strong></span> <span class='ocrx_word' id='word_1_259' title='bbox 1852 2103 2043 2170; x_wconf 79' lang='lat' dir='ltr'><strong>gaudio</strong></span> 
     </span>
    </p>
   </div>
   <div class='ocr_carea' id='block_1_38' title="bbox 487 2192 2041 2259">
    <p class='ocr_par' dir='ltr' id='par_1_38' title="bbox 487 2192 2041 2259">
     <span class='ocr_line' id='line_1_38' title="bbox 487 2192 2041 2259; baseline 0.002 -15"><span class='ocrx_word' id='word_1_260' title='bbox 487 2205 772 2259; x_wconf 88' lang='lat' dir='ltr'><strong>repausare</strong></span> <span class='ocrx_word' id='word_1_261' title='bbox 815 2192 1084 2255; x_wconf 81' lang='lat' dir='ltr'><strong>festinant,</strong></span> <span class='ocrx_word' id='word_1_262' title='bbox 1132 2201 1187 2245; x_wconf 93' lang='lat' dir='ltr'><strong>ut</strong></span> <span class='ocrx_word' id='word_1_263' title='bbox 1214 2206 1306 2255; x_wconf 87' lang='lat' dir='ltr'><strong>pro</strong></span> <span class='ocrx_word' id='word_1_264' title='bbox 1347 2192 1431 2247; x_wconf 85' lang='lat' dir='ltr'><strong>his</strong></span> <span class='ocrx_word' id='word_1_265' title='bbox 1462 2193 1848 2259; x_wconf 75' lang='lat' dir='ltr'><strong>temporalibus,</strong></span> <span class='ocrx_word' id='word_1_266' title='bbox 1868 2208 2041 2247; x_wconf 90' lang='lat' dir='ltr'><strong>rerum</strong></span> 
     </span>
    </p>
   </div>
   <div class='ocr_carea' id='block_1_39' title="bbox 487 2283 2045 2349">
    <p class='ocr_par' dir='ltr' id='par_1_39' title="bbox 487 2283 2045 2349">
     <span class='ocr_line' id='line_1_39' title="bbox 487 2283 2045 2349; baseline 0.001 -14"><span class='ocrx_word' id='word_1_267' title='bbox 487 2283 641 2336; x_wconf 86' lang='lat' dir='ltr'><strong>nobis</strong></span> <span class='ocrx_word' id='word_1_268' title='bbox 699 2284 1033 2347; x_wconf 76' lang='lat' dir='ltr'><strong>omnipotens</strong></span> <span class='ocrx_word' id='word_1_269' title='bbox 1090 2283 1340 2336; x_wconf 79' lang='lat' dir='ltr'><strong>Dominus</strong></span> <span class='ocrx_word' id='word_1_270' title='bbox 1400 2283 1701 2349; x_wconf 87' lang='lat' dir='ltr'><strong>centuplum</strong></span> <span class='ocrx_word' id='word_1_271' title='bbox 1767 2284 2045 2338; x_wconf 81' lang='lat' dir='ltr'><strong>restituere</strong></span> 
     </span>
    </p>
   </div>
   <div class='ocr_carea' id='block_1_40' title="bbox 487 2370 2043 2441">
    <p class='ocr_par' dir='ltr' id='par_1_40' title="bbox 487 2370 2043 2441">
     <span class='ocr_line' id='line_1_40' title="bbox 487 2370 2043 2441; baseline 0.003 -19"><span class='ocrx_word' id='word_1_272' title='bbox 487 2372 752 2438; x_wconf 74' lang='lat' dir='ltr'><strong>dignetur.</strong></span> <span class='ocrx_word' id='word_1_273' title='bbox 806 2370 955 2426; x_wconf 83' lang='lat' dir='ltr'><strong>Unde</strong></span> <span class='ocrx_word' id='word_1_274' title='bbox 1002 2371 1158 2425; x_wconf 62' lang='lat' dir='ltr'><strong>modo</strong></span> <span class='ocrx_word' id='word_1_275' title='bbox 1182 2386 1279 2441; x_wconf 79' lang='lat' dir='ltr'><strong>ego</strong></span> <span class='ocrx_word' id='word_1_276' title='bbox 1304 2372 1597 2426; x_wconf 81' lang='lat' dir='ltr'><strong>Guinifredi</strong></span> <span class='ocrx_word' id='word_1_277' title='bbox 1630 2374 1892 2439; x_wconf 82' lang='lat' dir='ltr'><strong>quondam</strong></span> <span class='ocrx_word' id='word_1_278' title='bbox 1939 2375 2043 2428; x_wconf 91' lang='lat' dir='ltr'><strong>filio</strong></span> 
     </span>
    </p>
   </div>
   <div class='ocr_carea' id='block_1_41' title="bbox 486 2458 2042 2528">
    <p class='ocr_par' dir='ltr' id='par_1_41' title="bbox 486 2458 2042 2528">
     <span class='ocr_line' id='line_1_41' title="bbox 486 2458 2042 2528; baseline 0.006 -19"><span class='ocrx_word' id='word_1_279' title='bbox 486 2458 750 2525; x_wconf 91' lang='lat' dir='ltr'><strong>quondam</strong></span> <span class='ocrx_word' id='word_1_280' title='bbox 795 2458 1055 2527; x_wconf 81' lang='lat' dir='ltr'><strong>Guillipad</strong></span> <span class='ocrx_word' id='word_1_281' title='bbox 1087 2476 1185 2513; x_wconf 88' lang='lat' dir='ltr'><strong>una</strong></span> <span class='ocrx_word' id='word_1_282' title='bbox 1233 2476 1350 2514; x_wconf 92' lang='lat' dir='ltr'><strong>cum</strong></span> <span class='ocrx_word' id='word_1_283' title='bbox 1382 2461 1710 2515; x_wconf 85' lang='lat' dir='ltr'><strong>dilectissimi</strong></span> <span class='ocrx_word' id='word_1_284' title='bbox 1745 2464 1864 2517; x_wconf 79' lang='lat' dir='ltr'><strong>filiis</strong></span> <span class='ocrx_word' id='word_1_285' title='bbox 1891 2465 2042 2528; x_wconf 90' lang='lat' dir='ltr'><strong>meis,</strong></span> 
     </span>
    </p>
   </div>
   <div class='ocr_carea' id='block_1_42' title="bbox 486 2547 2043 2621">
    <p class='ocr_par' dir='ltr' id='par_1_42' title="bbox 486 2547 2043 2621">
     <span class='ocr_line' id='line_1_42' title="bbox 486 2547 2043 2621; baseline 0.004 -21"><span class='ocrx_word' id='word_1_286' title='bbox 486 2548 641 2603; x_wconf 87' lang='lat' dir='ltr'><strong>idest</strong></span> <span class='ocrx_word' id='word_1_287' title='bbox 677 2547 965 2613; x_wconf 68' lang='lat' dir='ltr'><strong>Guiilerad,</strong></span> <span class='ocrx_word' id='word_1_288' title='bbox 1018 2550 1191 2617; x_wconf 80' lang='lat' dir='ltr'><strong>Agtali</strong></span> <span class='ocrx_word' id='word_1_289' title='bbox 1241 2549 1556 2605; x_wconf 87' lang='lat' dir='ltr'><strong>unanimiter</strong></span> <span class='ocrx_word' id='word_1_290' title='bbox 1587 2552 1721 2604; x_wconf 85' lang='lat' dir='ltr'><strong>bona</strong></span> <span class='ocrx_word' id='word_1_291' title='bbox 1749 2561 1803 2605; x_wconf 79' lang='lat' dir='ltr'><strong>et</strong></span> <span class='ocrx_word' id='word_1_292' title='bbox 1845 2553 2043 2621; x_wconf 74' lang='lat' dir='ltr'><strong>integra</strong></span> 
     </span>
    </p>
   </div>
   <div class='ocr_carea' id='block_1_43' title="bbox 486 2638 2046 2707">
    <p class='ocr_par' dir='ltr' id='par_1_43' title="bbox 486 2638 2046 2707">
     <span class='ocr_line' id='line_1_43' title="bbox 486 2638 2046 2707; baseline 0.006 -20"><span class='ocrx_word' id='word_1_293' title='bbox 486 2638 808 2690; x_wconf 76' lang='lat' dir='ltr'><strong>voluntatem</strong></span> <span class='ocrx_word' id='word_1_294' title='bbox 835 2648 1012 2692; x_wconf 87' lang='lat' dir='ltr'><strong>nostra</strong></span> <span class='ocrx_word' id='word_1_295' title='bbox 1035 2639 1123 2698; x_wconf 90' lang='lat' dir='ltr'><strong>do,</strong></span> <span class='ocrx_word' id='word_1_296' title='bbox 1148 2639 1358 2704; x_wconf 82' lang='lat' dir='ltr'><strong>damus,</strong></span> <span class='ocrx_word' id='word_1_297' title='bbox 1381 2640 1655 2704; x_wconf 80' lang='lat' dir='ltr'><strong>tradimus,</strong></span> <span class='ocrx_word' id='word_1_298' title='bbox 1678 2650 1832 2707; x_wconf 87' lang='lat' dir='ltr'><strong>atque</strong></span> <span class='ocrx_word' id='word_1_299' title='bbox 1856 2642 2046 2697; x_wconf 84' lang='lat' dir='ltr'><strong>otl&#39;erre</strong></span> 
     </span>
    </p>
   </div>
   <div class='ocr_carea' id='block_1_44' title="bbox 484 2726 2044 2794">
    <p class='ocr_par' dir='ltr' id='par_1_44' title="bbox 484 2726 2044 2794">
     <span class='ocr_line' id='line_1_44' title="bbox 484 2726 2044 2794; baseline 0.005 -20"><span class='ocrx_word' id='word_1_300' title='bbox 484 2726 579 2779; x_wconf 88' lang='lat' dir='ltr'><strong>visi</strong></span> <span class='ocrx_word' id='word_1_301' title='bbox 612 2740 793 2779; x_wconf 89' lang='lat' dir='ltr'><strong>sumus</strong></span> <span class='ocrx_word' id='word_1_302' title='bbox 820 2741 1006 2779; x_wconf 90' lang='lat' dir='ltr'><strong>omnes</strong></span> <span class='ocrx_word' id='word_1_303' title='bbox 1046 2740 1150 2791; x_wconf 89' lang='lat' dir='ltr'><strong>res,</strong></span> <span class='ocrx_word' id='word_1_304' title='bbox 1181 2727 1316 2793; x_wconf 87' lang='lat' dir='ltr'><strong>quod</strong></span> <span class='ocrx_word' id='word_1_305' title='bbox 1366 2728 1689 2784; x_wconf 77' lang='lat' dir='ltr'><strong>nominative</strong></span> <span class='ocrx_word' id='word_1_306' title='bbox 1734 2729 2044 2794; x_wconf 76' lang='lat' dir='ltr'><strong>dixerimus,</strong></span> 
     </span>
    </p>
   </div>
   <div class='ocr_carea' id='block_1_45' title="bbox 489 2814 2048 2890">
    <p class='ocr_par' dir='ltr' id='par_1_45' title="bbox 489 2814 2048 2890">
     <span class='ocr_line' id='line_1_45' title="bbox 489 2814 2048 2890; baseline 0.004 -24"><span class='ocrx_word' id='word_1_307' title='bbox 489 2814 557 2867; x_wconf 90' lang='lat' dir='ltr'><strong>de</strong></span> <span class='ocrx_word' id='word_1_308' title='bbox 583 2830 668 2866; x_wconf 91' lang='lat' dir='ltr'><strong>res</strong></span> <span class='ocrx_word' id='word_1_309' title='bbox 700 2816 975 2882; x_wconf 90' lang='lat' dir='ltr'><strong>pecnniola</strong></span> <span class='ocrx_word' id='word_1_310' title='bbox 1000 2825 1197 2880; x_wconf 87' lang='lat' dir='ltr'><strong>nostra,</strong></span> <span class='ocrx_word' id='word_1_311' title='bbox 1222 2818 1360 2885; x_wconf 89' lang='lat' dir='ltr'><strong>quod</strong></span> <span class='ocrx_word' id='word_1_312' title='bbox 1392 2819 1644 2872; x_wconf 88' lang='lat' dir='ltr'><strong>habemus</strong></span> <span class='ocrx_word' id='word_1_313' title='bbox 1665 2820 1729 2874; x_wconf 89' lang='lat' dir='ltr'><strong>de</strong></span> <span class='ocrx_word' id='word_1_314' title='bbox 1756 2836 1876 2874; x_wconf 83' lang='lat' dir='ltr'><strong>cura</strong></span> <span class='ocrx_word' id='word_1_315' title='bbox 1904 2824 2048 2890; x_wconf 72' lang='lat' dir='ltr'><strong>geni-</strong></span> 
     </span>
    </p>
   </div>
   <div class='ocr_carea' id='block_1_46' title="bbox 489 2902 2048 2973">
    <p class='ocr_par' dir='ltr' id='par_1_46' title="bbox 489 2902 2048 2973">
     <span class='ocr_line' id='line_1_46' title="bbox 489 2902 2048 2973; baseline 0.008 -21"><span class='ocrx_word' id='word_1_316' title='bbox 489 2902 589 2955; x_wconf 87' lang='lat' dir='ltr'><strong>tori</strong></span> <span class='ocrx_word' id='word_1_317' title='bbox 612 2903 820 2966; x_wconf 86' lang='lat' dir='ltr'><strong>nostris,</strong></span> <span class='ocrx_word' id='word_1_318' title='bbox 855 2904 935 2957; x_wconf 90' lang='lat' dir='ltr'><strong>vel</strong></span> <span class='ocrx_word' id='word_1_319' title='bbox 955 2903 1021 2959; x_wconf 91' lang='lat' dir='ltr'><strong>de</strong></span> <span class='ocrx_word' id='word_1_320' title='bbox 1042 2920 1222 2958; x_wconf 89' lang='lat' dir='ltr'><strong>eorum</strong></span> <span class='ocrx_word' id='word_1_321' title='bbox 1253 2906 1567 2973; x_wconf 82' lang='lat' dir='ltr'><strong>conquisite,</strong></span> <span class='ocrx_word' id='word_1_322' title='bbox 1592 2908 1834 2963; x_wconf 82' lang='lat' dir='ltr'><strong>similiter</strong></span> <span class='ocrx_word' id='word_1_323' title='bbox 1861 2910 1925 2963; x_wconf 89' lang='lat' dir='ltr'><strong>de</strong></span> <span class='ocrx_word' id='word_1_324' title='bbox 1954 2927 2048 2964; x_wconf 82' lang='lat' dir='ltr'><strong>no-</strong></span> 
     </span>
    </p>
   </div>
   <div class='ocr_carea' id='block_1_47' title="bbox 488 2991 2049 3060">
    <p class='ocr_par' dir='ltr' id='par_1_47' title="bbox 488 2991 2049 3060">
     <span class='ocr_line' id='line_1_47' title="bbox 488 2991 2049 3060; baseline 0.009 -18"><span class='ocrx_word' id='word_1_325' title='bbox 488 2999 599 3043; x_wconf 84' lang='lat' dir='ltr'><strong>stro</strong></span> <span class='ocrx_word' id='word_1_326' title='bbox 621 2991 673 3044; x_wconf 91' lang='lat' dir='ltr'><strong>in</strong></span> <span class='ocrx_word' id='word_1_327' title='bbox 708 2992 970 3060; x_wconf 85' lang='lat' dir='ltr'><strong>aliquanlu</strong></span> <span class='ocrx_word' id='word_1_328' title='bbox 993 2994 1259 3047; x_wconf 82' lang='lat' dir='ltr'><strong>olierimns</strong></span> <span class='ocrx_word' id='word_1_329' title='bbox 1281 2996 1331 3049; x_wconf 92' lang='lat' dir='ltr'><strong>in</strong></span> <span class='ocrx_word' id='word_1_330' title='bbox 1352 2998 1571 3053; x_wconf 87' lang='lat' dir='ltr'><strong>ecclesia</strong></span> <span class='ocrx_word' id='word_1_331' title='bbox 1612 3001 1841 3054; x_wconf 86' lang='lat' dir='ltr'><strong>oratorio</strong></span> <span class='ocrx_word' id='word_1_332' title='bbox 1868 3012 2049 3056; x_wconf 91' lang='lat' dir='ltr'><strong>nostro</strong></span> 
     </span>
    </p>
   </div>
   <div class='ocr_carea' id='block_1_48' title="bbox 489 3074 2045 3158">
    <p class='ocr_par' dir='ltr' id='par_1_48' title="bbox 489 3074 2045 3158">
     <span class='ocr_line' id='line_1_48' title="bbox 489 3074 2045 3158; baseline 0.006 -24"><span class='ocrx_word' id='word_1_333' title='bbox 489 3079 627 3134; x_wconf 84' lang='lat' dir='ltr'><strong>beati</strong></span> <span class='ocrx_word' id='word_1_334' title='bbox 656 3080 847 3145; x_wconf 82' lang='lat' dir='ltr'><strong>Petris,</strong></span> <span class='ocrx_word' id='word_1_335' title='bbox 878 3092 931 3136; x_wconf 89' lang='lat' dir='ltr'><strong>et</strong></span> <span class='ocrx_word' id='word_1_336' title='bbox 964 3094 1144 3136; x_wconf 83' lang='lat' dir='ltr'><strong>sancte</strong></span> <span class='ocrx_word' id='word_1_337' title='bbox 1190 3084 1370 3150; x_wconf 82' lang='lat' dir='ltr'><strong>Marie,</strong></span> <span class='ocrx_word' id='word_1_338' title='bbox 1401 3086 1540 3153; x_wconf 89' lang='lat' dir='ltr'><strong>quod</strong></span> <span class='ocrx_word' id='word_1_339' title='bbox 1571 3074 1666 3139; x_wconf 82' lang='lat' dir='ltr'><strong>nos</strong></span> <span class='ocrx_word' id='word_1_340' title='bbox 1696 3088 1892 3158; x_wconf 77' lang='lat' dir='ltr'><strong>indigni</strong></span> <span class='ocrx_word' id='word_1_341' title='bbox 1923 3105 2045 3156; x_wconf 86' lang='lat' dir='ltr'><strong>pec-</strong></span> 
     </span>
    </p>
   </div>
   <div class='ocr_carea' id='block_1_49' title="bbox 486 3171 2065 3243">
    <p class='ocr_par' dir='ltr' id='par_1_49' title="bbox 486 3171 2065 3243">
     <span class='ocr_line' id='line_1_49' title="bbox 486 3171 2065 3243; baseline 0.005 -19"><span class='ocrx_word' id='word_1_342' title='bbox 486 3172 684 3224; x_wconf 88' lang='lat' dir='ltr'><strong>catoris</strong></span> <span class='ocrx_word' id='word_1_343' title='bbox 712 3171 762 3225; x_wconf 91' lang='lat' dir='ltr'><strong>in</strong></span> <span class='ocrx_word' id='word_1_344' title='bbox 809 3181 989 3225; x_wconf 90' lang='lat' dir='ltr'><strong>nostro</strong></span> <span class='ocrx_word' id='word_1_345' title='bbox 1016 3172 1288 3242; x_wconf 78' lang='lat' dir='ltr'><strong>privilegio</strong></span> <span class='ocrx_word' id='word_1_346' title='bbox 1318 3189 1345 3225; x_wconf 89' lang='lat' dir='ltr'><strong>a</strong></span> <span class='ocrx_word' id='word_1_347' title='bbox 1375 3172 1730 3231; x_wconf 80' lang='lat' dir='ltr'><strong>fundamentis</strong></span> <span class='ocrx_word' id='word_1_348' title='bbox 1759 3179 2065 3243; x_wconf 77' lang='lat' dir='ltr'><strong>ereximus,</strong></span> 
     </span>
    </p>
   </div>
   <div class='ocr_carea' id='block_1_50' title="bbox 490 3261 2053 3334">
    <p class='ocr_par' dir='ltr' id='par_1_50' title="bbox 490 3261 2053 3334">
     <span class='ocr_line' id='line_1_50' title="bbox 490 3261 2053 3334; baseline 0.006 -20"><span class='ocrx_word' id='word_1_349' title='bbox 490 3261 682 3315; x_wconf 86' lang='lat' dir='ltr'><strong>ibidem</strong></span> <span class='ocrx_word' id='word_1_350' title='bbox 729 3261 1021 3328; x_wconf 78' lang='lat' dir='ltr'><strong>offerimus,</strong></span> <span class='ocrx_word' id='word_1_351' title='bbox 1068 3262 1119 3316; x_wconf 89' lang='lat' dir='ltr'><strong>id</strong></span> <span class='ocrx_word' id='word_1_352' title='bbox 1143 3275 1220 3318; x_wconf 87' lang='lat' dir='ltr'><strong>est</strong></span> <span class='ocrx_word' id='word_1_353' title='bbox 1252 3264 1301 3317; x_wconf 89' lang='lat' dir='ltr'><strong>itt</strong></span> <span class='ocrx_word' id='word_1_354' title='bbox 1350 3266 1531 3334; x_wconf 84' lang='lat' dir='ltr'><strong>primis</strong></span> <span class='ocrx_word' id='word_1_355' title='bbox 1570 3282 1691 3321; x_wconf 79' lang='lat' dir='ltr'><strong>case</strong></span> <span class='ocrx_word' id='word_1_356' title='bbox 1721 3268 2053 3324; x_wconf 83' lang='lat' dir='ltr'><strong>habitationis</strong></span> 
     </span>
    </p>
   </div>
   <div class='ocr_carea' id='block_1_51' title="bbox 488 3351 2047 3425">
    <p class='ocr_par' dir='ltr' id='par_1_51' title="bbox 488 3351 2047 3425">
     <span class='ocr_line' id='line_1_51' title="bbox 488 3351 2047 3425; baseline 0.004 -20"><span class='ocrx_word' id='word_1_357' title='bbox 488 3351 576 3405; x_wconf 91' lang='lat' dir='ltr'><strong>ubi</strong></span> <span class='ocrx_word' id='word_1_358' title='bbox 626 3351 945 3416; x_wconf 76' lang='lat' dir='ltr'><strong>habitamus,</strong></span> <span class='ocrx_word' id='word_1_359' title='bbox 994 3355 1161 3417; x_wconf 88' lang='lat' dir='ltr'><strong>locus,</strong></span> <span class='ocrx_word' id='word_1_360' title='bbox 1209 3357 1296 3422; x_wconf 89' lang='lat' dir='ltr'><strong>qui</strong></span> <span class='ocrx_word' id='word_1_361' title='bbox 1342 3357 1632 3424; x_wconf 89' lang='lat' dir='ltr'><strong>appellatur</strong></span> <span class='ocrx_word' id='word_1_362' title='bbox 1670 3359 1886 3425; x_wconf 89' lang='lat' dir='ltr'><strong>pionte;</strong></span> <span class='ocrx_word' id='word_1_363' title='bbox 1927 3377 2047 3425; x_wconf 90' lang='lat' dir='ltr'><strong>una,</strong></span> 
     </span>
    </p>
   </div>
   <div class='ocr_carea' id='block_1_52' title="bbox 489 3444 2054 3517">
    <p class='ocr_par' dir='ltr' id='par_1_52' title="bbox 489 3444 2054 3517">
     <span class='ocr_line' id='line_1_52' title="bbox 489 3444 2054 3517; baseline 0.006 -22"><span class='ocrx_word' id='word_1_364' title='bbox 489 3457 607 3495; x_wconf 89' lang='lat' dir='ltr'><strong>cum</strong></span> <span class='ocrx_word' id='word_1_365' title='bbox 637 3444 936 3499; x_wconf 86' lang='lat' dir='ltr'><strong>solamentu</strong></span> <span class='ocrx_word' id='word_1_366' title='bbox 968 3445 1033 3499; x_wconf 91' lang='lat' dir='ltr'><strong>de</strong></span> <span class='ocrx_word' id='word_1_367' title='bbox 1064 3446 1176 3513; x_wconf 84' lang='lat' dir='ltr'><strong>ipse</strong></span> <span class='ocrx_word' id='word_1_368' title='bbox 1206 3460 1346 3513; x_wconf 84' lang='lat' dir='ltr'><strong>case,</strong></span> <span class='ocrx_word' id='word_1_369' title='bbox 1381 3461 1474 3501; x_wconf 82' lang='lat' dir='ltr'><strong>seu</strong></span> <span class='ocrx_word' id='word_1_370' title='bbox 1504 3460 1674 3511; x_wconf 87' lang='lat' dir='ltr'><strong>curte,</strong></span> <span class='ocrx_word' id='word_1_371' title='bbox 1703 3450 1789 3502; x_wconf 88' lang='lat' dir='ltr'><strong>ubi</strong></span> <span class='ocrx_word' id='word_1_372' title='bbox 1822 3449 1937 3517; x_wconf 90' lang='lat' dir='ltr'><strong>ipse</strong></span> <span class='ocrx_word' id='word_1_373' title='bbox 1964 3465 2054 3503; x_wconf 80' lang='lat' dir='ltr'><strong>ec-</strong></span> 
     </span>
    </p>
   </div>
   <div class='ocr_carea' id='block_1_53' title="bbox 490 3532 2053 3606">
    <p class='ocr_par' dir='ltr' id='par_1_53' title="bbox 490 3532 2053 3606">
     <span class='ocr_line' id='line_1_53' title="bbox 490 3532 2053 3606; baseline 0.004 -21"><span class='ocrx_word' id='word_1_374' title='bbox 490 3532 651 3586; x_wconf 89' lang='lat' dir='ltr'><strong>clesia</strong></span> <span class='ocrx_word' id='word_1_375' title='bbox 680 3534 1009 3601; x_wconf 88' lang='lat' dir='ltr'><strong>superposita</strong></span> <span class='ocrx_word' id='word_1_376' title='bbox 1042 3542 1125 3588; x_wconf 84' lang='lat' dir='ltr'><strong>est</strong></span> <span class='ocrx_word' id='word_1_377' title='bbox 1171 3551 1273 3591; x_wconf 91' lang='lat' dir='ltr'><strong>una</strong></span> <span class='ocrx_word' id='word_1_378' title='bbox 1302 3552 1420 3592; x_wconf 89' lang='lat' dir='ltr'><strong>cum</strong></span> <span class='ocrx_word' id='word_1_379' title='bbox 1467 3548 1583 3591; x_wconf 91' lang='lat' dir='ltr'><strong>orto</strong></span> <span class='ocrx_word' id='word_1_380' title='bbox 1611 3537 1748 3591; x_wconf 85' lang='lat' dir='ltr'><strong>circa</strong></span> <span class='ocrx_word' id='word_1_381' title='bbox 1775 3539 1886 3606; x_wconf 79' lang='lat' dir='ltr'><strong>ipse</strong></span> <span class='ocrx_word' id='word_1_382' title='bbox 1911 3553 2053 3605; x_wconf 86' lang='lat' dir='ltr'><strong>case,</strong></span> 
     </span>
    </p>
   </div>
   <div class='ocr_carea' id='block_1_54' title="bbox 488 3627 2056 3695">
    <p class='ocr_par' dir='ltr' id='par_1_54' title="bbox 488 3627 2056 3695">
     <span class='ocr_line' id='line_1_54' title="bbox 488 3627 2056 3695; baseline 0.007 -22"><span class='ocrx_word' id='word_1_383' title='bbox 488 3636 582 3675; x_wconf 88' lang='lat' dir='ltr'><strong>sco</strong></span> <span class='ocrx_word' id='word_1_384' title='bbox 611 3631 665 3676; x_wconf 87' lang='lat' dir='ltr'><strong>et</strong></span> <span class='ocrx_word' id='word_1_385' title='bbox 693 3633 842 3691; x_wconf 91' lang='lat' dir='ltr'><strong>prato</strong></span> <span class='ocrx_word' id='word_1_386' title='bbox 878 3638 1045 3692; x_wconf 86' lang='lat' dir='ltr'><strong>prope</strong></span> <span class='ocrx_word' id='word_1_387' title='bbox 1088 3627 1200 3693; x_wconf 87' lang='lat' dir='ltr'><strong>ipse</strong></span> <span class='ocrx_word' id='word_1_388' title='bbox 1228 3642 1350 3682; x_wconf 88' lang='lat' dir='ltr'><strong>case</strong></span> <span class='ocrx_word' id='word_1_389' title='bbox 1396 3642 1493 3680; x_wconf 91' lang='lat' dir='ltr'><strong>una</strong></span> <span class='ocrx_word' id='word_1_390' title='bbox 1524 3644 1644 3683; x_wconf 90' lang='lat' dir='ltr'><strong>cum</strong></span> <span class='ocrx_word' id='word_1_391' title='bbox 1674 3629 1970 3695; x_wconf 87' lang='lat' dir='ltr'><strong>arboribus,</strong></span> <span class='ocrx_word' id='word_1_392' title='bbox 2003 3639 2056 3684; x_wconf 90' lang='lat' dir='ltr'><strong>et</strong></span> 
     </span>
    </p>
   </div>
   <div class='ocr_carea' id='block_1_55' title="bbox 407 3713 2054 3788">
    <p class='ocr_par' dir='ltr' id='par_1_55' title="bbox 407 3713 2054 3788">
     <span class='ocr_line' id='line_1_55' title="bbox 407 3713 2054 3788; baseline 0.006 -25"><span class='ocrx_word' id='word_1_393' title='bbox 407 3759 410 3762; x_wconf 74' lang='grc'>.</span> <span class='ocrx_word' id='word_1_394' title='bbox 491 3713 709 3781; x_wconf 87' lang='lat' dir='ltr'><strong>insuper</strong></span> <span class='ocrx_word' id='word_1_395' title='bbox 740 3713 933 3769; x_wconf 89' lang='lat' dir='ltr'><strong>ibidem</strong></span> <span class='ocrx_word' id='word_1_396' title='bbox 961 3716 1145 3770; x_wconf 86' lang='lat' dir='ltr'><strong>damus</strong></span> <span class='ocrx_word' id='word_1_397' title='bbox 1166 3731 1288 3771; x_wconf 80' lang='lat' dir='ltr'><strong>casa</strong></span> <span class='ocrx_word' id='word_1_398' title='bbox 1311 3717 1672 3783; x_wconf 78' lang='lat' dir='ltr'><strong>habitationis,</strong></span> <span class='ocrx_word' id='word_1_399' title='bbox 1697 3720 1834 3788; x_wconf 90' lang='lat' dir='ltr'><strong>quod</strong></span> <span class='ocrx_word' id='word_1_400' title='bbox 1859 3721 2054 3774; x_wconf 85' lang='lat' dir='ltr'><strong>habere</strong></span> 
     </span>
    </p>
   </div>
   <div class='ocr_carea' id='block_1_56' title="bbox 489 3804 2049 3876">
    <p class='ocr_par' dir='ltr' id='par_1_56' title="bbox 489 3804 2049 3876">
     <span class='ocr_line' id='line_1_56' title="bbox 489 3804 2049 3876; baseline 0.003 -19"><span class='ocrx_word' id='word_1_401' title='bbox 489 3804 587 3859; x_wconf 90' lang='lat' dir='ltr'><strong>visi</strong></span> <span class='ocrx_word' id='word_1_402' title='bbox 622 3818 824 3871; x_wconf 85' lang='lat' dir='ltr'><strong>sumus,</strong></span> <span class='ocrx_word' id='word_1_403' title='bbox 875 3806 1041 3869; x_wconf 89' lang='lat' dir='ltr'><strong>locus,</strong></span> <span class='ocrx_word' id='word_1_404' title='bbox 1090 3810 1176 3875; x_wconf 87' lang='lat' dir='ltr'><strong>qui</strong></span> <span class='ocrx_word' id='word_1_405' title='bbox 1220 3810 1516 3876; x_wconf 88' lang='lat' dir='ltr'><strong>appellatur</strong></span> <span class='ocrx_word' id='word_1_406' title='bbox 1558 3811 1755 3875; x_wconf 88' lang='lat' dir='ltr'><strong>casnle,</strong></span> <span class='ocrx_word' id='word_1_407' title='bbox 1802 3826 1901 3863; x_wconf 85' lang='lat' dir='ltr'><strong>una</strong></span> <span class='ocrx_word' id='word_1_408' title='bbox 1932 3825 2049 3863; x_wconf 90' lang='lat' dir='ltr'><strong>cum</strong></span> 
     </span>
    </p>
   </div>
   <div class='ocr_carea' id='block_1_57' title="bbox 422 3894 2050 3966">
    <p class='ocr_par' dir='ltr' id='par_1_57' title="bbox 422 3894 2050 3966">
     <span class='ocr_line' id='line_1_57' title="bbox 422 3894 2050 3966; baseline 0.002 -19"><span class='ocrx_word' id='word_1_409' title='bbox 422 3918 426 3923; x_wconf 56' lang='grc' dir='ltr'><em>υ</em></span> <span class='ocrx_word' id='word_1_410' title='bbox 489 3894 781 3950; x_wconf 86' lang='lat' dir='ltr'><strong>solamento</strong></span> <span class='ocrx_word' id='word_1_411' title='bbox 806 3910 922 3960; x_wconf 87' lang='lat' dir='ltr'><strong>suo,</strong></span> <span class='ocrx_word' id='word_1_412' title='bbox 955 3907 1121 3957; x_wconf 90' lang='lat' dir='ltr'><strong>curte,</strong></span> <span class='ocrx_word' id='word_1_413' title='bbox 1155 3908 1296 3962; x_wconf 89' lang='lat' dir='ltr'><strong>orto,</strong></span> <span class='ocrx_word' id='word_1_414' title='bbox 1324 3900 1494 3961; x_wconf 89' lang='lat' dir='ltr'><strong>vinea,</strong></span> <span class='ocrx_word' id='word_1_415' title='bbox 1536 3908 1697 3961; x_wconf 88' lang='lat' dir='ltr'><strong>terra,</strong></span> <span class='ocrx_word' id='word_1_416' title='bbox 1744 3899 1929 3966; x_wconf 88' lang='lat' dir='ltr'><strong>pratis,</strong></span> <span class='ocrx_word' id='word_1_417' title='bbox 1961 3914 2050 3965; x_wconf 91' lang='lat' dir='ltr'><strong>pa-</strong></span> 
     </span>
    </p>
   </div>
   <div class='ocr_carea' id='block_1_58' title="bbox 492 3984 2055 4055">
    <p class='ocr_par' dir='ltr' id='par_1_58' title="bbox 492 3984 2055 4055">
     <span class='ocr_line' id='line_1_58' title="bbox 492 3984 2055 4055; baseline 0.003 -19"><span class='ocrx_word' id='word_1_418' title='bbox 492 3984 660 4050; x_wconf 87' lang='lat' dir='ltr'><strong>scuis,</strong></span> <span class='ocrx_word' id='word_1_419' title='bbox 687 3986 911 4050; x_wconf 89' lang='lat' dir='ltr'><strong>cultum,</strong></span> <span class='ocrx_word' id='word_1_420' title='bbox 938 3994 988 4039; x_wconf 87' lang='lat' dir='ltr'><strong>et</strong></span> <span class='ocrx_word' id='word_1_421' title='bbox 1022 3987 1271 4040; x_wconf 77' lang='lat' dir='ltr'><strong>ircultum</strong></span> <span class='ocrx_word' id='word_1_422' title='bbox 1302 3987 1368 4042; x_wconf 91' lang='lat' dir='ltr'><strong>de</strong></span> <span class='ocrx_word' id='word_1_423' title='bbox 1390 3988 1639 4055; x_wconf 86' lang='lat' dir='ltr'><strong>quidquid</strong></span> <span class='ocrx_word' id='word_1_424' title='bbox 1682 3988 1867 4041; x_wconf 86' lang='lat' dir='ltr'><strong>ividetu</strong></span> <span class='ocrx_word' id='word_1_425' title='bbox 1900 3990 2055 4041; x_wconf 89' lang='lat' dir='ltr'><strong>modo</strong></span> 
     </span>
    </p>
   </div>
   <div class='ocr_carea' id='block_1_59' title="bbox 491 4074 2053 4145">
    <p class='ocr_par' dir='ltr' id='par_1_59' title="bbox 491 4074 2053 4145">
     <span class='ocr_line' id='line_1_59' title="bbox 491 4074 2053 4145; baseline 0.003 -21"><span class='ocrx_word' id='word_1_426' title='bbox 491 4074 557 4125; x_wconf 92' lang='lat' dir='ltr'><strong>ad</strong></span> <span class='ocrx_word' id='word_1_427' title='bbox 591 4084 771 4129; x_wconf 90' lang='lat' dir='ltr'><strong>nostra</strong></span> <span class='ocrx_word' id='word_1_428' title='bbox 828 4075 1185 4129; x_wconf 85' lang='lat' dir='ltr'><strong>dominatione</strong></span> <span class='ocrx_word' id='word_1_429' title='bbox 1232 4077 1455 4143; x_wconf 90' lang='lat' dir='ltr'><strong>pertinet</strong></span> <span class='ocrx_word' id='word_1_430' title='bbox 1484 4077 1534 4131; x_wconf 92' lang='lat' dir='ltr'><strong>in</strong></span> <span class='ocrx_word' id='word_1_431' title='bbox 1588 4078 1868 4143; x_wconf 77' lang='lat' dir='ltr'><strong>integrum,</strong></span> <span class='ocrx_word' id='word_1_432' title='bbox 1914 4079 2053 4145; x_wconf 91' lang='lat' dir='ltr'><strong>quod</strong></span> 
     </span>
    </p>
   </div>
   <div class='ocr_carea' id='block_1_60' title="bbox 490 4165 2052 4237">
    <p class='ocr_par' dir='ltr' id='par_1_60' title="bbox 490 4165 2052 4237">
     <span class='ocr_line' id='line_1_60' title="bbox 490 4165 2052 4237; baseline 0.004 -22"><span class='ocrx_word' id='word_1_433' title='bbox 490 4179 706 4218; x_wconf 80' lang='lat' dir='ltr'><strong>avemus</strong></span> <span class='ocrx_word' id='word_1_434' title='bbox 733 4165 785 4219; x_wconf 91' lang='lat' dir='ltr'><strong>in</strong></span> <span class='ocrx_word' id='word_1_435' title='bbox 812 4168 1169 4236; x_wconf 74' lang='lat' dir='ltr'><strong>suprascripto</strong></span> <span class='ocrx_word' id='word_1_436' title='bbox 1214 4168 1351 4231; x_wconf 86' lang='lat' dir='ltr'><strong>loco,</strong></span> <span class='ocrx_word' id='word_1_437' title='bbox 1395 4178 1619 4236; x_wconf 64' lang='lat' dir='ltr'><strong>excepto</strong></span> <span class='ocrx_word' id='word_1_438' title='bbox 1648 4170 1791 4237; x_wconf 84' lang='lat' dir='ltr'><strong>sylva</strong></span> <span class='ocrx_word' id='word_1_439' title='bbox 1821 4170 1931 4233; x_wconf 90' lang='lat' dir='ltr'><strong>illa,</strong></span> <span class='ocrx_word' id='word_1_440' title='bbox 1964 4170 2052 4234; x_wconf 92' lang='lat' dir='ltr'><strong>qni</strong></span> 
     </span>
    </p>
   </div>
   <div class='ocr_carea' id='block_1_61' title="bbox 492 4258 2050 4326">
    <p class='ocr_par' dir='ltr' id='par_1_61' title="bbox 492 4258 2050 4326">
     <span class='ocr_line' id='line_1_61' title="bbox 492 4258 2050 4326; baseline 0.004 -17"><span class='ocrx_word' id='word_1_441' title='bbox 492 4259 578 4310; x_wconf 85' lang='lat' dir='ltr'><strong>I&#39;ue</strong></span> <span class='ocrx_word' id='word_1_442' title='bbox 601 4259 668 4312; x_wconf 90' lang='lat' dir='ltr'><strong>de</strong></span> <span class='ocrx_word' id='word_1_443' title='bbox 698 4258 806 4324; x_wconf 84' lang='lat' dir='ltr'><strong>ipsa</strong></span> <span class='ocrx_word' id='word_1_444' title='bbox 829 4268 1027 4320; x_wconf 89' lang='lat' dir='ltr'><strong>curtes,</strong></span> <span class='ocrx_word' id='word_1_445' title='bbox 1054 4259 1193 4326; x_wconf 84' lang='lat' dir='ltr'><strong>quod</strong></span> <span class='ocrx_word' id='word_1_446' title='bbox 1222 4267 1373 4313; x_wconf 85' lang='lat' dir='ltr'><strong>antea</strong></span> <span class='ocrx_word' id='word_1_447' title='bbox 1404 4260 1645 4316; x_wconf 87' lang='lat' dir='ltr'><strong>dedimus</strong></span> <span class='ocrx_word' id='word_1_448' title='bbox 1673 4262 1839 4316; x_wconf 81' lang='lat' dir='ltr'><strong>sancti</strong></span> <span class='ocrx_word' id='word_1_449' title='bbox 1867 4263 2050 4324; x_wconf 85' lang='lat' dir='ltr'><strong>Justis,</strong></span> 
     </span>
    </p>
   </div>
   <div class='ocr_carea' id='block_1_62' title="bbox 489 4350 2049 4417">
    <p class='ocr_par' dir='ltr' id='par_1_62' title="bbox 489 4350 2049 4417">
     <span class='ocr_line' id='line_1_62' title="bbox 489 4350 2049 4417; baseline 0.002 -15"><span class='ocrx_word' id='word_1_450' title='bbox 489 4358 543 4402; x_wconf 93' lang='lat' dir='ltr'><strong>et</strong></span> <span class='ocrx_word' id='word_1_451' title='bbox 592 4350 805 4417; x_wconf 87' lang='lat' dir='ltr'><strong>insuper</strong></span> <span class='ocrx_word' id='word_1_452' title='bbox 850 4350 1091 4405; x_wconf 86' lang='lat' dir='ltr'><strong>dedimus</strong></span> <span class='ocrx_word' id='word_1_453' title='bbox 1141 4351 1333 4405; x_wconf 87' lang='lat' dir='ltr'><strong>ibidem</strong></span> <span class='ocrx_word' id='word_1_454' title='bbox 1381 4366 1499 4405; x_wconf 86' lang='lat' dir='ltr'><strong>casa</strong></span> <span class='ocrx_word' id='word_1_455' title='bbox 1551 4352 1889 4406; x_wconf 88' lang='lat' dir='ltr'><strong>habitationis</strong></span> <span class='ocrx_word' id='word_1_456' title='bbox 1932 4366 2049 4405; x_wconf 89' lang='lat' dir='ltr'><strong>cum</strong></span> 
     </span>
    </p>
   </div>
   <div class='ocr_carea' id='block_1_63' title="bbox 490 4439 2123 4530">
    <p class='ocr_par' dir='ltr' id='par_1_63' title="bbox 490 4439 2123 4530">
     <span class='ocr_line' id='line_1_63' title="bbox 490 4439 2123 4530; baseline 0.002 -39"><span class='ocrx_word' id='word_1_457' title='bbox 490 4439 809 4504; x_wconf 88' lang='lat' dir='ltr'><strong>solamento,</strong></span> <span class='ocrx_word' id='word_1_458' title='bbox 840 4450 1008 4504; x_wconf 91' lang='lat' dir='ltr'><strong>curte,</strong></span> <span class='ocrx_word' id='word_1_459' title='bbox 1038 4450 1175 4505; x_wconf 85' lang='lat' dir='ltr'><strong>orto,</strong></span> <span class='ocrx_word' id='word_1_460' title='bbox 1208 4443 1386 4507; x_wconf 71' lang='lat' dir='ltr'><strong>pratis,</strong></span> <span class='ocrx_word' id='word_1_461' title='bbox 1422 4444 1651 4508; x_wconf 87' lang='lat' dir='ltr'><strong>pascuis,</strong></span> <span class='ocrx_word' id='word_1_462' title='bbox 1702 4442 1872 4506; x_wconf 80' lang='lat' dir='ltr'><strong>silvis,</strong></span> <span class='ocrx_word' id='word_1_463' title='bbox 1904 4442 2042 4496; x_wconf 81' lang='lat' dir='ltr'><strong>Salc-</strong></span> <span class='ocrx_word' id='word_1_464' title='bbox 2072 4472 2123 4530; x_wconf 70' lang='grc' dir='ltr'>ι)</span> 
     </span>
    </p>
   </div>
   <div class='ocr_carea' id='block_1_64' title="bbox 490 4529 2046 4595">
    <p class='ocr_par' dir='ltr' id='par_1_64' title="bbox 490 4529 2046 4595">
     <span class='ocr_line' id='line_1_64' title="bbox 490 4529 2046 4595; baseline 0 -13"><span class='ocrx_word' id='word_1_465' title='bbox 490 4529 611 4594; x_wconf 83' lang='lat' dir='ltr'><strong>etis,</strong></span> <span class='ocrx_word' id='word_1_466' title='bbox 658 4529 969 4591; x_wconf 84' lang='lat' dir='ltr'><strong>sationibus,</strong></span> <span class='ocrx_word' id='word_1_467' title='bbox 1019 4529 1240 4595; x_wconf 82' lang='lat' dir='ltr'><strong>cultum,</strong></span> <span class='ocrx_word' id='word_1_468' title='bbox 1270 4540 1322 4585; x_wconf 88' lang='lat' dir='ltr'><strong>et</strong></span> <span class='ocrx_word' id='word_1_469' title='bbox 1369 4530 1619 4585; x_wconf 90' lang='lat' dir='ltr'><strong>incultum</strong></span> <span class='ocrx_word' id='word_1_470' title='bbox 1667 4532 1841 4585; x_wconf 86' lang='lat' dir='ltr'><strong>omnia</strong></span> <span class='ocrx_word' id='word_1_471' title='bbox 1875 4532 1925 4584; x_wconf 90' lang='lat' dir='ltr'><strong>in</strong></span> <span class='ocrx_word' id='word_1_472' title='bbox 1957 4532 2046 4584; x_wconf 84' lang='lat' dir='ltr'><strong>iu—</strong></span> 
     </span>
    </p>
   </div>
   <div class='ocr_carea' id='block_1_65' title="bbox 493 4619 2045 4688">
    <p class='ocr_par' dir='ltr' id='par_1_65' title="bbox 493 4619 2045 4688">
     <span class='ocr_line' id='line_1_65' title="bbox 493 4619 2045 4688; baseline 0.001 -17"><span class='ocrx_word' id='word_1_473' title='bbox 493 4633 718 4685; x_wconf 77' lang='lat' dir='ltr'><strong>tegrum,</strong></span> <span class='ocrx_word' id='word_1_474' title='bbox 770 4620 909 4685; x_wconf 89' lang='lat' dir='ltr'><strong>quod</strong></span> <span class='ocrx_word' id='word_1_475' title='bbox 946 4620 1106 4672; x_wconf 90' lang='lat' dir='ltr'><strong>abere</strong></span> <span class='ocrx_word' id='word_1_476' title='bbox 1146 4619 1240 4673; x_wconf 89' lang='lat' dir='ltr'><strong>visi</strong></span> <span class='ocrx_word' id='word_1_477' title='bbox 1291 4635 1494 4683; x_wconf 90' lang='lat' dir='ltr'><strong>sumus,</strong></span> <span class='ocrx_word' id='word_1_478' title='bbox 1545 4620 1711 4684; x_wconf 87' lang='lat' dir='ltr'><strong>locus,</strong></span> <span class='ocrx_word' id='word_1_479' title='bbox 1744 4621 1832 4687; x_wconf 89' lang='lat' dir='ltr'><strong>qui</strong></span> <span class='ocrx_word' id='word_1_480' title='bbox 1863 4621 2045 4688; x_wconf 87' lang='lat' dir='ltr'><strong>appel-</strong></span> 
     </span>
    </p>
   </div>
   <div class='ocr_carea' id='block_1_66' title="bbox 494 4694 2051 4777">
    <p class='ocr_par' dir='ltr' id='par_1_66' title="bbox 494 4694 2051 4777">
     <span class='ocr_line' id='line_1_66' title="bbox 494 4694 2051 4777; baseline 0.001 -17"><span class='ocrx_word' id='word_1_481' title='bbox 494 4712 626 4762; x_wconf 84' lang='lat' dir='ltr'><strong>latur</strong></span> <span class='ocrx_word' id='word_1_482' title='bbox 654 4694 905 4772; x_wconf 85' lang='lat' dir='ltr'><strong>ducenta,</strong></span> <span class='ocrx_word' id='word_1_483' title='bbox 953 4718 1175 4776; x_wconf 78' lang='lat' dir='ltr'><strong>excepto</strong></span> <span class='ocrx_word' id='word_1_484' title='bbox 1217 4708 1422 4777; x_wconf 75' lang='lat' dir='ltr'><strong>cafagio</strong></span> <span class='ocrx_word' id='word_1_485' title='bbox 1466 4708 1554 4762; x_wconf 91' lang='lat' dir='ltr'><strong>illo</strong></span> <span class='ocrx_word' id='word_1_486' title='bbox 1603 4710 1652 4761; x_wconf 91' lang='lat' dir='ltr'><strong>in</strong></span> <span class='ocrx_word' id='word_1_487' title='bbox 1688 4710 1947 4776; x_wconf 78' lang='lat' dir='ltr'><strong>integrum</strong></span> <span class='ocrx_word' id='word_1_488' title='bbox 1987 4709 2051 4762; x_wconf 86' lang='lat' dir='ltr'><strong>ad</strong></span> 
     </span>
    </p>
   </div>
   <div class='ocr_carea' id='block_1_67' title="bbox 490 4798 2053 4864">
    <p class='ocr_par' dir='ltr' id='par_1_67' title="bbox 490 4798 2053 4864">
     <span class='ocr_line' id='line_1_67' title="bbox 490 4798 2053 4864; baseline -0.002 -12"><span class='ocrx_word' id='word_1_489' title='bbox 490 4800 798 4852; x_wconf 88' lang='lat' dir='ltr'><strong>catarattula</strong></span> <span class='ocrx_word' id='word_1_490' title='bbox 844 4799 907 4851; x_wconf 90' lang='lat' dir='ltr'><strong>da</strong></span> <span class='ocrx_word' id='word_1_491' title='bbox 962 4798 1169 4864; x_wconf 89' lang='lat' dir='ltr'><strong>padu&#39;e,</strong></span> <span class='ocrx_word' id='word_1_492' title='bbox 1212 4798 1349 4863; x_wconf 90' lang='lat' dir='ltr'><strong>quod</strong></span> <span class='ocrx_word' id='word_1_493' title='bbox 1400 4798 1549 4851; x_wconf 86' lang='lat' dir='ltr'><strong>nobis</strong></span> <span class='ocrx_word' id='word_1_494' title='bbox 1599 4812 1954 4863; x_wconf 85' lang='lat' dir='ltr'><strong>reservamus,</strong></span> <span class='ocrx_word' id='word_1_495' title='bbox 2003 4811 2053 4850; x_wconf 92' lang='lat' dir='ltr'><strong>et</strong></span> 
     </span>
    </p>
   </div>
   <div class='ocr_carea' id='block_1_68' title="bbox 494 4886 2054 4956">
    <p class='ocr_par' dir='ltr' id='par_1_68' title="bbox 494 4886 2054 4956">
     <span class='ocr_line' id='line_1_68' title="bbox 494 4886 2054 4956; baseline 0.001 -15"><span class='ocrx_word' id='word_1_496' title='bbox 494 4889 703 4956; x_wconf 88' lang='lat' dir='ltr'><strong>insuper</strong></span> <span class='ocrx_word' id='word_1_497' title='bbox 730 4901 871 4953; x_wconf 84' lang='lat' dir='ltr'><strong>casa,</strong></span> <span class='ocrx_word' id='word_1_498' title='bbox 900 4886 1040 4955; x_wconf 87' lang='lat' dir='ltr'><strong>quod</strong></span> <span class='ocrx_word' id='word_1_499' title='bbox 1093 4886 1285 4941; x_wconf 86' lang='lat' dir='ltr'><strong>habere</strong></span> <span class='ocrx_word' id='word_1_500' title='bbox 1335 4887 1429 4938; x_wconf 82' lang='lat' dir='ltr'><strong>visi</strong></span> <span class='ocrx_word' id='word_1_501' title='bbox 1483 4902 1685 4950; x_wconf 58' lang='lat' dir='ltr'><strong>sumus,</strong></span> <span class='ocrx_word' id='word_1_502' title='bbox 1733 4888 1872 4953; x_wconf 87' lang='lat' dir='ltr'><strong>quod</strong></span> <span class='ocrx_word' id='word_1_503' title='bbox 1905 4888 2054 4942; x_wconf 78' lang='lat' dir='ltr'><strong>nubis</strong></span> 
     </span>
    </p>
   </div>
   <div class='ocr_carea' id='block_1_69' title="bbox 492 4978 2049 5047">
    <p class='ocr_par' dir='ltr' id='par_1_69' title="bbox 492 4978 2049 5047">
     <span class='ocr_line' id='line_1_69' title="bbox 492 4978 2049 5047; baseline 0 -13"><span class='ocrx_word' id='word_1_504' title='bbox 492 4980 557 5034; x_wconf 88' lang='lat' dir='ltr'><strong>de</strong></span> <span class='ocrx_word' id='word_1_505' title='bbox 584 4978 875 5036; x_wconf 87' lang='lat' dir='ltr'><strong>Guillerard</strong></span> <span class='ocrx_word' id='word_1_506' title='bbox 904 4979 1162 5047; x_wconf 76' lang='lat' dir='ltr'><strong>gastaldio</strong></span> <span class='ocrx_word' id='word_1_507' title='bbox 1193 4979 1241 5030; x_wconf 91' lang='lat' dir='ltr'><strong>in</strong></span> <span class='ocrx_word' id='word_1_508' title='bbox 1271 4978 1477 5031; x_wconf 82' lang='lat' dir='ltr'><strong>catnbin</strong></span> <span class='ocrx_word' id='word_1_509' title='bbox 1507 4995 1727 5041; x_wconf 80' lang='lat' dir='ltr'><strong>eventtc,</strong></span> <span class='ocrx_word' id='word_1_510' title='bbox 1765 4983 1931 5046; x_wconf 82' lang='lat' dir='ltr'><strong>locus,</strong></span> <span class='ocrx_word' id='word_1_511' title='bbox 1964 4983 2049 5047; x_wconf 77' lang='lat' dir='ltr'><strong>qni</strong></span> 
     </span>
    </p>
   </div>
   <div class='ocr_carea' id='block_1_70' title="bbox 501 5069 2054 5136">
    <p class='ocr_par' dir='ltr' id='par_1_70' title="bbox 501 5069 2054 5136">
     <span class='ocr_line' id='line_1_70' title="bbox 501 5069 2054 5136; baseline 0.003 -15"><span class='ocrx_word' id='word_1_512' title='bbox 501 5078 720 5123; x_wconf 79' lang='lat' dir='ltr'><strong>vocatur</strong></span> <span class='ocrx_word' id='word_1_513' title='bbox 773 5069 1143 5136; x_wconf 72' lang='lat' dir='ltr'><strong>Cinquautnla.</strong></span> <span class='ocrx_word' id='word_1_514' title='bbox 1201 5069 1531 5132; x_wconf 79' lang='lat' dir='ltr'><strong>adtnediana,</strong></span> <span class='ocrx_word' id='word_1_515' title='bbox 1587 5086 1705 5123; x_wconf 89' lang='lat' dir='ltr'><strong>cum</strong></span> <span class='ocrx_word' id='word_1_516' title='bbox 1762 5074 1933 5123; x_wconf 80' lang='lat' dir='ltr'><strong>omnia</strong></span> <span class='ocrx_word' id='word_1_517' title='bbox 1991 5072 2054 5125; x_wconf 86' lang='lat' dir='ltr'><strong>de</strong></span> 
     </span>
    </p>
   </div>
   <div class='ocr_carea' id='block_1_71' title="bbox 495 5160 2049 5231">
    <p class='ocr_par' dir='ltr' id='par_1_71' title="bbox 495 5160 2049 5231">
     <span class='ocr_line' id='line_1_71' title="bbox 495 5160 2049 5231; baseline -0.001 -18"><span class='ocrx_word' id='word_1_518' title='bbox 495 5160 749 5231; x_wconf 80' lang='lat' dir='ltr'><strong>quidquid</strong></span> <span class='ocrx_word' id='word_1_519' title='bbox 792 5160 857 5211; x_wconf 91' lang='lat' dir='ltr'><strong>ad</strong></span> <span class='ocrx_word' id='word_1_520' title='bbox 906 5161 1015 5225; x_wconf 89' lang='lat' dir='ltr'><strong>ipsa</strong></span> <span class='ocrx_word' id='word_1_521' title='bbox 1057 5174 1175 5211; x_wconf 86' lang='lat' dir='ltr'><strong>casa</strong></span> <span class='ocrx_word' id='word_1_522' title='bbox 1225 5169 1462 5226; x_wconf 81' lang='lat' dir='ltr'><strong>pertenet</strong></span> <span class='ocrx_word' id='word_1_523' title='bbox 1492 5169 1661 5223; x_wconf 81' lang='lat' dir='ltr'><strong>curte,</strong></span> <span class='ocrx_word' id='word_1_524' title='bbox 1713 5171 1848 5223; x_wconf 89' lang='lat' dir='ltr'><strong>orto,</strong></span> <span class='ocrx_word' id='word_1_525' title='bbox 1881 5162 2049 5223; x_wconf 83' lang='lat' dir='ltr'><strong>vinea,</strong></span> 
     </span>
    </p>
   </div>
   <div class='ocr_carea' id='block_1_72' title="bbox 496 5247 2055 5319">
    <p class='ocr_par' dir='ltr' id='par_1_72' title="bbox 496 5247 2055 5319">
     <span class='ocr_line' id='line_1_72' title="bbox 496 5247 2055 5319; baseline -0.002 -15"><span class='ocrx_word' id='word_1_526' title='bbox 496 5261 657 5314; x_wconf 79' lang='lat' dir='ltr'><strong>terra,</strong></span> <span class='ocrx_word' id='word_1_527' title='bbox 692 5250 878 5319; x_wconf 78' lang='lat' dir='ltr'><strong>pratis,</strong></span> <span class='ocrx_word' id='word_1_528' title='bbox 907 5247 1135 5313; x_wconf 47' lang='lat' dir='ltr'><strong>pastuis,</strong></span> <span class='ocrx_word' id='word_1_529' title='bbox 1166 5264 1285 5302; x_wconf 91' lang='lat' dir='ltr'><strong>cutn</strong></span> <span class='ocrx_word' id='word_1_530' title='bbox 1309 5250 1485 5303; x_wconf 92' lang='lat' dir='ltr'><strong>omnia</strong></span> <span class='ocrx_word' id='word_1_531' title='bbox 1512 5248 1575 5301; x_wconf 92' lang='lat' dir='ltr'><strong>ad</strong></span> <span class='ocrx_word' id='word_1_532' title='bbox 1604 5248 1711 5315; x_wconf 88' lang='lat' dir='ltr'><strong>ipsa</strong></span> <span class='ocrx_word' id='word_1_533' title='bbox 1739 5265 1857 5303; x_wconf 88' lang='lat' dir='ltr'><strong>casa</strong></span> <span class='ocrx_word' id='word_1_534' title='bbox 1884 5263 2012 5317; x_wconf 73' lang='grc' dir='ltr'>νει-ιι</span> <span class='ocrx_word' id='word_1_535' title='bbox 2032 5280 2055 5291; x_wconf 76' lang='grc' dir='ltr'><strong>ο</strong></span> 
     </span>
    </p>
   </div>
   <div class='ocr_carea' id='block_1_73' title="bbox 501 5337 2056 5406">
    <p class='ocr_par' dir='ltr' id='par_1_73' title="bbox 501 5337 2056 5406">
     <span class='ocr_line' id='line_1_73' title="bbox 501 5337 2056 5406; baseline 0.005 -19"><span class='ocrx_word' id='word_1_536' title='bbox 501 5348 589 5392; x_wconf 85' lang='lat' dir='ltr'><strong>net</strong></span> <span class='ocrx_word' id='word_1_537' title='bbox 619 5339 673 5400; x_wconf 86' lang='lat' dir='ltr'><strong>in</strong></span> <span class='ocrx_word' id='word_1_538' title='bbox 704 5339 985 5406; x_wconf 81' lang='lat' dir='ltr'><strong>integrum,</strong></span> <span class='ocrx_word' id='word_1_539' title='bbox 1010 5337 1202 5390; x_wconf 85' lang='lat' dir='ltr'><strong>ibidem</strong></span> <span class='ocrx_word' id='word_1_540' title='bbox 1230 5337 1489 5403; x_wconf 88' lang='lat' dir='ltr'><strong>dedimus,</strong></span> <span class='ocrx_word' id='word_1_541' title='bbox 1519 5350 1742 5406; x_wconf 78' lang='lat' dir='ltr'><strong>excepto</strong></span> <span class='ocrx_word' id='word_1_542' title='bbox 1766 5354 1866 5391; x_wconf 87' lang='lat' dir='ltr'><strong>una</strong></span> <span class='ocrx_word' id='word_1_543' title='bbox 1893 5340 2056 5406; x_wconf 80' lang='lat' dir='ltr'><strong>petias</strong></span> 
     </span>
    </p>
   </div>
   <div class='ocr_carea' id='block_1_74' title="bbox 495 5428 2053 5497">
    <p class='ocr_par' dir='ltr' id='par_1_74' title="bbox 495 5428 2053 5497">
     <span class='ocr_line' id='line_1_74' title="bbox 495 5428 2053 5497; baseline 0.001 -16"><span class='ocrx_word' id='word_1_544' title='bbox 495 5430 561 5483; x_wconf 88' lang='lat' dir='ltr'><strong>de</strong></span> <span class='ocrx_word' id='word_1_545' title='bbox 591 5440 754 5495; x_wconf 69' lang='lat' dir='ltr'><strong>terra,</strong></span> <span class='ocrx_word' id='word_1_546' title='bbox 785 5445 886 5497; x_wconf 87' lang='lat' dir='ltr'><strong>que</strong></span> <span class='ocrx_word' id='word_1_547' title='bbox 931 5429 1040 5483; x_wconf 88' lang='lat' dir='ltr'><strong>fora</strong></span> <span class='ocrx_word' id='word_1_548' title='bbox 1084 5428 1195 5496; x_wconf 87' lang='lat' dir='ltr'><strong>ipsa</strong></span> <span class='ocrx_word' id='word_1_549' title='bbox 1218 5430 1459 5483; x_wconf 85' lang='lat' dir='ltr'><strong>clausura</strong></span> <span class='ocrx_word' id='word_1_550' title='bbox 1491 5438 1590 5492; x_wconf 89' lang='lat' dir='ltr'><strong>est,</strong></span> <span class='ocrx_word' id='word_1_551' title='bbox 1621 5429 1757 5497; x_wconf 90' lang='lat' dir='ltr'><strong>quod</strong></span> <span class='ocrx_word' id='word_1_552' title='bbox 1786 5430 1937 5482; x_wconf 89' lang='lat' dir='ltr'><strong>nobis</strong></span> <span class='ocrx_word' id='word_1_553' title='bbox 1966 5445 2053 5483; x_wconf 90' lang='lat' dir='ltr'><strong>re-</strong></span> 
     </span>
    </p>
   </div>
   <div class='ocr_carea' id='block_1_75' title="bbox 498 5518 2052 5588">
    <p class='ocr_par' dir='ltr' id='par_1_75' title="bbox 498 5518 2052 5588">
     <span class='ocr_line' id='line_1_75' title="bbox 498 5518 2052 5588; baseline -0.002 -14"><span class='ocrx_word' id='word_1_554' title='bbox 498 5536 791 5575; x_wconf 78' lang='lat' dir='ltr'><strong>servamus.</strong></span> <span class='ocrx_word' id='word_1_555' title='bbox 822 5521 944 5575; x_wconf 86' lang='lat' dir='ltr'><strong>Item</strong></span> <span class='ocrx_word' id='word_1_556' title='bbox 976 5521 1042 5577; x_wconf 87' lang='lat' dir='ltr'><strong>de</strong></span> <span class='ocrx_word' id='word_1_557' title='bbox 1069 5535 1190 5576; x_wconf 81' lang='lat' dir='ltr'><strong>case</strong></span> <span class='ocrx_word' id='word_1_558' title='bbox 1211 5520 1514 5576; x_wconf 76' lang='lat' dir='ltr'><strong>massaricie</strong></span> <span class='ocrx_word' id='word_1_559' title='bbox 1542 5518 1733 5575; x_wconf 87' lang='lat' dir='ltr'><strong>ividem</strong></span> <span class='ocrx_word' id='word_1_560' title='bbox 1758 5520 1966 5588; x_wconf 88' lang='lat' dir='ltr'><strong>damus,</strong></span> <span class='ocrx_word' id='word_1_561' title='bbox 1999 5519 2052 5572; x_wconf 89' lang='lat' dir='ltr'><strong>in</strong></span> 
     </span>
    </p>
   </div>
   <div class='ocr_carea' id='block_1_76' title="bbox 2144 1914 3657 1983">
    <p class='ocr_par' dir='ltr' id='par_1_76' title="bbox 2144 1914 3657 1983">
     <span class='ocr_line' id='line_1_76' title="bbox 2144 1914 3657 1983; baseline 0.003 -16"><span class='ocrx_word' id='word_1_562' title='bbox 2144 1915 2252 1983; x_wconf 87' lang='lat' dir='ltr'><strong>ipsa</strong></span> <span class='ocrx_word' id='word_1_563' title='bbox 2279 1914 2502 1970; x_wconf 88' lang='lat' dir='ltr'><strong>ecclesia</strong></span> <span class='ocrx_word' id='word_1_564' title='bbox 2550 1930 2642 1983; x_wconf 91' lang='lat' dir='ltr'><strong>per</strong></span> <span class='ocrx_word' id='word_1_565' title='bbox 2690 1931 2785 1971; x_wconf 90' lang='lat' dir='ltr'><strong>nos</strong></span> <span class='ocrx_word' id='word_1_566' title='bbox 2833 1917 3031 1982; x_wconf 88' lang='lat' dir='ltr'><strong>datum,</strong></span> <span class='ocrx_word' id='word_1_567' title='bbox 3081 1929 3132 1972; x_wconf 90' lang='lat' dir='ltr'><strong>et</strong></span> <span class='ocrx_word' id='word_1_568' title='bbox 3178 1918 3530 1972; x_wconf 82' lang='lat' dir='ltr'><strong>conﬁrmatum</strong></span> <span class='ocrx_word' id='word_1_569' title='bbox 3555 1932 3657 1981; x_wconf 77' lang='lat' dir='ltr'><strong>est;</strong></span> 
     </span>
    </p>
   </div>
   <div class='ocr_carea' id='block_1_77' title="bbox 2142 2006 3661 2077">
    <p class='ocr_par' dir='ltr' id='par_1_77' title="bbox 2142 2006 3661 2077">
     <span class='ocr_line' id='line_1_77' title="bbox 2142 2006 3661 2077; baseline 0.004 -21"><span class='ocrx_word' id='word_1_570' title='bbox 2142 2006 2255 2074; x_wconf 87' lang='lat' dir='ltr'><strong>ipsa</strong></span> <span class='ocrx_word' id='word_1_571' title='bbox 2280 2006 2457 2058; x_wconf 88' lang='lat' dir='ltr'><strong>omnia</strong></span> <span class='ocrx_word' id='word_1_572' title='bbox 2484 2006 2742 2071; x_wconf 87' lang='lat' dir='ltr'><strong>volemus,</strong></span> <span class='ocrx_word' id='word_1_573' title='bbox 2767 2017 2823 2060; x_wconf 91' lang='lat' dir='ltr'><strong>ut</strong></span> <span class='ocrx_word' id='word_1_574' title='bbox 2852 2021 3009 2062; x_wconf 88' lang='lat' dir='ltr'><strong>aveas</strong></span> <span class='ocrx_word' id='word_1_575' title='bbox 3041 2010 3154 2077; x_wconf 88' lang='lat' dir='ltr'><strong>ipse</strong></span> <span class='ocrx_word' id='word_1_576' title='bbox 3176 2019 3357 2063; x_wconf 86' lang='lat' dir='ltr'><strong>sancta</strong></span> <span class='ocrx_word' id='word_1_577' title='bbox 3389 2010 3472 2062; x_wconf 87' lang='lat' dir='ltr'><strong>Dei</strong></span> <span class='ocrx_word' id='word_1_578' title='bbox 3498 2012 3661 2062; x_wconf 82' lang='lat' dir='ltr'><strong>virtute</strong></span> 
     </span>
    </p>
   </div>
   <div class='ocr_carea' id='block_1_78' title="bbox 2142 2096 3659 2167">
    <p class='ocr_par' dir='ltr' id='par_1_78' title="bbox 2142 2096 3659 2167">
     <span class='ocr_line' id='line_1_78' title="bbox 2142 2096 3659 2167; baseline 0.001 -19"><span class='ocrx_word' id='word_1_579' title='bbox 2142 2096 2377 2149; x_wconf 86' lang='lat' dir='ltr'><strong>oratorio</strong></span> <span class='ocrx_word' id='word_1_580' title='bbox 2408 2105 2611 2161; x_wconf 91' lang='lat' dir='ltr'><strong>nostro,</strong></span> <span class='ocrx_word' id='word_1_581' title='bbox 2646 2108 2700 2151; x_wconf 91' lang='lat' dir='ltr'><strong>ut</strong></span> <span class='ocrx_word' id='word_1_582' title='bbox 2726 2113 2829 2152; x_wconf 92' lang='lat' dir='ltr'><strong>non</strong></span> <span class='ocrx_word' id='word_1_583' title='bbox 2861 2114 2957 2152; x_wconf 91' lang='lat' dir='ltr'><strong>nos</strong></span> <span class='ocrx_word' id='word_1_584' title='bbox 2997 2101 3339 2167; x_wconf 78' lang='lat' dir='ltr'><strong>suprascripti</strong></span> <span class='ocrx_word' id='word_1_585' title='bbox 3385 2100 3659 2165; x_wconf 84' lang='lat' dir='ltr'><strong>Guiniiredi,</strong></span> 
     </span>
    </p>
   </div>
   <div class='ocr_carea' id='block_1_79' title="bbox 2142 2184 3661 2258">
    <p class='ocr_par' dir='ltr' id='par_1_79' title="bbox 2142 2184 3661 2258">
     <span class='ocr_line' id='line_1_79' title="bbox 2142 2184 3661 2258; baseline 0.002 -19"><span class='ocrx_word' id='word_1_586' title='bbox 2142 2184 2311 2250; x_wconf 77' lang='lat' dir='ltr'><strong>Saau,</strong></span> <span class='ocrx_word' id='word_1_587' title='bbox 2355 2184 2642 2251; x_wconf 79' lang='lat' dir='ltr'><strong>Guillerad,</strong></span> <span class='ocrx_word' id='word_1_588' title='bbox 2692 2189 2891 2254; x_wconf 79' lang='lat' dir='ltr'><strong>Agrafi,</strong></span> <span class='ocrx_word' id='word_1_589' title='bbox 2937 2204 3040 2243; x_wconf 92' lang='lat' dir='ltr'><strong>non</strong></span> <span class='ocrx_word' id='word_1_590' title='bbox 3073 2191 3262 2258; x_wconf 89' lang='lat' dir='ltr'><strong>aliquis</strong></span> <span class='ocrx_word' id='word_1_591' title='bbox 3292 2191 3360 2245; x_wconf 87' lang='lat' dir='ltr'><strong>de</strong></span> <span class='ocrx_word' id='word_1_592' title='bbox 3392 2190 3661 2253; x_wconf 86' lang='lat' dir='ltr'><strong>heredibus,</strong></span> 
     </span>
    </p>
   </div>
   <div class='ocr_carea' id='block_1_80' title="bbox 2148 2280 3663 2355">
    <p class='ocr_par' dir='ltr' id='par_1_80' title="bbox 2148 2280 3663 2355">
     <span class='ocr_line' id='line_1_80' title="bbox 2148 2280 3663 2355; baseline 0.005 -26"><span class='ocrx_word' id='word_1_593' title='bbox 2148 2288 2305 2345; x_wconf 89' lang='lat' dir='ltr'><strong>atque</strong></span> <span class='ocrx_word' id='word_1_594' title='bbox 2335 2280 2559 2345; x_wconf 80' lang='lat' dir='ltr'><strong>posteris</strong></span> <span class='ocrx_word' id='word_1_595' title='bbox 2589 2282 2782 2334; x_wconf 86' lang='lat' dir='ltr'><strong>nostris</strong></span> <span class='ocrx_word' id='word_1_596' title='bbox 2808 2282 3103 2355; x_wconf 69' lang='lat' dir='ltr'><strong>nullatenus</strong></span> <span class='ocrx_word' id='word_1_597' title='bbox 3145 2284 3431 2338; x_wconf 85' lang='lat' dir='ltr'><strong>habeamus</strong></span> <span class='ocrx_word' id='word_1_598' title='bbox 3457 2284 3663 2338; x_wconf 82' lang='lat' dir='ltr'><strong>facundia</strong></span> 
     </span>
    </p>
   </div>
   <div class='ocr_carea' id='block_1_81' title="bbox 2144 2364 3667 2441">
    <p class='ocr_par' dir='ltr' id='par_1_81' title="bbox 2144 2364 3667 2441">
     <span class='ocr_line' id='line_1_81' title="bbox 2144 2364 3667 2441; baseline 0.007 -25"><span class='ocrx_word' id='word_1_599' title='bbox 2144 2364 2319 2431; x_wconf 91' lang='lat' dir='ltr'><strong>alique</strong></span> <span class='ocrx_word' id='word_1_600' title='bbox 2348 2366 2414 2419; x_wconf 91' lang='lat' dir='ltr'><strong>de</strong></span> <span class='ocrx_word' id='word_1_601' title='bbox 2443 2367 2516 2419; x_wconf 92' lang='lat' dir='ltr'><strong>ris</strong></span> <span class='ocrx_word' id='word_1_602' title='bbox 2559 2368 2669 2435; x_wconf 90' lang='lat' dir='ltr'><strong>ipsa</strong></span> <span class='ocrx_word' id='word_1_603' title='bbox 2719 2370 3118 2437; x_wconf 88' lang='lat' dir='ltr'><strong>suptraendum,</strong></span> <span class='ocrx_word' id='word_1_604' title='bbox 3171 2387 3341 2441; x_wconf 90' lang='lat' dir='ltr'><strong>neque</strong></span> <span class='ocrx_word' id='word_1_605' title='bbox 3381 2373 3441 2426; x_wconf 88' lang='lat' dir='ltr'><strong>da</strong></span> <span class='ocrx_word' id='word_1_606' title='bbox 3472 2388 3569 2441; x_wconf 81' lang='lat' dir='ltr'><strong>ipsa</strong></span> <span class='ocrx_word' id='word_1_607' title='bbox 3592 2387 3667 2427; x_wconf 81' lang='lat' dir='ltr'><strong>ec-</strong></span> 
     </span>
    </p>
   </div>
   <div class='ocr_carea' id='block_1_82' title="bbox 2142 2452 3661 2527">
    <p class='ocr_par' dir='ltr' id='par_1_82' title="bbox 2142 2452 3661 2527">
     <span class='ocr_line' id='line_1_82' title="bbox 2142 2452 3661 2527; baseline 0.006 -22"><span class='ocrx_word' id='word_1_608' title='bbox 2142 2452 2320 2515; x_wconf 86' lang='lat' dir='ltr'><strong>clesia,</strong></span> <span class='ocrx_word' id='word_1_609' title='bbox 2352 2470 2519 2525; x_wconf 89' lang='lat' dir='ltr'><strong>neque</strong></span> <span class='ocrx_word' id='word_1_610' title='bbox 2544 2458 2609 2511; x_wconf 90' lang='lat' dir='ltr'><strong>da</strong></span> <span class='ocrx_word' id='word_1_611' title='bbox 2641 2457 2839 2513; x_wconf 85' lang='lat' dir='ltr'><strong>homini</strong></span> <span class='ocrx_word' id='word_1_612' title='bbox 2878 2460 2973 2524; x_wconf 91' lang='lat' dir='ltr'><strong>illi,</strong></span> <span class='ocrx_word' id='word_1_613' title='bbox 3005 2475 3101 2513; x_wconf 90' lang='lat' dir='ltr'><strong>nec</strong></span> <span class='ocrx_word' id='word_1_614' title='bbox 3127 2462 3178 2515; x_wconf 90' lang='lat' dir='ltr'><strong>in</strong></span> <span class='ocrx_word' id='word_1_615' title='bbox 3227 2464 3553 2527; x_wconf 83' lang='lat' dir='ltr'><strong>monasterio,</strong></span> <span class='ocrx_word' id='word_1_616' title='bbox 3589 2463 3661 2515; x_wconf 86' lang='lat' dir='ltr'><strong>ubi</strong></span> 
     </span>
    </p>
   </div>
   <div class='ocr_carea' id='block_1_83' title="bbox 2128 2547 3659 2610">
    <p class='ocr_par' dir='ltr' id='par_1_83' title="bbox 2128 2547 3659 2610">
     <span class='ocr_line' id='line_1_83' title="bbox 2128 2547 3659 2610; baseline 0.003 -13"><span class='ocrx_word' id='word_1_617' title='bbox 2128 2556 2238 2608; x_wconf 76' lang='lat' dir='ltr'><strong>per</strong></span> <span class='ocrx_word' id='word_1_618' title='bbox 2283 2559 2380 2601; x_wconf 89' lang='lat' dir='ltr'><strong>nos</strong></span> <span class='ocrx_word' id='word_1_619' title='bbox 2427 2547 2777 2601; x_wconf 87' lang='lat' dir='ltr'><strong>contraditum</strong></span> <span class='ocrx_word' id='word_1_620' title='bbox 2806 2588 2821 2610; x_wconf 93' lang='lat'><strong>,</strong></span> <span class='ocrx_word' id='word_1_621' title='bbox 2873 2550 2953 2601; x_wconf 89' lang='lat' dir='ltr'><strong>vel</strong></span> <span class='ocrx_word' id='word_1_622' title='bbox 3005 2550 3318 2603; x_wconf 82' lang='lat' dir='ltr'><strong>cuniinnalu</strong></span> <span class='ocrx_word' id='word_1_623' title='bbox 3375 2552 3536 2604; x_wconf 77' lang='lat' dir='ltr'><strong>nterii.</strong></span> <span class='ocrx_word' id='word_1_624' title='bbox 3584 2552 3659 2602; x_wconf 85' lang='lat' dir='ltr'><strong>Sic</strong></span> 
     </span>
    </p>
   </div>
   <div class='ocr_carea' id='block_1_84' title="bbox 2148 2635 3669 2706">
    <p class='ocr_par' dir='ltr' id='par_1_84' title="bbox 2148 2635 3669 2706">
     <span class='ocr_line' id='line_1_84' title="bbox 2148 2635 3669 2706; baseline 0.005 -22"><span class='ocrx_word' id='word_1_625' title='bbox 2148 2642 2321 2687; x_wconf 86' lang='lat' dir='ltr'><strong>tamen</strong></span> <span class='ocrx_word' id='word_1_626' title='bbox 2368 2635 2615 2699; x_wconf 89' lang='lat' dir='ltr'><strong>dicimus,</strong></span> <span class='ocrx_word' id='word_1_627' title='bbox 2662 2646 2817 2704; x_wconf 87' lang='lat' dir='ltr'><strong>atque</strong></span> <span class='ocrx_word' id='word_1_628' title='bbox 2857 2638 3209 2706; x_wconf 78' lang='lat' dir='ltr'><strong>decernimus,</strong></span> <span class='ocrx_word' id='word_1_629' title='bbox 3258 2642 3380 2694; x_wconf 91' lang='lat' dir='ltr'><strong>dum</strong></span> <span class='ocrx_word' id='word_1_630' title='bbox 3431 2641 3669 2694; x_wconf 82' lang='lat' dir='ltr'><strong>fueritdie</strong></span> 
     </span>
    </p>
   </div>
   <div class='ocr_carea' id='block_1_85' title="bbox 2146 2723 3670 2793">
    <p class='ocr_par' dir='ltr' id='par_1_85' title="bbox 2146 2723 3670 2793">
     <span class='ocr_line' id='line_1_85' title="bbox 2146 2723 3670 2793; baseline 0.003 -19"><span class='ocrx_word' id='word_1_631' title='bbox 2146 2723 2254 2776; x_wconf 89' lang='lat' dir='ltr'><strong>vite</strong></span> <span class='ocrx_word' id='word_1_632' title='bbox 2284 2731 2465 2777; x_wconf 89' lang='lat' dir='ltr'><strong>nostre</strong></span> <span class='ocrx_word' id='word_1_633' title='bbox 2492 2732 2722 2778; x_wconf 82' lang='lat' dir='ltr'><strong>tutorum</strong></span> <span class='ocrx_word' id='word_1_634' title='bbox 2748 2726 2981 2780; x_wconf 90' lang='lat' dir='ltr'><strong>omnium</strong></span> <span class='ocrx_word' id='word_1_635' title='bbox 3024 2730 3096 2782; x_wconf 88' lang='lat' dir='ltr'><strong>ris</strong></span> <span class='ocrx_word' id='word_1_636' title='bbox 3122 2739 3321 2793; x_wconf 87' lang='lat' dir='ltr'><strong>nostra,</strong></span> <span class='ocrx_word' id='word_1_637' title='bbox 3348 2730 3467 2783; x_wconf 87' lang='lat' dir='ltr'><strong>dum</strong></span> <span class='ocrx_word' id='word_1_638' title='bbox 3498 2744 3591 2781; x_wconf 90' lang='lat' dir='ltr'><strong>uno</strong></span> <span class='ocrx_word' id='word_1_639' title='bbox 3614 2730 3670 2780; x_wconf 88' lang='lat' dir='ltr'><strong>de</strong></span> 
     </span>
    </p>
   </div>
   <div class='ocr_carea' id='block_1_86' title="bbox 2149 2811 3670 2888">
    <p class='ocr_par' dir='ltr' id='par_1_86' title="bbox 2149 2811 3670 2888">
     <span class='ocr_line' id='line_1_86' title="bbox 2149 2811 3670 2888; baseline 0.004 -26"><span class='ocrx_word' id='word_1_640' title='bbox 2149 2811 2303 2865; x_wconf 87' lang='lat' dir='ltr'><strong>nobis</strong></span> <span class='ocrx_word' id='word_1_641' title='bbox 2330 2827 2490 2880; x_wconf 90' lang='lat' dir='ltr'><strong>super</strong></span> <span class='ocrx_word' id='word_1_642' title='bbox 2534 2815 2779 2879; x_wconf 84' lang='lat' dir='ltr'><strong>vixerint,</strong></span> <span class='ocrx_word' id='word_1_643' title='bbox 2828 2819 3001 2869; x_wconf 90' lang='lat' dir='ltr'><strong>omnia</strong></span> <span class='ocrx_word' id='word_1_644' title='bbox 3034 2818 3084 2871; x_wconf 93' lang='lat' dir='ltr'><strong>in</strong></span> <span class='ocrx_word' id='word_1_645' title='bbox 3133 2819 3391 2888; x_wconf 81' lang='lat' dir='ltr'><strong>integrum</strong></span> <span class='ocrx_word' id='word_1_646' title='bbox 3435 2828 3603 2872; x_wconf 84' lang='lat' dir='ltr'><strong>aveaat</strong></span> <span class='ocrx_word' id='word_1_647' title='bbox 3629 2818 3670 2869; x_wconf 91' lang='lat' dir='ltr'><strong>in</strong></span> 
     </span>
    </p>
   </div>
   <div class='ocr_carea' id='block_1_87' title="bbox 2151 2907 3672 2973">
    <p class='ocr_par' dir='ltr' id='par_1_87' title="bbox 2151 2907 3672 2973">
     <span class='ocr_line' id='line_1_87' title="bbox 2151 2907 3672 2973; baseline 0.004 -18"><span class='ocrx_word' id='word_1_648' title='bbox 2151 2916 2243 2955; x_wconf 85' lang='lat' dir='ltr'><strong>sua</strong></span> <span class='ocrx_word' id='word_1_649' title='bbox 2277 2913 2617 2970; x_wconf 84' lang='lat' dir='ltr'><strong>petestatem,</strong></span> <span class='ocrx_word' id='word_1_650' title='bbox 2644 2908 2760 2973; x_wconf 86' lang='lat' dir='ltr'><strong>quis</strong></span> <span class='ocrx_word' id='word_1_651' title='bbox 2805 2907 2872 2961; x_wconf 92' lang='lat' dir='ltr'><strong>de</strong></span> <span class='ocrx_word' id='word_1_652' title='bbox 2914 2909 3070 2962; x_wconf 85' lang='lat' dir='ltr'><strong>nobis</strong></span> <span class='ocrx_word' id='word_1_653' title='bbox 3111 2920 3265 2963; x_wconf 87' lang='lat' dir='ltr'><strong>antea</strong></span> <span class='ocrx_word' id='word_1_654' title='bbox 3310 2926 3409 2963; x_wconf 89' lang='lat' dir='ltr'><strong>uno</strong></span> <span class='ocrx_word' id='word_1_655' title='bbox 3434 2911 3497 2963; x_wconf 87' lang='lat' dir='ltr'><strong>de</strong></span> <span class='ocrx_word' id='word_1_656' title='bbox 3530 2913 3672 2962; x_wconf 83' lang='lat' dir='ltr'><strong>altero</strong></span> 
     </span>
    </p>
   </div>
   <div class='ocr_carea' id='block_1_88' title="bbox 2148 2990 3674 3067">
    <p class='ocr_par' dir='ltr' id='par_1_88' title="bbox 2148 2990 3674 3067">
     <span class='ocr_line' id='line_1_88' title="bbox 2148 2990 3674 3067; baseline 0.005 -24"><span class='ocrx_word' id='word_1_657' title='bbox 2148 2990 2395 3046; x_wconf 90' lang='lat' dir='ltr'><strong>defunctu</strong></span> <span class='ocrx_word' id='word_1_658' title='bbox 2423 2993 2597 3056; x_wconf 84' lang='lat' dir='ltr'><strong>fuerit,</strong></span> <span class='ocrx_word' id='word_1_659' title='bbox 2632 3004 2755 3048; x_wconf 92' lang='lat' dir='ltr'><strong>tunc</strong></span> <span class='ocrx_word' id='word_1_660' title='bbox 2777 2996 2887 3058; x_wconf 91' lang='lat' dir='ltr'><strong>ille,</strong></span> <span class='ocrx_word' id='word_1_661' title='bbox 2914 2998 3001 3063; x_wconf 92' lang='lat' dir='ltr'><strong>qui</strong></span> <span class='ocrx_word' id='word_1_662' title='bbox 3028 3012 3352 3065; x_wconf 84' lang='lat' dir='ltr'><strong>remansere,</strong></span> <span class='ocrx_word' id='word_1_663' title='bbox 3374 3001 3437 3053; x_wconf 90' lang='lat' dir='ltr'><strong>de</strong></span> <span class='ocrx_word' id='word_1_664' title='bbox 3461 3000 3674 3067; x_wconf 85' lang='lat' dir='ltr'><strong>portione</strong></span> 
     </span>
    </p>
   </div>
   <div class='ocr_carea' id='block_1_89' title="bbox 2151 3080 3672 3149">
    <p class='ocr_par' dir='ltr' id='par_1_89' title="bbox 2151 3080 3672 3149">
     <span class='ocr_line' id='line_1_89' title="bbox 2151 3080 3672 3149; baseline 0.003 -16"><span class='ocrx_word' id='word_1_665' title='bbox 2151 3080 2412 3134; x_wconf 89' lang='lat' dir='ltr'><strong>defunctis</strong></span> <span class='ocrx_word' id='word_1_666' title='bbox 2472 3082 2664 3135; x_wconf 75' lang='lat' dir='ltr'><strong>faciant</strong></span> <span class='ocrx_word' id='word_1_667' title='bbox 2726 3084 2975 3137; x_wconf 88' lang='lat' dir='ltr'><strong>lemosina</strong></span> <span class='ocrx_word' id='word_1_668' title='bbox 3006 3126 3021 3149; x_wconf 93' lang='lat'><strong>,</strong></span> <span class='ocrx_word' id='word_1_669' title='bbox 3090 3087 3227 3140; x_wconf 89' lang='lat' dir='ltr'><strong>unde</strong></span> <span class='ocrx_word' id='word_1_670' title='bbox 3277 3088 3425 3142; x_wconf 89' lang='lat' dir='ltr'><strong>nobis</strong></span> <span class='ocrx_word' id='word_1_671' title='bbox 3478 3098 3672 3141; x_wconf 72' lang='lat' dir='ltr'><strong>totarum</strong></span> 
     </span>
    </p>
   </div>
   <div class='ocr_carea' id='block_1_90' title="bbox 2153 3168 3675 3239">
    <p class='ocr_par' dir='ltr' id='par_1_90' title="bbox 2153 3168 3675 3239">
     <span class='ocr_line' id='line_1_90' title="bbox 2153 3168 3675 3239; baseline 0.005 -17"><span class='ocrx_word' id='word_1_672' title='bbox 2153 3168 2343 3223; x_wconf 87' lang='lat' dir='ltr'><strong>iustum</strong></span> <span class='ocrx_word' id='word_1_673' title='bbox 2373 3171 2684 3239; x_wconf 87' lang='lat' dir='ltr'><strong>comparuit,</strong></span> <span class='ocrx_word' id='word_1_674' title='bbox 2717 3183 2772 3225; x_wconf 92' lang='grc' dir='ltr'><strong>ιιι</strong></span> <span class='ocrx_word' id='word_1_675' title='bbox 2797 3174 2918 3226; x_wconf 92' lang='lat' dir='ltr'><strong>dum</strong></span> <span class='ocrx_word' id='word_1_676' title='bbox 2970 3174 3124 3228; x_wconf 89' lang='lat' dir='ltr'><strong>fuerit</strong></span> <span class='ocrx_word' id='word_1_677' title='bbox 3150 3176 3234 3229; x_wconf 90' lang='lat' dir='ltr'><strong>die</strong></span> <span class='ocrx_word' id='word_1_678' title='bbox 3259 3180 3365 3230; x_wconf 83' lang='lat' dir='ltr'><strong>vite</strong></span> <span class='ocrx_word' id='word_1_679' title='bbox 3390 3188 3554 3230; x_wconf 88' lang='lat' dir='ltr'><strong>nostre</strong></span> <span class='ocrx_word' id='word_1_680' title='bbox 3575 3190 3675 3229; x_wconf 50' lang='lat' dir='ltr'><strong>uso.</strong></span> 
     </span>
    </p>
   </div>
   <div class='ocr_carea' id='block_1_91' title="bbox 2154 3258 3676 3329">
    <p class='ocr_par' dir='ltr' id='par_1_91' title="bbox 2154 3258 3676 3329">
     <span class='ocr_line' id='line_1_91' title="bbox 2154 3258 3676 3329; baseline 0.005 -20"><span class='ocrx_word' id='word_1_681' title='bbox 2154 3258 2346 3321; x_wconf 90' lang='lat' dir='ltr'><strong>fructo,</strong></span> <span class='ocrx_word' id='word_1_682' title='bbox 2379 3258 2429 3312; x_wconf 92' lang='lat' dir='ltr'><strong>in</strong></span> <span class='ocrx_word' id='word_1_683' title='bbox 2462 3270 2639 3311; x_wconf 87' lang='lat' dir='ltr'><strong>nostra</strong></span> <span class='ocrx_word' id='word_1_684' title='bbox 2669 3262 2918 3315; x_wconf 82' lang='lat' dir='ltr'><strong>abeamus</strong></span> <span class='ocrx_word' id='word_1_685' title='bbox 2967 3273 3281 3329; x_wconf 88' lang='lat' dir='ltr'><strong>potestatem</strong></span> <span class='ocrx_word' id='word_1_686' title='bbox 3314 3265 3504 3317; x_wconf 87' lang='lat' dir='ltr'><strong>homini</strong></span> <span class='ocrx_word' id='word_1_687' title='bbox 3534 3266 3676 3318; x_wconf 87' lang='lat' dir='ltr'><strong>liber-</strong></span> 
     </span>
    </p>
   </div>
   <div class='ocr_carea' id='block_1_92' title="bbox 2156 3350 3673 3419">
    <p class='ocr_par' dir='ltr' id='par_1_92' title="bbox 2156 3350 3673 3419">
     <span class='ocr_line' id='line_1_92' title="bbox 2156 3350 3673 3419; baseline 0.003 -21"><span class='ocrx_word' id='word_1_688' title='bbox 2156 3350 2395 3411; x_wconf 85' lang='lat' dir='ltr'><strong>tandum,</strong></span> <span class='ocrx_word' id='word_1_689' title='bbox 2429 3357 2481 3400; x_wconf 90' lang='lat' dir='ltr'><strong>et</strong></span> <span class='ocrx_word' id='word_1_690' title='bbox 2531 3363 2716 3403; x_wconf 71' lang='lat' dir='ltr'><strong>«mittes</strong></span> <span class='ocrx_word' id='word_1_691' title='bbox 2763 3352 3020 3405; x_wconf 79' lang='lat' dir='ltr'><strong>trinsecus</strong></span> <span class='ocrx_word' id='word_1_692' title='bbox 3049 3367 3191 3419; x_wconf 86' lang='lat' dir='ltr'><strong>case,</strong></span> <span class='ocrx_word' id='word_1_693' title='bbox 3234 3365 3519 3413; x_wconf 63' lang='lat' dir='ltr'><strong>eramt-ntu.</strong></span> <span class='ocrx_word' id='word_1_694' title='bbox 3548 3354 3673 3406; x_wconf 70' lang='lat' dir='ltr'><strong>{irra-</strong></span> 
     </span>
    </p>
   </div>
   <div class='ocr_carea' id='block_1_93' title="bbox 2157 3439 3674 3511">
    <p class='ocr_par' dir='ltr' id='par_1_93' title="bbox 2157 3439 3674 3511">
     <span class='ocr_line' id='line_1_93' title="bbox 2157 3439 3674 3511; baseline 0.004 -22"><span class='ocrx_word' id='word_1_695' title='bbox 2157 3446 2360 3501; x_wconf 85' lang='lat' dir='ltr'><strong>mentu,</strong></span> <span class='ocrx_word' id='word_1_696' title='bbox 2402 3439 2723 3495; x_wconf 79' lang='lat' dir='ltr'><strong>nutrimenta</strong></span> <span class='ocrx_word' id='word_1_697' title='bbox 2768 3441 2918 3495; x_wconf 89' lang='lat' dir='ltr'><strong>nobis</strong></span> <span class='ocrx_word' id='word_1_698' title='bbox 2966 3444 3348 3496; x_wconf 83' lang='lat' dir='ltr'><strong>reservavimus</strong></span> <span class='ocrx_word' id='word_1_699' title='bbox 3393 3444 3535 3511; x_wconf 90' lang='lat' dir='ltr'><strong>eipso</strong></span> <span class='ocrx_word' id='word_1_700' title='bbox 3559 3444 3674 3509; x_wconf 85' lang='lat' dir='ltr'><strong>quod</strong></span> 
     </span>
    </p>
   </div>
   <div class='ocr_carea' id='block_1_94' title="bbox 2154 3529 3677 3599">
    <p class='ocr_par' dir='ltr' id='par_1_94' title="bbox 2154 3529 3677 3599">
     <span class='ocr_line' id='line_1_94' title="bbox 2154 3529 3677 3599; baseline 0.001 -20"><span class='ocrx_word' id='word_1_701' title='bbox 2154 3539 2313 3593; x_wconf 87' lang='lat' dir='ltr'><strong>super</strong></span> <span class='ocrx_word' id='word_1_702' title='bbox 2364 3529 2754 3593; x_wconf 77' lang='lat' dir='ltr'><strong>exceptavimus</strong></span> <span class='ocrx_word' id='word_1_703' title='bbox 2800 3529 3092 3583; x_wconf 84' lang='lat' dir='ltr'><strong>faciendum</strong></span> <span class='ocrx_word' id='word_1_704' title='bbox 3142 3532 3365 3599; x_wconf 79' lang='lat' dir='ltr'><strong>quodvis</strong></span> <span class='ocrx_word' id='word_1_705' title='bbox 3409 3533 3677 3594; x_wconf 86' lang='lat' dir='ltr'><strong>bonum,et</strong></span> 
     </span>
    </p>
   </div>
   <div class='ocr_carea' id='block_1_95' title="bbox 2157 3615 3674 3688">
    <p class='ocr_par' dir='ltr' id='par_1_95' title="bbox 2157 3615 3674 3688">
     <span class='ocr_line' id='line_1_95' title="bbox 2157 3615 3674 3688; baseline 0.005 -23"><span class='ocrx_word' id='word_1_706' title='bbox 2157 3615 2255 3669; x_wconf 91' lang='lat' dir='ltr'><strong>hoc</strong></span> <span class='ocrx_word' id='word_1_707' title='bbox 2284 3616 2420 3684; x_wconf 92' lang='lat' dir='ltr'><strong>quod</strong></span> <span class='ocrx_word' id='word_1_708' title='bbox 2468 3626 2620 3670; x_wconf 89' lang='lat' dir='ltr'><strong>antea</strong></span> <span class='ocrx_word' id='word_1_709' title='bbox 2649 3618 2826 3671; x_wconf 88' lang='lat' dir='ltr'><strong>dicere</strong></span> <span class='ocrx_word' id='word_1_710' title='bbox 2871 3618 3181 3684; x_wconf 88' lang='lat' dir='ltr'><strong>debuemus,</strong></span> <span class='ocrx_word' id='word_1_711' title='bbox 3228 3621 3294 3673; x_wconf 91' lang='lat' dir='ltr'><strong>de</strong></span> <span class='ocrx_word' id='word_1_712' title='bbox 3325 3622 3554 3688; x_wconf 88' lang='lat' dir='ltr'><strong>portione</strong></span> <span class='ocrx_word' id='word_1_713' title='bbox 3580 3621 3674 3673; x_wconf 85' lang='lat' dir='ltr'><strong>bel-</strong></span> 
     </span>
    </p>
   </div>
   <div class='ocr_carea' id='block_1_96' title="bbox 2155 3706 3677 3779">
    <p class='ocr_par' dir='ltr' id='par_1_96' title="bbox 2155 3706 3677 3779">
     <span class='ocr_line' id='line_1_96' title="bbox 2155 3706 3677 3779; baseline 0.003 -23"><span class='ocrx_word' id='word_1_714' title='bbox 2155 3706 2316 3773; x_wconf 87' lang='lat' dir='ltr'><strong>lisarj,</strong></span> <span class='ocrx_word' id='word_1_715' title='bbox 2352 3708 2401 3759; x_wconf 92' lang='lat' dir='ltr'><strong>in</strong></span> <span class='ocrx_word' id='word_1_716' title='bbox 2438 3709 2548 3775; x_wconf 83' lang='lat' dir='ltr'><strong>ipsa</strong></span> <span class='ocrx_word' id='word_1_717' title='bbox 2586 3708 2877 3776; x_wconf 71' lang='lat' dir='ltr'><strong>subiaceat,</strong></span> <span class='ocrx_word' id='word_1_718' title='bbox 2907 3710 3041 3763; x_wconf 90' lang='lat' dir='ltr'><strong>sicut</strong></span> <span class='ocrx_word' id='word_1_719' title='bbox 3085 3718 3139 3764; x_wconf 89' lang='lat' dir='ltr'><strong>et</strong></span> <span class='ocrx_word' id='word_1_720' title='bbox 3174 3710 3261 3762; x_wconf 84' lang='lat' dir='ltr'><strong>illa</strong></span> <span class='ocrx_word' id='word_1_721' title='bbox 3310 3720 3481 3764; x_wconf 87' lang='lat' dir='ltr'><strong>nostra</strong></span> <span class='ocrx_word' id='word_1_722' title='bbox 3508 3711 3677 3779; x_wconf 86' lang='lat' dir='ltr'><strong>portio-</strong></span> 
     </span>
    </p>
   </div>
   <div class='ocr_carea' id='block_1_97' title="bbox 2155 3796 3677 3869">
    <p class='ocr_par' dir='ltr' id='par_1_97' title="bbox 2155 3796 3677 3869">
     <span class='ocr_line' id='line_1_97' title="bbox 2155 3796 3677 3869; baseline 0.002 -22"><span class='ocrx_word' id='word_1_723' title='bbox 2155 3809 2275 3848; x_wconf 88' lang='lat' dir='ltr'><strong>nem</strong></span> <span class='ocrx_word' id='word_1_724' title='bbox 2306 3796 2465 3859; x_wconf 86' lang='lat' dir='ltr'><strong>unde,</strong></span> <span class='ocrx_word' id='word_1_725' title='bbox 2501 3799 2639 3851; x_wconf 90' lang='lat' dir='ltr'><strong>inter</strong></span> <span class='ocrx_word' id='word_1_726' title='bbox 2669 3814 2765 3852; x_wconf 86' lang='lat' dir='ltr'><strong>nos</strong></span> <span class='ocrx_word' id='word_1_727' title='bbox 2800 3800 3084 3869; x_wconf 84' lang='lat' dir='ltr'><strong>conviune,</strong></span> <span class='ocrx_word' id='word_1_728' title='bbox 3114 3799 3234 3868; x_wconf 88' lang='lat' dir='ltr'><strong>quia</strong></span> <span class='ocrx_word' id='word_1_729' title='bbox 3283 3801 3494 3855; x_wconf 86' lang='lat' dir='ltr'><strong>minime</strong></span> <span class='ocrx_word' id='word_1_730' title='bbox 3515 3802 3677 3853; x_wconf 85' lang='lat' dir='ltr'><strong>abente</strong></span> 
     </span>
    </p>
   </div>
   <div class='ocr_carea' id='block_1_98' title="bbox 2154 3887 3674 3958">
    <p class='ocr_par' dir='ltr' id='par_1_98' title="bbox 2154 3887 3674 3958">
     <span class='ocr_line' id='line_1_98' title="bbox 2154 3887 3674 3958; baseline 0.004 -20"><span class='ocrx_word' id='word_1_731' title='bbox 2154 3887 2266 3949; x_wconf 87' lang='lat' dir='ltr'><strong>lilii,</strong></span> <span class='ocrx_word' id='word_1_732' title='bbox 2302 3890 2381 3942; x_wconf 85' lang='lat' dir='ltr'><strong>vel</strong></span> <span class='ocrx_word' id='word_1_733' title='bbox 2417 3890 2545 3953; x_wconf 89' lang='lat' dir='ltr'><strong>lilie,</strong></span> <span class='ocrx_word' id='word_1_734' title='bbox 2582 3902 2673 3943; x_wconf 86' lang='lat' dir='ltr'><strong>aut</strong></span> <span class='ocrx_word' id='word_1_735' title='bbox 2721 3901 2958 3958; x_wconf 88' lang='lat' dir='ltr'><strong>parente,</strong></span> <span class='ocrx_word' id='word_1_736' title='bbox 3010 3892 3060 3944; x_wconf 88' lang='lat' dir='ltr'><strong>itt</strong></span> <span class='ocrx_word' id='word_1_737' title='bbox 3091 3906 3244 3958; x_wconf 80' lang='lat' dir='ltr'><strong>quem</strong></span> <span class='ocrx_word' id='word_1_738' title='bbox 3273 3891 3424 3945; x_wconf 87' lang='lat' dir='ltr'><strong>nobis</strong></span> <span class='ocrx_word' id='word_1_739' title='bbox 3462 3900 3674 3958; x_wconf 76' lang='grc' dir='ltr'>οιιυηιιιι</span> 
     </span>
    </p>
   </div>
   <div class='ocr_carea' id='block_1_99' title="bbox 2152 3970 3675 4047">
    <p class='ocr_par' dir='ltr' id='par_1_99' title="bbox 2152 3970 3675 4047">
     <span class='ocr_line' id='line_1_99' title="bbox 2152 3970 3675 4047; baseline 0.002 -17"><span class='ocrx_word' id='word_1_740' title='bbox 2152 3978 2358 4041; x_wconf 90' lang='lat' dir='ltr'><strong>cadere,</strong></span> <span class='ocrx_word' id='word_1_741' title='bbox 2390 3990 2478 4031; x_wconf 88' lang='lat' dir='ltr'><strong>aut</strong></span> <span class='ocrx_word' id='word_1_742' title='bbox 2507 3995 2664 4033; x_wconf 86' lang='lat' dir='ltr'><strong>causa</strong></span> <span class='ocrx_word' id='word_1_743' title='bbox 2693 3970 2870 4034; x_wconf 84' lang='lat' dir='ltr'><strong>nostra</strong></span> <span class='ocrx_word' id='word_1_744' title='bbox 2900 3981 3293 4047; x_wconf 85' lang='lat' dir='ltr'><strong>commendare,</strong></span> <span class='ocrx_word' id='word_1_745' title='bbox 3324 3984 3421 4036; x_wconf 90' lang='lat' dir='ltr'><strong>nisi</strong></span> <span class='ocrx_word' id='word_1_746' title='bbox 3451 3983 3675 4043; x_wconf 80' lang='lat' dir='ltr'><strong>volemus,</strong></span> 
     </span>
    </p>
   </div>
   <div class='ocr_carea' id='block_1_100' title="bbox 2154 4058 3670 4141">
    <p class='ocr_par' dir='ltr' id='par_1_100' title="bbox 2154 4058 3670 4141">
     <span class='ocr_line' id='line_1_100' title="bbox 2154 4058 3670 4141; baseline 0 -17"><span class='ocrx_word' id='word_1_747' title='bbox 2154 4081 2207 4124; x_wconf 90' lang='lat' dir='ltr'><strong>ut</strong></span> <span class='ocrx_word' id='word_1_748' title='bbox 2256 4080 2370 4138; x_wconf 92' lang='lat' dir='ltr'><strong>post</strong></span> <span class='ocrx_word' id='word_1_749' title='bbox 2426 4082 2605 4125; x_wconf 86' lang='lat' dir='ltr'><strong>nostro</strong></span> <span class='ocrx_word' id='word_1_750' title='bbox 2652 4073 3074 4141; x_wconf 88' lang='lat' dir='ltr'><strong>quandoquidem</strong></span> <span class='ocrx_word' id='word_1_751' title='bbox 3126 4082 3356 4127; x_wconf 87' lang='lat' dir='ltr'><strong>totorutn</strong></span> <span class='ocrx_word' id='word_1_752' title='bbox 3408 4058 3546 4127; x_wconf 89' lang='lat' dir='ltr'><strong>obito</strong></span> <span class='ocrx_word' id='word_1_753' title='bbox 3587 4081 3670 4125; x_wconf 83' lang='lat' dir='ltr'><strong>tam</strong></span> 
     </span>
    </p>
   </div>
   <div class='ocr_carea' id='block_1_101' title="bbox 2152 4161 3669 4237">
    <p class='ocr_par' dir='ltr' id='par_1_101' title="bbox 2152 4161 3669 4237">
     <span class='ocr_line' id='line_1_101' title="bbox 2152 4161 3669 4237; baseline -0.001 -24"><span class='ocrx_word' id='word_1_754' title='bbox 2152 4161 2265 4228; x_wconf 87' lang='lat' dir='ltr'><strong>ipse</strong></span> <span class='ocrx_word' id='word_1_755' title='bbox 2292 4161 2534 4237; x_wconf 83' lang='lat' dir='ltr'><strong>ecclesia,</strong></span> <span class='ocrx_word' id='word_1_756' title='bbox 2581 4177 2734 4229; x_wconf 88' lang='lat' dir='ltr'><strong>quam</strong></span> <span class='ocrx_word' id='word_1_757' title='bbox 2785 4178 2868 4216; x_wconf 90' lang='lat' dir='ltr'><strong>res</strong></span> <span class='ocrx_word' id='word_1_758' title='bbox 2915 4165 3157 4231; x_wconf 90' lang='lat' dir='ltr'><strong>pecunia,</strong></span> <span class='ocrx_word' id='word_1_759' title='bbox 3206 4165 3348 4232; x_wconf 90' lang='lat' dir='ltr'><strong>quod</strong></span> <span class='ocrx_word' id='word_1_760' title='bbox 3390 4165 3572 4218; x_wconf 88' lang='lat' dir='ltr'><strong>ibidem</strong></span> <span class='ocrx_word' id='word_1_761' title='bbox 3598 4178 3669 4230; x_wconf 85' lang='lat' dir='ltr'><strong>per</strong></span> 
     </span>
    </p>
   </div>
   <div class='ocr_carea' id='block_1_102' title="bbox 2154 4250 3671 4318">
    <p class='ocr_par' dir='ltr' id='par_1_102' title="bbox 2154 4250 3671 4318">
     <span class='ocr_line' id='line_1_102' title="bbox 2154 4250 3671 4318; baseline -0.001 -16"><span class='ocrx_word' id='word_1_762' title='bbox 2154 4264 2248 4303; x_wconf 87' lang='lat' dir='ltr'><strong>nos</strong></span> <span class='ocrx_word' id='word_1_763' title='bbox 2295 4250 2496 4315; x_wconf 88' lang='lat' dir='ltr'><strong>datum,</strong></span> <span class='ocrx_word' id='word_1_764' title='bbox 2556 4250 2635 4305; x_wconf 89' lang='lat' dir='ltr'><strong>vel</strong></span> <span class='ocrx_word' id='word_1_765' title='bbox 2682 4252 3050 4306; x_wconf 83' lang='lat' dir='ltr'><strong>confirmatum</strong></span> <span class='ocrx_word' id='word_1_766' title='bbox 3094 4264 3198 4318; x_wconf 87' lang='lat' dir='ltr'><strong>est,</strong></span> <span class='ocrx_word' id='word_1_767' title='bbox 3250 4263 3307 4305; x_wconf 90' lang='lat' dir='ltr'><strong>ut</strong></span> <span class='ocrx_word' id='word_1_768' title='bbox 3348 4254 3596 4307; x_wconf 82' lang='lat' dir='ltr'><strong>subiaceat</strong></span> <span class='ocrx_word' id='word_1_769' title='bbox 3634 4254 3671 4303; x_wconf 88' lang='lat' dir='ltr'><strong>in</strong></span> 
     </span>
    </p>
   </div>
   <div class='ocr_carea' id='block_1_103' title="bbox 2152 4343 3670 4411">
    <p class='ocr_par' dir='ltr' id='par_1_103' title="bbox 2152 4343 3670 4411">
     <span class='ocr_line' id='line_1_103' title="bbox 2152 4343 3670 4411; baseline 0.001 -16"><span class='ocrx_word' id='word_1_770' title='bbox 2152 4343 2471 4395; x_wconf 88' lang='lat' dir='ltr'><strong>monasterio</strong></span> <span class='ocrx_word' id='word_1_771' title='bbox 2518 4343 2804 4397; x_wconf 86' lang='lat' dir='ltr'><strong>beatissimi</strong></span> <span class='ocrx_word' id='word_1_772' title='bbox 2852 4344 3018 4398; x_wconf 87' lang='lat' dir='ltr'><strong>sancti</strong></span> <span class='ocrx_word' id='word_1_773' title='bbox 3075 4344 3448 4409; x_wconf 62' lang='lat' dir='ltr'><strong>Bartbolumei,</strong></span> <span class='ocrx_word' id='word_1_774' title='bbox 3494 4361 3548 4399; x_wconf 89' lang='lat' dir='ltr'><strong>se</strong></span> <span class='ocrx_word' id='word_1_775' title='bbox 3580 4349 3670 4411; x_wconf 78' lang='lat' dir='ltr'><strong>ipse</strong></span> 
     </span>
    </p>
   </div>
   <div class='ocr_carea' id='block_1_104' title="bbox 2152 4422 3669 4504">
    <p class='ocr_par' dir='ltr' id='par_1_104' title="bbox 2152 4422 3669 4504">
     <span class='ocr_line' id='line_1_104' title="bbox 2152 4422 3669 4504; baseline 0.003 -21"><span class='ocrx_word' id='word_1_776' title='bbox 2152 4432 2313 4485; x_wconf 83' lang='lat' dir='ltr'><strong>abbas</strong></span> <span class='ocrx_word' id='word_1_777' title='bbox 2354 4432 2649 4497; x_wconf 89' lang='lat' dir='ltr'><strong>Dominico,</strong></span> <span class='ocrx_word' id='word_1_778' title='bbox 2686 4422 2765 4487; x_wconf 73' lang='lat' dir='ltr'><strong>vel</strong></span> <span class='ocrx_word' id='word_1_779' title='bbox 2808 4435 2914 4502; x_wconf 87' lang='lat' dir='ltr'><strong>ille,</strong></span> <span class='ocrx_word' id='word_1_780' title='bbox 2966 4438 3050 4504; x_wconf 86' lang='lat' dir='ltr'><strong>qui</strong></span> <span class='ocrx_word' id='word_1_781' title='bbox 3100 4453 3193 4503; x_wconf 84' lang='lat' dir='ltr'><strong>pus</strong></span> <span class='ocrx_word' id='word_1_782' title='bbox 3226 4439 3339 4501; x_wconf 82' lang='lat' dir='ltr'><strong>ipso</strong></span> <span class='ocrx_word' id='word_1_783' title='bbox 3373 4444 3417 4489; x_wconf 72' lang='grc' dir='ltr'><strong>ιιι</strong></span> <span class='ocrx_word' id='word_1_784' title='bbox 3448 4438 3553 4504; x_wconf 76' lang='grc' dir='ltr'><strong>ἰρεο</strong></span> <span class='ocrx_word' id='word_1_785' title='bbox 3579 4452 3669 4489; x_wconf 83' lang='lat' dir='ltr'><strong>tuo-</strong></span> 
     </span>
    </p>
   </div>
   <div class='ocr_carea' id='block_1_105' title="bbox 2154 4511 3669 4589">
    <p class='ocr_par' dir='ltr' id='par_1_105' title="bbox 2154 4511 3669 4589">
     <span class='ocr_line' id='line_1_105' title="bbox 2154 4511 3669 4589; baseline 0.002 -16"><span class='ocrx_word' id='word_1_786' title='bbox 2154 4524 2384 4575; x_wconf 87' lang='lat' dir='ltr'><strong>naslerio</strong></span> <span class='ocrx_word' id='word_1_787' title='bbox 2429 4522 2724 4576; x_wconf 87' lang='lat' dir='ltr'><strong>ordinatum</strong></span> <span class='ocrx_word' id='word_1_788' title='bbox 2783 4524 2957 4588; x_wconf 89' lang='lat' dir='ltr'><strong>fuerit,</strong></span> <span class='ocrx_word' id='word_1_789' title='bbox 3006 4511 3105 4577; x_wconf 73' lang='lat' dir='ltr'><strong>tam</strong></span> <span class='ocrx_word' id='word_1_790' title='bbox 3157 4528 3265 4589; x_wconf 80' lang='lat' dir='ltr'><strong>ipsa</strong></span> <span class='ocrx_word' id='word_1_791' title='bbox 3317 4528 3531 4580; x_wconf 84' lang='lat' dir='ltr'><strong>ecclesia</strong></span> <span class='ocrx_word' id='word_1_792' title='bbox 3575 4540 3669 4579; x_wconf 77' lang='lat' dir='ltr'><strong>cunt</strong></span> 
     </span>
    </p>
   </div>
   <div class='ocr_carea' id='block_1_106' title="bbox 2153 4613 3670 4683">
    <p class='ocr_par' dir='ltr' id='par_1_106' title="bbox 2153 4613 3670 4683">
     <span class='ocr_line' id='line_1_106' title="bbox 2153 4613 3670 4683; baseline 0 -18"><span class='ocrx_word' id='word_1_793' title='bbox 2153 4614 2326 4665; x_wconf 86' lang='lat' dir='ltr'><strong>omnia</strong></span> <span class='ocrx_word' id='word_1_794' title='bbox 2355 4613 2417 4666; x_wconf 88' lang='lat' dir='ltr'><strong>ad</strong></span> <span class='ocrx_word' id='word_1_795' title='bbox 2450 4614 2557 4679; x_wconf 87' lang='lat' dir='ltr'><strong>ipsa</strong></span> <span class='ocrx_word' id='word_1_796' title='bbox 2605 4615 2829 4668; x_wconf 80' lang='lat' dir='ltr'><strong>ecclesia</strong></span> <span class='ocrx_word' id='word_1_797' title='bbox 2861 4625 3187 4683; x_wconf 86' lang='lat' dir='ltr'><strong>pertenente,</strong></span> <span class='ocrx_word' id='word_1_798' title='bbox 3240 4617 3339 4683; x_wconf 84' lang='lat' dir='ltr'><strong>ipsi</strong></span> <span class='ocrx_word' id='word_1_799' title='bbox 3370 4636 3480 4669; x_wconf 82' lang='lat' dir='ltr'><strong>cant</strong></span> <span class='ocrx_word' id='word_1_800' title='bbox 3510 4617 3670 4669; x_wconf 75' lang='lat' dir='ltr'><strong>abeant</strong></span> 
     </span>
    </p>
   </div>
   <div class='ocr_carea' id='block_1_107' title="bbox 2156 4703 3668 4775">
    <p class='ocr_par' dir='ltr' id='par_1_107' title="bbox 2156 4703 3668 4775">
     <span class='ocr_line' id='line_1_107' title="bbox 2156 4703 3668 4775; baseline 0.002 -21"><span class='ocrx_word' id='word_1_801' title='bbox 2156 4703 2205 4754; x_wconf 92' lang='lat' dir='ltr'><strong>in</strong></span> <span class='ocrx_word' id='word_1_802' title='bbox 2237 4718 2327 4755; x_wconf 89' lang='lat' dir='ltr'><strong>sua</strong></span> <span class='ocrx_word' id='word_1_803' title='bbox 2359 4713 2665 4770; x_wconf 85' lang='lat' dir='ltr'><strong>potestatem</strong></span> <span class='ocrx_word' id='word_1_804' title='bbox 2698 4706 3002 4773; x_wconf 79' lang='lat' dir='ltr'><strong>regendum,</strong></span> <span class='ocrx_word' id='word_1_805' title='bbox 3059 4707 3471 4775; x_wconf 78' lang='lat' dir='ltr'><strong>gubernandum,</strong></span> <span class='ocrx_word' id='word_1_806' title='bbox 3523 4719 3668 4758; x_wconf 49' lang='lat' dir='ltr'><strong>sacer.</strong></span> 
     </span>
    </p>
   </div>
   <div class='ocr_carea' id='block_1_108' title="bbox 2156 4792 3668 4864">
    <p class='ocr_par' dir='ltr' id='par_1_108' title="bbox 2156 4792 3668 4864">
     <span class='ocr_line' id='line_1_108' title="bbox 2156 4792 3668 4864; baseline -0.001 -19"><span class='ocrx_word' id='word_1_807' title='bbox 2156 4792 2329 4845; x_wconf 87' lang='lat' dir='ltr'><strong>dotem</strong></span> <span class='ocrx_word' id='word_1_808' title='bbox 2355 4796 2429 4846; x_wconf 90' lang='lat' dir='ltr'><strong>vel</strong></span> <span class='ocrx_word' id='word_1_809' title='bbox 2454 4794 2693 4847; x_wconf 89' lang='lat' dir='ltr'><strong>monachi</strong></span> <span class='ocrx_word' id='word_1_810' title='bbox 2723 4794 2911 4848; x_wconf 88' lang='lat' dir='ltr'><strong>ividem</strong></span> <span class='ocrx_word' id='word_1_811' title='bbox 2933 4796 3376 4864; x_wconf 75' lang='lat' dir='ltr'><strong>congregandum,</strong></span> <span class='ocrx_word' id='word_1_812' title='bbox 3401 4797 3484 4862; x_wconf 92' lang='lat' dir='ltr'><strong>qui</strong></span> <span class='ocrx_word' id='word_1_813' title='bbox 3509 4795 3668 4849; x_wconf 85' lang='lat' dir='ltr'><strong>ibidem</strong></span> 
     </span>
    </p>
   </div>
   <div class='ocr_carea' id='block_1_109' title="bbox 2158 4883 3668 4951">
    <p class='ocr_par' dir='ltr' id='par_1_109' title="bbox 2158 4883 3668 4951">
     <span class='ocr_line' id='line_1_109' title="bbox 2158 4883 3668 4951; baseline 0.001 -15"><span class='ocrx_word' id='word_1_814' title='bbox 2158 4884 2445 4936; x_wconf 86' lang='lat' dir='ltr'><strong>secundum</strong></span> <span class='ocrx_word' id='word_1_815' title='bbox 2489 4888 2667 4936; x_wconf 88' lang='lat' dir='ltr'><strong>san‘cta</strong></span> <span class='ocrx_word' id='word_1_816' title='bbox 2700 4885 2875 4951; x_wconf 82' lang='lat' dir='ltr'><strong>regula</strong></span> <span class='ocrx_word' id='word_1_817' title='bbox 2924 4883 3162 4938; x_wconf 84' lang='lat' dir='ltr'><strong>habitare</strong></span> <span class='ocrx_word' id='word_1_818' title='bbox 3189 4898 3243 4938; x_wconf 87' lang='lat' dir='ltr'><strong>et</strong></span> <span class='ocrx_word' id='word_1_819' title='bbox 3284 4885 3462 4939; x_wconf 85' lang='lat' dir='ltr'><strong>vivere</strong></span> <span class='ocrx_word' id='word_1_820' title='bbox 3489 4883 3668 4945; x_wconf 55' lang='lat' dir='ltr'><strong>debeas</strong></span> 
     </span>
    </p>
   </div>
   <div class='ocr_carea' id='block_1_110' title="bbox 2154 4969 3670 5040">
    <p class='ocr_par' dir='ltr' id='par_1_110' title="bbox 2154 4969 3670 5040">
     <span class='ocr_line' id='line_1_110' title="bbox 2154 4969 3670 5040; baseline -0.003 -14"><span class='ocrx_word' id='word_1_821' title='bbox 2154 4981 2207 5026; x_wconf 87' lang='lat' dir='ltr'><strong>et</strong></span> <span class='ocrx_word' id='word_1_822' title='bbox 2239 4988 2331 5040; x_wconf 91' lang='lat' dir='ltr'><strong>pro</strong></span> <span class='ocrx_word' id='word_1_823' title='bbox 2360 4972 2552 5027; x_wconf 87' lang='lat' dir='ltr'><strong>nostris</strong></span> <span class='ocrx_word' id='word_1_824' title='bbox 2578 4973 2823 5040; x_wconf 87' lang='lat' dir='ltr'><strong>peccatis,</strong></span> <span class='ocrx_word' id='word_1_825' title='bbox 2853 4974 2935 5028; x_wconf 81' lang='lat' dir='ltr'><strong>vel</strong></span> <span class='ocrx_word' id='word_1_826' title='bbox 2966 4972 3369 5040; x_wconf 74' lang='lat' dir='ltr'><strong>de&#39;parentilius</strong></span> <span class='ocrx_word' id='word_1_827' title='bbox 3407 4974 3586 5025; x_wconf 83' lang='lat' dir='ltr'><strong>nostris</strong></span> <span class='ocrx_word' id='word_1_828' title='bbox 3603 4969 3670 5022; x_wconf 76' lang='lat' dir='ltr'><strong>die</strong></span> 
     </span>
    </p>
   </div>
   <div class='ocr_carea' id='block_1_111' title="bbox 2158 5060 3668 5137">
    <p class='ocr_par' dir='ltr' id='par_1_111' title="bbox 2158 5060 3668 5137">
     <span class='ocr_line' id='line_1_111' title="bbox 2158 5060 3668 5137; baseline 0 -22"><span class='ocrx_word' id='word_1_829' title='bbox 2158 5072 2421 5130; x_wconf 90' lang='lat' dir='ltr'><strong>noctuque</strong></span> <span class='ocrx_word' id='word_1_830' title='bbox 2455 5062 2564 5116; x_wconf 90' lang='lat' dir='ltr'><strong>Deo</strong></span> <span class='ocrx_word' id='word_1_831' title='bbox 2590 5062 2875 5137; x_wconf 71' lang='lat' dir='ltr'><strong>deprecare</strong></span> <span class='ocrx_word' id='word_1_832' title='bbox 2919 5063 3133 5127; x_wconf 70' lang='lat' dir='ltr'><strong>deveas,</strong></span> <span class='ocrx_word' id='word_1_833' title='bbox 3177 5072 3231 5114; x_wconf 92' lang='lat' dir='ltr'><strong>ut</strong></span> <span class='ocrx_word' id='word_1_834' title='bbox 3261 5063 3413 5116; x_wconf 85' lang='lat' dir='ltr'><strong>nobis</strong></span> <span class='ocrx_word' id='word_1_835' title='bbox 3439 5060 3500 5115; x_wconf 88' lang='lat' dir='ltr'><strong>ad</strong></span> <span class='ocrx_word' id='word_1_836' title='bbox 3528 5074 3668 5115; x_wconf 76' lang='lat' dir='ltr'><strong>renc-</strong></span> 
     </span>
    </p>
   </div>
   <div class='ocr_carea' id='block_1_112' title="bbox 2156 5146 3666 5221">
    <p class='ocr_par' dir='ltr' id='par_1_112' title="bbox 2156 5146 3666 5221">
     <span class='ocr_line' id='line_1_112' title="bbox 2156 5146 3666 5221; baseline -0.002 -18"><span class='ocrx_word' id='word_1_837' title='bbox 2156 5152 2279 5221; x_wconf 71' lang='lat' dir='ltr'><strong>dio,’</strong></span> <span class='ocrx_word' id='word_1_838' title='bbox 2298 5160 2352 5204; x_wconf 90' lang='lat' dir='ltr'><strong>et</strong></span> <span class='ocrx_word' id='word_1_839' title='bbox 2373 5152 2539 5205; x_wconf 88' lang='lat' dir='ltr'><strong>salute</strong></span> <span class='ocrx_word' id='word_1_840' title='bbox 2564 5154 2740 5206; x_wconf 87' lang='lat' dir='ltr'><strong>anime</strong></span> <span class='ocrx_word' id='word_1_841' title='bbox 2769 5162 2946 5206; x_wconf 87' lang='lat' dir='ltr'><strong>nostre</strong></span> <span class='ocrx_word' id='word_1_842' title='bbox 2975 5162 3271 5221; x_wconf 87' lang='lat' dir='ltr'><strong>pcrteneat,</strong></span> <span class='ocrx_word' id='word_1_843' title='bbox 3300 5163 3351 5205; x_wconf 89' lang='lat' dir='ltr'><strong>et</strong></span> <span class='ocrx_word' id='word_1_844' title='bbox 3379 5152 3491 5221; x_wconf 90' lang='lat' dir='ltr'><strong>quis</strong></span> <span class='ocrx_word' id='word_1_845' title='bbox 3517 5152 3595 5205; x_wconf 85' lang='lat' dir='ltr'><strong>ille</strong></span> <span class='ocrx_word' id='word_1_846' title='bbox 3615 5146 3666 5202; x_wconf 84' lang='lat' dir='ltr'><strong>de</strong></span> 
     </span>
    </p>
   </div>
   <div class='ocr_carea' id='block_1_113' title="bbox 2162 5241 3666 5313">
    <p class='ocr_par' dir='ltr' id='par_1_113' title="bbox 2162 5241 3666 5313">
     <span class='ocr_line' id='line_1_113' title="bbox 2162 5241 3666 5313; baseline -0.003 -16"><span class='ocrx_word' id='word_1_847' title='bbox 2162 5243 2461 5308; x_wconf 82' lang='lat' dir='ltr'><strong>heredibus,</strong></span> <span class='ocrx_word' id='word_1_848' title='bbox 2518 5254 2675 5313; x_wconf 87' lang='lat' dir='ltr'><strong>atque</strong></span> <span class='ocrx_word' id='word_1_849' title='bbox 2721 5242 2945 5309; x_wconf 89' lang='lat' dir='ltr'><strong>posteris</strong></span> <span class='ocrx_word' id='word_1_850' title='bbox 2994 5243 3186 5295; x_wconf 85' lang='lat' dir='ltr'><strong>nostris</strong></span> <span class='ocrx_word' id='word_1_851' title='bbox 3231 5252 3414 5296; x_wconf 88' lang='lat' dir='ltr'><strong>contra</strong></span> <span class='ocrx_word' id='word_1_852' title='bbox 3460 5241 3563 5308; x_wconf 86' lang='lat' dir='ltr'><strong>ipsa</strong></span> <span class='ocrx_word' id='word_1_853' title='bbox 3597 5252 3666 5293; x_wconf 82' lang='lat' dir='ltr'><strong>et:-</strong></span> 
     </span>
    </p>
   </div>
   <div class='ocr_carea' id='block_1_114' title="bbox 2161 5333 3673 5403">
    <p class='ocr_par' dir='ltr' id='par_1_114' title="bbox 2161 5333 3673 5403">
     <span class='ocr_line' id='line_1_114' title="bbox 2161 5333 3673 5403; baseline -0.009 -14"><span class='ocrx_word' id='word_1_854' title='bbox 2161 5335 2339 5400; x_wconf 80' lang='lat' dir='ltr'><strong>clesia,</strong></span> <span class='ocrx_word' id='word_1_855' title='bbox 2371 5338 2452 5390; x_wconf 87' lang='lat' dir='ltr'><strong>vel</strong></span> <span class='ocrx_word' id='word_1_856' title='bbox 2484 5335 2599 5403; x_wconf 85' lang='lat' dir='ltr'><strong>ejus</strong></span> <span class='ocrx_word' id='word_1_857' title='bbox 2647 5333 2994 5387; x_wconf 81' lang='lat' dir='ltr'><strong>deservientis</strong></span> <span class='ocrx_word' id='word_1_858' title='bbox 3040 5347 3219 5401; x_wconf 69' lang='lat' dir='ltr'><strong>agere,</strong></span> <span class='ocrx_word' id='word_1_859' title='bbox 3250 5342 3339 5385; x_wconf 87' lang='lat' dir='ltr'><strong>aut</strong></span> <span class='ocrx_word' id='word_1_860' title='bbox 3368 5343 3574 5385; x_wconf 75' lang='lat' dir='ltr'><strong>causave</strong></span> <span class='ocrx_word' id='word_1_861' title='bbox 3603 5334 3673 5379; x_wconf 83' lang='lat' dir='ltr'><strong>aut</strong></span> 
     </span>
    </p>
   </div>
   <div class='ocr_carea' id='block_1_115' title="bbox 2162 5414 3670 5493">
    <p class='ocr_par' dir='ltr' id='par_1_115' title="bbox 2162 5414 3670 5493">
     <span class='ocr_line' id='line_1_115' title="bbox 2162 5414 3670 5493; baseline -0.003 -15"><span class='ocrx_word' id='word_1_862' title='bbox 2162 5426 2356 5493; x_wconf 80' lang='lat' dir='ltr'><strong>alquid</strong></span> <span class='ocrx_word' id='word_1_863' title='bbox 2401 5426 2694 5487; x_wconf 84' lang='lat' dir='ltr'><strong>subtraere,</strong></span> <span class='ocrx_word' id='word_1_864' title='bbox 2728 5432 2818 5475; x_wconf 90' lang='lat' dir='ltr'><strong>aut</strong></span> <span class='ocrx_word' id='word_1_865' title='bbox 2858 5422 3214 5477; x_wconf 83' lang='lat' dir='ltr'><strong>controversia</strong></span> <span class='ocrx_word' id='word_1_866' title='bbox 3266 5419 3439 5473; x_wconf 87' lang='lat' dir='ltr'><strong>facere</strong></span> <span class='ocrx_word' id='word_1_867' title='bbox 3464 5414 3670 5473; x_wconf 60' lang='lat' dir='ltr'><strong>volucr“.</strong></span> 
     </span>
    </p>
   </div>
   <div class='ocr_carea' id='block_1_116' title="bbox 2163 5506 3672 5585">
    <p class='ocr_par' dir='ltr' id='par_1_116' title="bbox 2163 5506 3672 5585">
     <span class='ocr_line' id='line_1_116' title="bbox 2163 5506 3672 5585; baseline -0.005 -16"><span class='ocrx_word' id='word_1_868' title='bbox 2163 5527 2255 5571; x_wconf 90' lang='lat' dir='ltr'><strong>aut</strong></span> <span class='ocrx_word' id='word_1_869' title='bbox 2284 5517 2523 5581; x_wconf 88' lang='lat' dir='ltr'><strong>rectoris,</strong></span> <span class='ocrx_word' id='word_1_870' title='bbox 2564 5516 2650 5585; x_wconf 93' lang='lat' dir='ltr'><strong>qui</strong></span> <span class='ocrx_word' id='word_1_871' title='bbox 2696 5511 2845 5572; x_wconf 82' lang='lat' dir='ltr'><strong>fuere</strong></span> <span class='ocrx_word' id='word_1_872' title='bbox 2913 5524 2968 5569; x_wconf 88' lang='lat' dir='ltr'><strong>et</strong></span> <span class='ocrx_word' id='word_1_873' title='bbox 3015 5511 3314 5580; x_wconf 77' lang='lat' dir='ltr'><strong>neglectum</strong></span> <span class='ocrx_word' id='word_1_874' title='bbox 3360 5506 3672 5581; x_wconf 63' lang='lat' dir='ltr'><strong>posuerit,&quot;</strong></span> 
     </span>
    </p>
   </div>
   <div class='ocr_carea' id='block_1_117' title="bbox 1701 5628 2523 5688">
    <p class='ocr_par' dir='ltr' id='par_1_117' title="bbox 1701 5628 2523 5688">
     <span class='ocr_line' id='line_1_117' title="bbox 1701 5628 2523 5688; baseline -0.009 -1"><span class='ocrx_word' id='word_1_875' title='bbox 1701 5628 2089 5687; x_wconf 76' lang='lat' dir='ltr'><strong>VARIANTES</strong></span> <span class='ocrx_word' id='word_1_876' title='bbox 2129 5629 2523 5688; x_wconf 71' lang='lat' dir='ltr'><strong>LECTIONES.</strong></span> 
     </span>
    </p>
   </div>
   <div class='ocr_carea' id='block_1_118' title="bbox 577 5702 1030 5755">
    <p class='ocr_par' dir='ltr' id='par_1_118' title="bbox 577 5702 1030 5755">
     <span class='ocr_line' id='line_1_118' title="bbox 577 5702 1030 5755; baseline 0.004 -2"><span class='ocrx_word' id='word_1_877' title='bbox 577 5704 589 5732; x_wconf 81' lang='grc'>¹</span> <span class='ocrx_word' id='word_1_878' title='bbox 634 5702 860 5754; x_wconf 71' lang='lat' dir='ltr'><strong>[urbano</strong></span> <span class='ocrx_word' id='word_1_879' title='bbox 893 5716 1030 5755; x_wconf 85' lang='lat' dir='ltr'><strong>meo.</strong></span> 
     </span>
    </p>
   </div>
  </div>
