3820 6236
164 304 270 382 tm

1190 301 1567 356 DIPLOMATA
1608 298 1880 353 ECCLES.
1917 298 2237 355 SELECTA.

3146 315 3162 364 ί
3181 315 3271 366 νὶῦδ

161 427 252 476 nos,
279 405 464 474 orandi,
512 411 565 464 in
618 413 798 480 primis
829 414 880 466 in
932 413 1007 468 ira
1057 414 1142 469 Dei
1175 425 1226 468 et
1272 416 1432 482 ipsius
1460 420 1637 467 sancte
1663 408 1713 464 Δ
1739 410 2291 477 prietatc,et|ibertate
2307 414 3274 486 avezedevcas,facienduni,velaven-

159 502 330 553 virtutis
372 501 594 553 incurrat
641 500 944 569 periculum,
993 515 1046 558 et
1080 507 1123 558 si
1160 505 1408 558 fersitans
1459 505 1645 572 aliquis

160 589 212 642 de
249 587 525 650 heredibus,
575 598 730 656 atque
785 593 1006 657 posteris
1045 593 1235 646 nostris
1286 603 1468 646 contra
1515 593 1649 646 hanc

159 676 374 729 cartulam
425 690 578 742 agere
629 677 869 742 voluerit,
926 678 990 730 ad
1044 679 1106 730 da
1165 681 1276 746 ipso
1334 681 1648 734 monasterio

160 765 296 818 sancti
327 764 659 819 Bartholomei
687 768 758 821 ris
783 768 890 836 ipsa
917 769 1222 824 subtrahere
1245 772 1481 833 voluerit,
1507 787 1649 824 com-

162 857 353 923 penituri
383 855 447 908 sit
472 856 534 909 ad
563 857 720 910 abbas
759 859 1058 911 monasterii
1089 861 1253 912 sancti
1305 860 1648 914 Barthelomei

161 945 325 998 solidos
369 945 518 1006 mille,
561 956 614 998 et
662 955 776 1014 post
811 947 930 999 data
973 949 1306 1014 compositio,
1337 956 1388 1000 et
1435 963 1560 1013 pena
1585 947 1649 1000 ab

161 1037 252 1101 ipso
277 1034 451 1097 soluta,
485 1048 695 1100 presens
718 1035 912 1086 cartula
947 1035 996 1086 in
1025 1050 1114 1087 sua
1161 1044 1366 1087 maneat
1401 1035 1652 1088 ﬁrmitate

161 1138 285 1190 quam
311 1137 424 1176 vero
451 1125 644 1175 cartnla
690 1121 1017 1176 autfertionis
1064 1123 1128 1176 ad
1174 1137 1272 1177 nos
1314 1124 1444 1177 facta
1495 1124 1655 1178 Lucio

161 1212 358 1264 notarius
383 1210 608 1263 scribere
638 1212 953 1278 rogavimus.

215 1301 376 1352 Actum
409 1298 618 1352 Pistoria
650 1313 861 1368 regnum
892 1309 944 1353 et
972 1299 1254 1355 indictione
1298 1301 1654 1370 suprascripta

161 1387 360 1443 feliciter.

216 1477 405 1540 Signum
447 1482 500 1536 ﬁt
530 1491 713 1530 manus
739 1475 1045 1531 Guinil'redi.

215 1565 406 1632 Signum
438 1571 491 1625 ᾖ
527 1580 709 1619 manus
736 1566 947 1620 Saxoni.

217 1653 408 1719 Signum
442 1658 497 1713 ἦ(
531 1668 713 1707 manus
744 1653 1025 1708 Guillerad.

1744 498 1866 550 dum
1893 499 2172 566 quidquid,
2200 508 2288 554 aut
2318 501 2371 555 in
2402 504 2554 568 quale
2577 505 2654 558 lex
2687 509 2929 572 voluerit,
2958 519 3011 564 et
3031 514 3274 578 quicquid

1745 600 1837 653 per
1880 587 1978 653 ipsi
2009 587 2200 641 factum
2247 589 2392 646 fuere
2436 595 2575 646 omni
2628 602 2891 660 tempore,
2940 598 2991 649 in
3034 613 3128 652 sua
3158 616 3277 667 pcr-

1748 685 1954 730 maneat
1975 678 2259 732 stavilitate
2280 695 2345 734 eo
2363 722 2378 744 ,
2414 683 2552 748 quod
2582 698 2674 749 pro
2702 685 2925 752 benigno
2952 690 3165 740 servitio
3188 704 3275 741 eo-

1748 782 1892 832 rum,
1923 783 2024 836 que
2053 783 2173 838 erga
2205 786 2288 824 me
2314 770 2602 840 inpendere
2630 773 2725 826 visi
2764 784 2912 835 sunt,
2945 776 3012 828 ita
3040 791 3216 828 eorum
3249 794 3275 828 a

1750 869 1832 906 me
1860 855 2035 908 datum
2067 859 2146 910 vel
2178 874 2270 925 pro
2296 861 2568 914 animabus
2598 863 2699 915 mei
2726 863 2918 916 ﬁrmari
2951 865 3168 931 previdi,
3211 867 3277 916 de

1748 957 1920 996 autem
1951 944 2049 997 alia
2099 962 2183 1000 res
2225 963 2338 1000 mea
2385 950 2434 1002 in
2479 954 2834 1017 suprascripto
2876 952 2991 1004 loco
3034 952 3276 1006 Pacciaua

1751 1045 1850 1084 una
1879 1045 1994 1085 cum
2023 1036 2381 1102 suprascripto
2417 1039 2767 1102 monasterio,
2812 1040 2890 1091 vel
2925 1054 3005 1092 res
3038 1039 3156 1092 inivi
3189 1042 3278 1090 tir-

1753 1127 1888 1170 mata
1915 1157 1928 1180 ,
1976 1120 2148 1172 omnia
2192 1133 2244 1175 et
2289 1123 2338 1174 in
2366 1125 2603 1178 omnibus
2644 1125 2693 1178 in
2734 1124 2988 1193 integrum
3022 1127 3071 1176 in
3106 1136 3155 1178 te
3175 1127 3281 1192 jam

1753 1203 1889 1257 dicto
1921 1205 2230 1260 Domenicus
2269 1211 2532 1272 quendum
2581 1211 2740 1264 abbas
2790 1215 3043 1264 conﬁrmo
3067 1250 3082 1274 ,
3128 1215 3171 1264 si
3203 1229 3284 1264 me

1753 1295 2086 1360 omnipotens
2133 1297 2382 1352 Dominus
2429 1300 2496 1353 de
2550 1302 2850 1356 inﬁrmitate
2900 1304 2994 1354 ista
3037 1317 3286 1355 avvocare

1752 1381 1943 1447 jusseci
1975 1383 2028 1436 in
2074 1385 2247 1439 omnia
2296 1388 2778 1459 secundumlDeum
2809 1391 3170 1455 ordinandum,
3205 1394 3284 1444 vel

1758 1471 2106 1537 peragendum
2132 1488 2224 1538 pro
2249 1473 2523 1529 animabus
2545 1478 2760 1539 nostris.
2788 1468 2876 1530 vel
2900 1478 2963 1531 de
2989 1480 3287 1544 patentibus

1757 1558 1886 1610 meis
1927 1559 2178 1626 quidquid
2221 1562 2410 1616 melius
2455 1573 2544 1614 aut
2589 1566 2872 1617 secundum
2905 1567 3063 1620 Deum
3108 1569 3286 1632 appari

1760 1644 1890 1698 [ueri
1917 1647 2260 1701 ordinandum
2289 1650 2757 1716 elemosinandum,
2791 1660 2841 1703 tu
2860 1693 2874 1714 ,
2905 1654 2980 1704 vel
3008 1657 3093 1721 qui
3125 1670 3214 1718 per
3238 1665 3287 1706 te

217 1741 407 1809 Signum
440 1746 493 1801 ᾖ
525 1755 706 1794 manus
734 1743 904 1809 Agraﬁ
951 1743 1082 1798 hanc
1131 1744 1331 1797 cartula
1360 1744 1467 1798 ﬁeri
1507 1759 1656 1813 roga-
1690 1725 1728 1784 Β
1761 1737 1884 1791 inivi
1915 1737 2069 1792 fuerit
2097 1740 2442 1799 ordinandum
2462 1779 2476 1804 ,
2523 1741 2572 1793 in
2604 1751 2774 1794 vestra
2805 1743 2870 1795 sit
2900 1752 3152 1809 potestate
3183 1753 3285 1795 tam

163 1842 264 1883 vere
286 1841 332 1882 et
358 1830 579 1895 ipsorum
612 1831 800 1884 reiecta
837 1839 936 1885 est.

224 1918 416 1984 Signum
450 1924 506 1980 ᾖ
542 1933 725 1973 manus
755 1919 1086 1976 Lazaro'ﬁlio
1115 1922 1372 1991 quendam
1399 1922 1660 1979 Casinduli

163 2009 302 2061 testis.

219 2099 410 2166 Signum
441 2105 496 2160 »Ε
532 2114 716 2154 manus
745 2101 968 2156 Jobanni
997 2102 1102 2157 ﬁlio
1140 2103 1398 2171 quondam
1444 2104 1660 2172 Gregori

164 2201 340 2257 rogatus
367 2192 525 2243 testis.

224 2279 317 2347 Ego
339 2279 556 2333 Anselmi
612 2288 830 2348 rogatus
871 2280 934 2334 ad
977 2281 1283 2347 Guinil‘redi,
1328 2296 1474 2346 saxu,
1522 2283 1664 2336 Guil-

165 2365 302 2431 lcrad,
327 2367 486 2435 Agraﬁ
517 2368 661 2422 testis
693 2381 767 2421 ss.

223 2455 412 2523 Signum
443 2462 496 2518 ὦ
530 2472 714 2511 manus
762 2457 982 2526 Retpule
1028 2457 1133 2511 ﬁlio
1177 2458 1434 2526 quendam
1491 2457 1660 2512 Ermi-

168 2543 273 2597 {redi
301 2544 455 2598 testis.
1099 2591 1105 2596 ι

232 2633 328 2702 Ego
357 2640 410 2696 ᾖ
444 2634 798 2690 Tacbimandu
846 2647 1051 2706 rogatus
1096 2637 1161 2691 ad
1209 2637 1549 2705 Guiniireddi,
1602 2642 1664 2693 ad

167 2721 302 2786 Saxo,
332 2725 389 2776 ad
415 2723 697 2790 Guillerad,
729 2729 900 2795 Agraﬁ
927 2729 1072 2782 testis
1094 2743 1166 2782 ss.

228 2810 319 2876 Ego
344 2813 424 2878 qui
453 2827 603 2880 supra
653 2814 813 2866 Lucio
844 2815 1075 2867 netarius
1118 2831 1159 2868 St
1179 2815 1344 2882 riptor
1376 2815 1526 2867 huius
1555 2830 1669 2870 car-

169 2901 256 2954 tule
286 2912 446 2971 posta
491 2905 709 2958 testibus
755 2906 1014 2972 roborata,
1069 2907 1253 2960 tradita
1296 2909 1576 2975 ceinplevi,
1617 2917 1670 2961 et

168 2988 285 3041 dedi.

229 3079 322 3147 Ego
353 3080 658 3136 Gualbertus
705 3084 964 3149 notarius,
1014 3095 1066 3137 et
1106 3085 1264 3152 iudex
1314 3087 1448 3138 sacri
1493 3086 1665 3152 palatii

171 3168 367 3235 scriptor
413 3173 637 3239 qualiter
693 3173 743 3225 in
797 3173 1112 3227 autenticmn
1167 3175 1419 3242 setiptttm
1475 3175 1665 3238 inveni,

170 3259 360 3313 ﬁdeliter
382 3262 691 3329 exemplavi.

879 3393 938 3446 V.

231 3521 504 3588 Exemplar.
546 3523 602 3576 In
625 3524 838 3578 nomine
866 3525 1162 3587 Domini,et
1183 3526 1467 3580 Salvateris
1499 3526 1657 3577 uestri

171 3611 279 3665 Jesu
306 3614 480 3666 Christi
510 3615 592 3667 die
621 3611 826 3667 decimo
864 3628 1045 3667 mense
1082 3614 1385 3668 Decembrin
1415 3625 1663 3679 regnante

170 3701 339 3755 domno
361 3701 573 3755 Carolus
622 3719 711 3755 rex
746 3703 1060 3756 Francorum
1099 3715 1149 3757 et
1190 3703 1670 3771 Lengobarderum,

170 3809 272 3860 quae
292 3795 338 3848 in
363 3796 512 3875 Italia.
542 3795 696 3862 Papia
736 3793 944 3847 civitate
988 3795 1250 3863 ingressus
1278 3803 1354 3847 est
1374 3835 1389 3859 ,
1419 3810 1554 3848 anno
1584 3809 1670 3849 se-

171 3884 354 3947 cundo,
411 3899 502 3952 per
546 3885 832 3938 indictione
882 3892 1063 3951 quatla
1111 3884 1328 3938 decima.
1407 3884 1669 3941 Felicitcr.

171 3970 362 4026 Ferreus
390 3975 608 4028 clericus
639 3973 747 4026 ﬁlio
775 3974 1038 4041 quendam
1071 3975 1385 4041 Austripert,
1430 3973 1551 4026 dum
1591 3988 1673 4027 me

172 4061 429 4128 previdisse
457 4063 506 4115 in
540 4061 844 4116 inﬁrmitate
881 4063 1102 4130 positum
1126 4103 1138 4125 ,
1183 4079 1329 4116 mens
1359 4080 1468 4116 mea
1498 4064 1561 4116 de
1589 4078 1672 4116 re-

169 4162 243 4206 cte
271 4153 316 4206 in
353 4153 590 4206 omnibus
630 4161 772 4206 recte
826 4152 1138 4218 loquendum
1186 4153 1485 4204 manifestus
1536 4166 1674 4218 sum,

169 4255 226 4294 eo
253 4242 376 4308 quod
418 4253 567 4295 antea
613 4242 722 4309 jam
768 4242 945 4309 plures
974 4249 1180 4309 tempus
1215 4241 1439 4307 iudicavi
1462 4282 1474 4301 ,
1507 4225 1678 4306 et'per

1759 1830 1870 1893 ipso
1900 1829 2219 1881 monasterio
2263 1829 2342 1881 vel
2392 1844 2475 1882 res
2517 1829 2689 1881 omnia
2721 1832 3066 1898 suprascripta
3088 1870 3100 1889 .
3129 1846 3290 1899 quan—

1761 1923 1866 1969 tum
1891 1916 2076 1969 melius
2103 1955 2118 1979 ,
2158 1925 2210 1969 et
2258 1916 2542 1968 secundum
2577 1916 2735 1969 Deum
2789 1919 3146 1984 previderitis,
3198 1934 3291 1986 pro

1760 2004 2033 2057 animabus
2061 2004 2254 2058 nostris
2278 2004 2704 2072 diSpensandum,
2739 2007 2817 2058 vel
2847 2007 2889 2058 si
2922 2007 3093 2073 alique
3123 2008 3171 2058 in
3193 2005 3289 2073 ju-

1759 2093 1988 2146 dicatutn
2032 2093 2293 2160 reliquero
2319 2137 2332 2160 ,
2378 2095 2534 2148 simili
2587 2094 2740 2146 modo
2787 2095 2958 2147 omnia
2990 2110 3082 2160 pro
3118 2100 3288 2147 an‘ana

1761 2196 1876 2236 mea
1904 2181 2178 2244 tribuatur,
2211 2182 2284 2236 sic
2313 2184 2531 2238 tainensi
2567 2183 2721 2235 michi
2764 2185 3091 2250 omnipotens
3120 2183 3292 2236 Domi-

1764 2286 1859 2323 nus
1899 2279 2130 2336 prestare
2159 2272 2338 2325 iusseri
2364 2271 2717 2335 evadendum,
2744 2271 2931 2331 otnnia,
2966 2279 3015 2322 et
3045 2271 3093 2321 iit
3120 2271 3289 2323 enmi-

1765 2359 1856 2410 bus
1885 2358 1932 2409 iu
1963 2374 2073 2411 mea
2117 2359 2182 2410 sit
2213 2368 2467 2427 potestate
2495 2359 2749 2411 avendum
2777 2401 2792 2421 ,
2837 2359 3178 2411 ordinandum
3216 2358 3291 2410 in-

1763 2447 2005 2499 cieudum
2037 2447 2226 2500 exinde
2261 2446 2507 2516 quidquid
2548 2449 2764 2502 voluero
2796 2458 2889 2522 aut
2911 2448 3068 2500 miehi
3104 2450 3293 2499 bonum

1766 2537 1911 2590 fuere
1937 2579 1949 2602 ,
1998 2551 2150 2606 quam
2196 2538 2308 2590 iure
2352 2537 2483 2590 forte
2510 2537 2619 2589 viro
2668 2552 2761 2605 pro
2797 2553 2917 2589 vero
2941 2538 3135 2590 cartula
3164 2539 3297 2588 sit'ttt

1767 2624 1925 2677 michi
1952 2626 2252 2692 complacue
2277 2663 2293 2690 ,
2339 2626 2388 2677 in
2440 2634 2488 2681 te
2517 2624 2770 2694 Gautpert
2809 2627 3043 2680 notarius
3069 2624 3297 2680 scribese

1768 2715 1965 2781 rogavi.

1837 2804 2020 2856 Actum
2058 2803 2275 2856 Pistoria
2325 2814 2447 2870 aput
2482 2804 2594 2871 ipso
2635 2809 2949 2860 monasterio
2987 2824 3221 2874 regnum,
3249 2821 3300 2861 et

1770 2893 2052 2945 indictione
2076 2892 2448 2960 suprascripta.

1842 2980 2054 3048 Signum
2092 2987 2148 3042 μὶ(
2183 2997 2364 3035 manus
2396 2982 2658 3047 Fermom,
2688 2985 2772 3052 qui
2800 2985 2931 3037 hanc
2959 2987 3151 3037 enrtnla
3191 2988 3299 3039 lieni

1773 3085 1989 3136 regave,
2036 3079 2088 3123 et
2137 3081 2348 3137 propter
2389 3071 2691 3125 inﬁrmitate
2735 3090 2826 3126 sua
2873 3077 3094 3130 menime
3144 3087 3298 3143 potue

1769 3161 2019 3211 scribere.

1842 3249 1946 3316 Ego
1975 3249 2247 3317 Culipadu
2283 3250 2539 3318 presbiter
2563 3261 2784 3319 rogatus
2826 3267 2851 3304 a
2893 3251 3079 3307 Fertne
3108 3255 3300 3308 clerico

1774 3339 1918 3390 testis
1950 3352 2022 3390 ss.

1843 3424 1951 3494 Ege
1977 3424 2202 3479 Lazarus
2229 3427 2502 3494 diaconus,
2534 3440 2584 3484 et
2608 3430 2840 3484 notarius
2872 3442 3080 3500 rogatus
3106 3435 3169 3484 ad
3196 3434 3305 3485 Fir-

1776 3529 1889 3566 mus
1917 3515 2132 3567 clericus
2165 3519 2309 3570 testis
2337 3534 2412 3572 ss.

1843 3607 1952 3674 Ego
1979 3607 2185 3661 Gisilari
2217 3620 2426 3675 rogatus
2457 3613 2520 3665 ad
2552 3612 2740 3666 Fermo
2768 3615 2960 3667 clerico
2996 3616 3140 3666 teStis
3170 3630 3244 3666 ss.

1846 3695 1952 3765 Ego
1983 3698 2231 3752 Martinus
2272 3701 2532 3768 presbiter
2561 3713 2769 3768 rogatus
2808 3705 2871 3754 ad
2902 3704 3087 3756 Fermo
3117 3706 3309 3757 clerico

1779 3787 1926 3839 testis
1950 3788 2218 3855 suscripsi,
2253 3802 2303 3844 et
2331 3791 2426 3845 hec
2455 3806 2806 3846 rememorare
2835 3793 3051 3860 previdi,
3080 3805 3133 3846 ut
3163 3799 3312 3864 quiil-

1778 3874 1898 3942 quid
1931 3876 1979 3927 in
2008 3879 2249 3929 omnibus
2275 3879 2403 3931 meis
2442 3880 2632 3946 aliquid
2664 3880 2813 3944 dedi,
2847 3891 2932 3932 aut
2960 3883 3160 3949 largiri,
3191 3899 3308 3949 per-

1777 3967 1962 4034 set-ipsi
1997 3976 2051 4020 ut
2077 3970 2250 4019 omnia
2281 3971 2328 4020 in
2357 3984 2447 4020 sua
2474 3959 2810 4035 permaneant
2839 3973 3136 4024 statilitate.

1853 4057 1956 4118 Ego
1984 4058 2068 4123 qui
2115 4072 2268 4124 supra
2319 4057 2569 4120 Gautpcrt
2615 4060 2835 4123 scriptor
2878 4045 3034 4109 huius
3075 4061 3312 4118 cartula‘,

1784 4157 1897 4213 post
1927 4161 1956 4197 a
1985 4148 2202 4198 testibus
2234 4156 2472 4200 roveiate
2499 4146 2684 4197 tradita
2713 4148 2969 4214 eontplevi
2997 4157 3044 4198 et
3076 4148 3212 4199 dedi.

1856 4237 1962 4304 Ego
1993 4234 2300 4288 Gualbertus
2349 4235 2620 4298 notarius,
2668 4244 2720 4289 et
2755 4237 2912 4302 judex
2963 4237 3095 4288 sacri
3145 4237 3315 4300 palatii

171 4329 331 4396 scripti
373 4329 671 4383 conﬁrmavi
714 4331 764 4382 in
809 4339 858 4383 te
903 4329 1201 4383 Dominicus
1229 4332 1489 4397 quendam
1518 4330 1678 4383 abbas
1711 4350 1758 4407 υ
1787 4331 2029 4396 scriptor,
2062 4332 2379 4382 autenticmn
2435 4329 2558 4381 illud
2613 4331 2735 4392 vidi,
2779 4340 2831 4383 et
2886 4331 2983 4399 legi
3037 4331 3170 4383 unde
3221 4332 3315 4382 huc

171 4421 444 4474 monasterii
468 4420 600 4474 beati
627 4418 792 4473 sancti
821 4418 1172 4473 Bartholomei
1197 4419 1529 4476 menastesie.
1554 4433 1682 4485 quas

172 4508 293 4562 bone
314 4513 552 4564 memorie
587 4512 875 4578 Austripert
906 4511 1109 4578 genitor
1136 4505 1282 4564 meus
1313 4515 1363 4563 in
1393 4514 1501 4564 suis
1526 4513 1683 4578 privi-

174 4599 505 4668 legiinemiue
551 4601 814 4655 dedicavit
857 4600 996 4655 l'oras
1041 4615 1189 4654 muro
1236 4603 1460 4656 civitatis
1491 4613 1683 4659 nostra:

173 4688 491 4751 Pistoriense,
537 4691 617 4744 vel
659 4705 743 4743 res
784 4691 909 4744 inivi
953 4692 1150 4745 ﬁrmata
1177 4700 1258 4744 set
1287 4691 1501 4745 minime
1531 4703 1684 4758 poteo

173 4778 379 4832 rartulas
403 4779 538 4848 ipsas
568 4779 782 4847 iungere
805 4778 914 4832 ﬁeri
939 4781 990 4832 in
1015 4790 1068 4834 te
1085 4782 1190 4847 jam
1222 4781 1359 4833 dicto
1387 4780 1565 4844 abbas,
1594 4796 1686 4850 per

181 4867 299 4923 hanc
334 4871 577 4922 cartulam
619 4872 874 4923 conlirtne
920 4869 1033 4937 ipso
1077 4873 1417 4937 monasterio,
1461 4872 1546 4938 qui
1595 4887 1684 4938 per

174 4960 279 5024 ipso
301 4965 526 5029 genitore
556 4977 673 5014 meo
699 4962 793 5016 fuit
820 4962 1379 5027 constructum,adque
1409 4966 1458 5015 in
1491 4963 1687 5015 honore

177 5050 364 5104 Domini
377 5061 425 5106 et
450 5051 613 5105 sancti
636 5050 772 5104 beati
801 5049 1096 5118 archangeli
1117 5049 1351 5102 Michaeli
1369 5050 1684 5113 dedicatum,

174 5139 246 5191 vel
271 5153 443 5194 omnes
466 5155 548 5194 res
568 5139 687 5194 inivi
717 5142 920 5193 ﬁrmata
943 5155 1042 5193 una
1069 5155 1185 5192 cum
1213 5153 1367 5192 omne
1395 5141 1548 5193 rebus
1573 5181 1589 5204 ,
1639 5150 1690 5193 et

176 5232 425 5296 pecuniola
445 5247 582 5298 mea,
610 5231 854 5300 quidquid
879 5231 928 5284 in
952 5220 1051 5285 ﬁne
1076 5231 1325 5285 Pacciana
1358 5247 1514 5286 avere
1551 5233 1689 5285 visus

173 5335 276 5374 sum
304 5329 400 5373 tam
425 5324 488 5377 de
509 5321 818 5390 conquisite,
838 5321 917 5374 vel
931 5322 1270 5387 ondecunque
1291 5322 1411 5373 inivi
1438 5334 1592 5373 avere
1618 5322 1690 5371 vi-

175 5411 292 5465 deor
314 5416 479 5466 omnia
503 5428 601 5466 una
623 5429 739 5467 cum
763 5413 876 5480 ipso
898 5413 1329 5477 monastet'ie,vel
1353 5428 1434 5465 res
1457 5411 1692 5478 imperti-

174 5508 341 5562 uento,
367 5513 579 5567 excepto
605 5515 723 5554 easa
742 5541 755 5564 ,
802 5510 854 5554 et
894 5500 1129 5569 portione
1158 5502 1292 5570 quod
1323 5501 1610 5554 Landuloui
1640 5509 1692 5553 et

181 5586 344 5655 Yitali,
368 5590 497 5661 quod
523 5592 860 5660 Gumpcttulo
881 5603 932 5649 et
953 5592 1153 5659 Jaculo,
1178 5594 1352 5647 omnia
1385 5595 1434 5647 in
1461 5608 1548 5647 sua
1577 5609 1693 5660 pre-

1788 4420 2052 4485 exemplar
2100 4421 2448 4487 exemplatum
2483 4429 2558 4472 est
2584 4458 2599 4486 ,
2647 4429 2698 4473 et
2737 4420 2872 4488 quod
2919 4420 3044 4474 inibi
3071 4422 3313 4485 scriptum

1787 4510 1982 4578 inveni,
2015 4509 2232 4563 ﬁdeliter
2259 4511 2573 4578 exemplati.

2515 4617 2596 4671 Vl.

1856 4691 2151 4758 Exemplar.
2193 4689 2246 4742 In
2278 4689 2489 4742 nomine
2532 4688 2732 4741 Domini
2777 4687 2860 4739 die
2889 4687 3095 4740 decimo
3138 4702 3316 4739 mense

1787 4782 1926 4835 Julio
1957 4787 2206 4846 regnante
2238 4779 2449 4830 domino
2477 4780 2664 4831 Carulo
2704 4787 2972 4843 postquam
3015 4776 3166 4843 Papia
3196 4777 3320 4827 civi—

1790 4880 1892 4922 late
1919 4869 2185 4936 ingressus
2225 4877 2303 4919 est
2346 4877 2494 4920 sexto
2543 4881 2634 4932 pro
2681 4864 2960 4918 indictione
2990 4865 3216 4917 secenda
3248 4866 3322 4916 le-

1788 4958 1954 5010 liciter
1976 4957 2170 5007 Auluns
2201 4956 2458 5020 quondam
2489 4953 2594 5005 ﬁlio
2624 4953 2883 5018 quendam
2924 4954 3126 5005 Bounti.
3192 4953 3318 5002 llum

1790 5062 1852 5100 ex
1882 5046 2115 5112 iussione
2150 5044 2311 5111 ipsius
2365 5042 2608 5108 principis
2652 5043 3031 5105 pretlestinatus
3073 5057 3241 5092 essem
3276 5042 3322 5088 in

1792 5136 2020 5202 partibus
2070 5133 2174 5186 illis
2211 5132 2574 5186 ambulandum
2604 5171 2618 5195 ,
2670 5131 2866 5199 previdi
2898 5133 2960 5182 de
2991 5131 3143 5182 rebus
3194 5133 3324 5183 meis

1787 5225 2018 5292 judicare
2045 5233 2099 5276 ut
2139 5226 2180 5276 si
2226 5237 2307 5274 me
2342 5221 2587 5272 Dominus
2626 5221 2676 5272 in
2713 5222 2846 5272 hunc
2891 5222 3041 5271 itiner
3073 5221 3323 5271 advocare

1791 5315 2029 5380 dignatus
2053 5312 2216 5375 fuere,
2247 5310 2486 5378 quatinus
2510 5309 2807 5362 Dominicus
2834 5307 2994 5358 abbas
3019 5307 3322 5359 monasterii

1793 5404 1955 5458 sancti
1984 5401 2325 5454 llartheloniei
2379 5398 2602 5451 vendere
2631 5399 2790 5452 dcvea
2828 5412 3009 5448 omnes
3045 5411 3127 5447 res
3159 5397 3327 5458 portio

1796 5508 1908 5548 mea
1939 5494 1988 5547 in
2018 5495 2269 5558 integrum
2293 5531 2306 5554 ,
2351 5499 2402 5542 et
2450 5492 2620 5543 omnia
2672 5505 2762 5554 pro
2804 5490 2973 5540 anima
3006 5504 3115 5541 mea
3145 5488 3191 5538 iu
3222 5486 3326 5537 cle-

1798 5588 1994 5642 niesina
2044 5599 2322 5653 paupeiutn
2369 5582 2430 5636 ad
2471 5585 2609 5635 iuxta
2643 5580 2916 5633 Dominum
2952 5582 3130 5632 ineliu~~
3162 5579 3294 5646 pic-vi
