3820 6236
201 362 310 414 HM

1237 356 1610 410 DIPLOMA'I'A
1662 355 1932 411 ECCLES.
1972 358 2292 414 SELECTA.

3170 371 3312 426 {£49.

192 489 309 531 mus,
337 469 463 532 quod
494 471 540 520 in
579 476 752 522 nostra
794 483 1167 523 reservatumus
1196 482 1450 538 potestate
1476 514 1489 534 ,
1525 489 1679 527 aven-
1709 468 1756 524 Α
1785 468 2030 522 firmaret.
2074 471 2190 522 Ideo
2218 485 2314 536 ego
2340 473 2576 540 indignus
2624 472 2743 527 odie
2772 476 2820 527 in
2851 475 2938 527 Dei
2968 476 3173 530 nomine
3211 479 3300 542 do,

193 564 296 611 dum
321 559 392 608 vel
431 556 712 607 iaciendum
752 557 995 623 quidquid
1038 559 1380 623 voluerimus,
1425 573 1480 614 et
1505 563 1672 618 adhuc

191 647 436 702 volumus.
479 651 530 694 et
575 657 664 708 per
709 643 957 696 cartnlam
1000 645 1369 700 confirmamus
1411 650 1461 703 in
1496 661 1544 703 te
1578 653 1677 704 iam

187 733 312 784 dicto
333 728 628 781 Damt-uicus
652 730 811 782 abbas
829 769 845 793 ,
878 731 956 784 vel
987 732 1036 783 in
1067 734 1459 790 subcessoribus
1485 740 1601 804 tuis,
1626 750 1678 793 ut

184 818 405 885 quidquid
432 818 495 869 de
541 819 832 872 hominibus
877 821 1268 882 perteuentibus
1311 825 1501 877 nostris
1527 865 1540 884 .
1587 835 1678 880 aut

183 907 243 958 de
265 904 438 955 monile
474 917 557 955 res
591 912 796 956 nostras
831 907 942 957 sine
985 906 1201 959 iudicata
1244 922 1400 960 causa
1442 921 1556 976 post
1583 913 1675 967 de-

183 1008 313 1047 resso
337 1001 506 1045 nostro
532 993 794 1046 resteterit
814 1033 829 1057 ,
871 1003 924 1048 ιιι
970 999 1142 1050 omnia
1175 1013 1266 1066 pro
1285 1001 1455 1052 anima
1487 1013 1666 1058 nostra

185 1081 448 1156 hominibus
470 1080 783 1155 liveandnm,
807 1093 859 1136 et
880 1086 1066 1138 movile
1091 1101 1177 1140 res
1203 1099 1405 1142 nostras
1437 1107 1529 1155 pro
1558 1095 1670 1146 ani-

182 1183 255 1220 ma
281 1177 442 1220 nostra
465 1169 864 1234 dispensandum
884 1213 897 1232 ,
943 1172 995 1225 in
1033 1185 1199 1228 vestra
1227 1178 1293 1229 sit
1319 1189 1572 1246 potestate
1600 1184 1678 1234 la-

181 1255 396 1309 ciendum
418 1295 432 1318 ,
471 1265 522 1307 et
549 1257 684 1308 nulla
721 1258 788 1310 sit
815 1259 1108 1314 detenentia
1133 1265 1196 1316 ad
1230 1266 1323 1320 hec
1353 1267 1662 1333 iaciendum,

183 1343 254 1394 vel
297 1357 380 1409 per
417 1346 605 1395 cartula
649 1346 856 1400 livertas
899 1350 948 1402 in
987 1352 1110 1418 ipsis
1151 1355 1440 1409 hominibus
1479 1360 1674 1412 contir-

186 1431 405 1484 mandum
449 1433 651 1500 quidem
699 1436 964 1501 volemus,
999 1447 1058 1506 _et
1108 1455 1198 1507 per
1245 1443 1374 1497 hanc
1418 1449 1666 1500 cartulam

181 1520 556 1584 conﬁrmamus,
604 1531 656 1573 ut
695 1534 877 1578 aveant
907 1524 992 1579 lilii
1021 1530 1278 1594 quondam
1310 1531 1667 1599 Maurcehioli,

181 1614 228 1658 et
253 1606 492 1660 l‘ertualdi
515 1608 565 1660 in
589 1608 746 1662 lundu
770 1611 1076 1666 lseldiniano
1099 1626 1212 1681 post
1239 1628 1470 1671 nostrum
1493 1621 1673 1675 deces-

178 1707 280 1743 sum
307 1693 366 1745 de
394 1698 525 1746 terra
552 1709 673 1748 arva
706 1696 906 1750 modico
935 1715 1066 1761 uno,
1112 1711 1161 1753 et
1189 1703 1238 1754 iu
1268 1715 1464 1759 tantum
1492 1707 1558 1762 sit
1591 1709 1671 1762 sui

179 1790 426 1832 Contentus
457 1799 469 1832 :
511 1795 630 1834 nam
660 1783 759 1835 alia
791 1786 962 1838 omnia
984 1789 1250 1853 ,_qualiter
1277 1795 1513 1859 superius
1543 1798 1671 1862 legi-
1707 1773 1748 1829 Β

183 1878 268 1926 tur,
299 1869 428 1918 omni
471 1876 703 1935 tempore
723 1872 1004 1926 stauilitum
1047 1890 1377 1944 permaneat,
1407 1892 1458 1936 et
1501 1885 1670 1937 nullus

179 1950 238 2004 de
263 1954 524 2008 heredibus
553 1971 647 2023 pro
678 1957 953 2015 heredibus
981 1965 1171 2018 nostris
1201 1976 1378 2020 contra
1412 1970 1540 2023 hanc
1561 1987 1674 2025 Car-

178 2041 320 2091 tnlam
345 2042 390 2093 in
416 2042 588 2110 aliquo
616 2047 780 2110 possit
804 2048 981 2102 inferri
1005 2053 1241 2107 molestia
1264 2095 1277 2119 ,
1304 2058 1396 2110 sed
1424 2059 1557 2111 sicut
1581 2077 1672 2114 su-

179 2141 259 2192 pra
287 2130 482 2196 legitur,
513 2134 686 2184 omnia
719 2135 768 2186 in
814 2150 904 2189 sua
952 2153 1249 2206 permaneat
1294 2148 1591 2212 stavilitatc,
1623 2161 1672 2203 et
1717 2139 1721 2144 ’

179 2228 236 2267 ne
262 2229 346 2267 nos
371 2215 458 2268 lite
479 2216 652 2272 facere
678 2221 784 2272 ullo
812 2231 1064 2292 tempore,
1087 2228 1223 2281 nolle
1249 2232 1384 2297 quod
1414 2234 1671 2298 volumus,

175 2303 257 2352 sed
274 2304 399 2366 quod
424 2305 485 2355 ad
516 2320 610 2358 nos
637 2307 801 2361 semel
833 2308 1020 2364 factum
1042 2353 1055 2377 ,
1086 2314 1164 2366 vel
1193 2319 1537 2384 conscriptum
1572 2331 1671 2384 est,

178 2387 518 2444 inviolaviliter
545 2406 856 2449 conservare
889 2405 942 2450 et
982 2399 1263 2455 subsistere
1309 2407 1575 2471 volumus,
1619 2418 1673 2463 et

177 2477 292 2527 hanc
310 2480 552 2532 cartulam
576 2482 858 2550 Gautperto
877 2490 1078 2540 notario
1105 2491 1334 2544 serivere
1359 2497 1668 2561 rogavimus.

235 2564 403 2619 Actum
441 2568 658 2624 Pistoria
705 2574 769 2625 ad
809 2588 924 2628 casa
955 2579 1252 2633 avitationis
1275 2594 1448 2636 nostra
1479 2586 1532 2637 in
1558 2600 1672 2652 pre-

173 2651 294 2741 dicto
330 2655 438 2709 loco
483 2659 666 2726 Croci,
700 2677 880 2731 regno,
921 2673 975 2720 et
1012 2667 1290 2725 indictione
1322 2651 1667 2741 suprascripta

172 2736 384 2796 feliciter.

233 2827 327 2894 Ego
353 2829 639 2908 Tenderam
671 2839 930 2901 notarius,
971 2842 1056 2908 qui
1087 2842 1218 2894 hanc
1246 2846 1495 2898 cartalam
1521 2847 1666 2900 ordi-

172 2916 380 2981 nationis,
396 2929 446 2971 et
467 2916 870 2979 conﬁrmationis
891 2943 1042 2983 manu
1065 2944 1231 2986 mess.
1263 2943 1315 2986 et
1334 2935 1442 2987 lieri
1473 2934 1664 3003 rogavi.

227 3002 322 3069 Ego
351 3004 554 3061 Gisilari
610 3022 818 3078 rogatus
855 3030 883 3066 a
923 3016 1211 3084 Teuperto,
1253 3030 1305 3074 et
1343 3002 1666 3078 Teuderamo

171 3090 292 3143 testis
314 3105 383 3144 ss.

227 3178 322 3244 Ego
356 3179 492 3234 Fuso
535 3195 745 3252 rogatus
773 3200 802 3239 a
829 3188 1108 3257 Tecperto,
1138 3203 1193 3246 et
1233 3194 1554 3253 Teuderamo
1583 3203 1664 3254 te-

165 3276 240 3318 ιιις
257 3282 325 3320 85.

226 3354 320 3420 Ego
361 3356 653 3412 Austrit‘ons
697 3363 916 3417 clericus
958 3377 1172 3436 rogatus
1211 3384 1240 3422 a
1288 3370 1578 3440 Teuperto,
1611 3385 1664 3428 et

163 3437 459 3497 Teuderamo
491 3449 695 3501 netario
723 3454 868 3503 testis
896 3467 969 3505 ss.

224 3529 318 3597 Ego
356 3530 608 3585 Johannis
659 3537 914 3600 presbiter
962 3550 1172 3624 rogatus
1215 3557 1242 3595 a
1285 3545 1563 3614 Teupcrto,
1609 3560 1663 3604 et

164 3614 459 3670 Tenderamo
486 3622 666 3674 clerici
699 3624 842 3678 testis
870 3640 943 3679 ss.

221 3703 313 3771 Ego
357 3709 640 3760 Avuondus
689 3711 936 3767 diaconus
975 3727 1182 3783 rogatus
1212 3719 1574 3789 a'l'euderam,
1604 3735 1657 3779 et

161 3787 391 3856 Teuperto
417 3795 580 3848 Barba
613 3807 665 3848 et
687 3811 870 3865 nepote
903 3805 1050 3856 testis
1078 3819 1152 3862 ss.

223 3875 316 3942 Ego
341 3879 422 3945 qui
471 3895 627 3946 supra
675 3885 960 3952 Gantperto
1001 3892 1225 3956 scriptor
1271 3894 1423 3947 huius
1461 3900 1654 3952 cartule

165 3973 308 4027 posta
336 3968 548 4020 testibus
576 3980 812 4025 revorata
832 4012 847 4037 ,
880 3976 1064 4028 tradita
1094 3981 1346 4047 complevi
1373 3993 1422 4034 et
1447 3984 1588 4036 dedi.

835 4062 964 4116 VIII.

217 4137 490 4206 Etemplar.
535 4144 590 4196 in
623 4145 832 4201 nomine
867 4149 1066 4204 Domini
1101 4154 1184 4207 die
1223 4157 1444 4221 septimo
1473 4173 1650 4210 mense

159 4223 313 4290 Magio,
338 4242 472 4280 anno
499 4231 643 4296 regni
673 4233 877 4288 domini
908 4238 1081 4290 Garuli
1101 4279 1114 4300 ,
1154 4253 1419 4308 postquam
1444 4247 1650 4299 civitate

159 4311 288 4378 Papia
311 4315 569 4384 ingressus
599 4329 678 4372 est
701 4359 717 4384 ,
762 4322 985 4388 decimo,
1016 4337 1068 4379 et
1094 4327 1285 4381 domno
1331 4331 1508 4398 Pipino
1539 4335 1646 4385 lilio

155 4403 247 4454 eius
270 4415 399 4455 anno
431 4409 601 4469 tertio,
628 4408 906 4464 indictione
937 4415 1154 4479 septima
1189 4417 1423 4472 feliciter.
1487 4422 1648 4473 Mani-

154 4485 295 4570 lestus
319 4505 428 4543 sum
452 4506 546 4559 ego
579 4493 734 4548 Falco
759 4498 950 4551 clerico
977 4501 1084 4554 lilio
1115 4505 1373 4570 quondam
1406 4506 1642 4562 Falcual-

153 4569 194 4662 di
217 4613 230 4634 ,
266 4589 325 4629 eo
348 4581 480 4643 quod
509 4589 628 4632 ante
666 4596 725 4633 0s
763 4586 1012 4649 plurimos
1039 4569 1204 4642 annos
1233 4592 1634 4662 obbiigationem

153 4654 267 4711 facta
298 4664 444 4718 habui
477 4682 574 4720 una
611 4684 728 4721 eum
753 4673 1012 4729 Amicastu
1039 4677 1266 4732 barbanu
1306 4654 1442 4746 meo,
1473 4694 1529 4735 ut
1557 4700 1647 4751 per

155 4745 275 4800 nullo
294 4760 577 4818 argumenti
607 4756 846 4826 ingenio,
879 4775 970 4814 nec
995 4775 1120 4830 ego,
1150 4781 1243 4819 nec
1265 4770 1392 4822 meis
1424 4771 1643 4824 heredi-

153 4832 228 4922 bus
253 4837 358 4892 sine
381 4842 635 4907 premisso
671 4846 814 4910 eius,
849 4849 928 4902 vel
959 4851 1022 4904 de
1047 4852 1206 4917 ipsius
1234 4857 1537 4922 heredibus,
1567 4861 1638 4915 de

152 4921 282 4975 rebus
319 4929 505 4980 nostris
547 4929 782 4986 alienare
827 4943 916 4988 aut
961 4938 1190 5006 obligare
1230 4943 1562 5007 deveremus,
1591 4956 1646 5000 et

152 5005 257 5060 dum
277 5010 379 5077 ipsa
409 5015 738 5084 obligatione,
767 5036 857 5074 seu
885 5023 1051 5091 dotis,
1083 5005 1210 5093 quas
1237 5029 1345 5094 ipse
1373 5005 1639 5087 Amicastu

150 5096 256 5151 fecit
276 5100 322 5153 in
344 5104 562 5183 ecclesia
588 5109 726 5162 beati
755 5113 916 5168 sancti
956 5114 1161 5183 Georgii
1187 5157 1201 5178 ,
1237 5120 1284 5172 iu
1316 5130 1398 5173 tua
1429 5123 1628 5180 Dome-

151 5182 246 5237 nico
270 5187 420 5242 abbas
453 5180 757 5249 monasterii
786 5199 946 5249 sancti
979 5180 1324 5258 Βπιίιυιοηιρὶ
1355 5209 1632 5266 devenisse

151 5279 389 5362 potestate,
415 5289 466 5332 et
490 5280 841 5340 dominatione
865 5291 1186 5342 consideravi
1208 5332 1220 5353 ,
1263 5298 1377 5362 quia
1413 5299 1462 5351 in
1494 5304 1640 5356 nullo

148 5355 232 5454 alio
260 5373 456 5424 possunt
487 5368 680 5436 aliquid
710 5371 776 5426 de
805 5376 956 5429 rebus
985 5379 1111 5430 meis
1139 5355 1294 5444 dare;
1315 5385 1406 5432 ιιίκὶ
1443 5387 1492 5437 in
1526 5390 1636 5454 ipsa

147 5446 340 5501 ecclesia
363 5452 640 5510 beatissimi
671 5463 832 5513 sancti
859 5463 1095 5532 Georgii,
1126 5470 1207 5521 ubi
1232 5446 1626 5537 prenonnnaius

152 5531 382 5590 Aluit-astu
410 5542 568 5598 fuerat
597 5551 961 5622 conﬁrmatus,
989 5531 1040 5610 et
1068 5560 1219 5613 rebus
1243 5564 1345 5616 suis
1377 5578 1465 5630 per
1489 5565 1626 5620 dotis

1786 555 1941 615 dnuo,
1973 558 2138 620 trado,
2162 556 2323 610 oﬂ‘ero
2345 560 2393 610 in
2425 561 2588 626 ipsum
2616 572 2850 614 sanctum
2877 571 2929 615 et
2957 565 3299 619 veneravileut

1788 643 1958 696 locum
1986 660 2189 697 omnem
2219 646 2476 699 modicam
2507 649 2660 701 rebus
2688 664 2828 702 ineas
2854 689 2868 709 .
2901 651 3149 717 quidquid
3173 669 3309 706 nunc

1787 733 2009 795 presenti
2055 733 2139 785 die
2184 747 2340 786 avere
2381 733 2515 787 visus
2560 751 2673 788 sum
2709 747 2811 789 tam
2856 752 2973 790 casa
3013 741 3311 794 avitationis

1783 833 1917 882 mea,
1948 834 2048 886 qne
2075 831 2157 874 est
2177 836 2295 890 erga
2319 821 2478 875 lluvio
2509 823 2786 886 Umbrone,
2815 827 2982 892 vinea,
3018 835 3173 892 terra,
3196 844 3316 896 pra-

1784 907 1848 959 tis
1867 948 1880 971 ,
1911 911 2141 976 pascuis,
2169 913 2342 978 silvis,
2369 914 2609 978 selectis,
2660 916 2970 980 sationibus,
3013 917 3300 992 pomiferis,

1784 997 2060 1051 iruetiferis
2107 1009 2158 1052 et
2202 1001 2559 1067 infructileris,
2597 1004 2795 1058 cultum
2838 1017 2992 1072 atque
3027 1007 3290 1074 incultum,

1783 1085 1954 1137 omnia
1980 1086 2221 1153 quicquid
2242 1101 2402 1141 avere
2431 1090 2598 1143 vissus
2621 1105 2734 1144 sum
2755 1133 2769 1156 ,
2802 1095 2850 1146 in
2881 1095 3046 1160 ipsum
3069 1086 3298 1151 sanctum

1782 1172 1949 1223 locum
1973 1173 2168 1237 oilerri,
2194 1175 2487 1229 condonare
2513 1168 2729 1243 previdi,
2761 1193 2861 1232 una
2882 1195 3000 1233 cum
3026 1182 3295 1235 dilectissi.

1779 1261 1846 1309 mi
1877 1258 2121 1325 Gisilari,
2141 1271 2191 1312 et
2217 1261 2525 1326 Castiprand
2556 1263 2644 1315 lilii
2674 1268 2775 1318 mei
2805 1264 2891 1332 qui
2917 1280 3013 1334 sup
3045 1275 3301 1334 potestate

1779 1358 1974 1399 sancta:
2017 1349 2206 1415 regula:
2248 1359 2298 1401 et
2338 1358 2455 1404 tuae
2483 1352 2855 1420 dominationi,
2897 1358 2983 1423 qui
3012 1371 3169 1424 supra
3196 1358 3302 1410 Do-

1779 1435 1980 1488 menico
2007 1437 2176 1488 abbati
2206 1476 2220 1500 ,
2253 1437 2303 1488 in
2331 1437 2438 1504 ipsa
2467 1449 2643 1492 sancta
2673 1443 2891 1495 ecclesia
2923 1453 2975 1496 et
3004 1446 3304 1501 monasterii

1779 1524 1913 1576 beati
1942 1527 2104 1578 sancti
2151 1525 2498 1579 Bartholomei
2536 1530 2585 1580 in
2622 1528 2759 1588 avitu
2803 1531 3197 1595 monachorum,
3228 1536 3304 1587 vi-

1781 1625 1922 1674 vere,
1949 1621 2003 1662 et
2027 1611 2290 1666 deservire
2313 1611 2527 1676 deveat,
2573 1616 2706 1669 sicut
2731 1628 2910 1670 sancta
2937 1620 3184 1672 convenit
3216 1635 3302 1675 re-

1777 1699 1892 1764 gula
1923 1738 1938 1762 ,
1973 1699 2023 1749 in
2069 1699 2203 1765 palla
2232 1701 2398 1753 altarii
2427 1702 2601 1754 olTerri
2645 1704 2840 1768 providi
2873 1706 2968 1770 ipsi
2999 1706 3087 1759 lilii
3113 1708 3212 1762 mei
3247 1709 3298 1762 in

1777 1787 1940 1851 ipsum
1970 1795 2206 1840 sanctum
2236 1790 2510 1842 cenubium
2541 1792 2840 1843 monasterii
2884 1795 3049 1846 sancti
3077 1794 3295 1847 Bartho-

1778 1872 1988 1936 lomaei,
2021 1882 2076 1925 ut
2098 1873 2223 1926 inibi
2251 1873 2435 1929 diebus
2463 1876 2570 1928 suis
2595 1877 2894 1930 monachica
2918 1878 3100 1938 deteat
3125 1882 3300 1935 vivere
3378 1889 3383 1894 ‘

1776 1962 1900 2022 vita.
1930 1975 2030 2027 sup
2059 1972 2315 2028 potestate
2342 1973 2532 2030 vestra,
2564 1965 2753 2019 domno
2786 1969 3061 2022 Domenico
3094 1971 3300 2036 abbate,

1776 2051 1856 2104 vel
1887 2053 2070 2105 vestris
2095 2055 2485 2106 success-aribus
2508 2095 2520 2116 ,
2563 2065 2617 2107 ut
2644 2071 2734 2122 per
2765 2069 2933 2111 vestra
2963 2061 3298 2127 preceptione

1775 2139 2060 2193 secundum
2113 2141 2235 2204 Deo,
2286 2151 2337 2194 et
2371 2153 2547 2195 sancta
2583 2145 2755 2209 regula
2785 2147 2957 2200 vivere
2995 2157 3047 2200 et
3080 2147 3298 2202 Domino

1773 2228 2076 2291 deservire,
2128 2242 2220 2293 per
2270 2229 2404 2294 ipsas
2450 2232 2649 2283 modica
2699 2247 2782 2283 res
2825 2248 2936 2287 mea
2965 2243 3070 2287 tam
3111 2237 3299 2291 movile

1773 2329 1926 2381 quam
1954 2321 2005 2367 et
2036 2314 2301 2378 inmovile,
2325 2317 2496 2369 omnia
2522 2317 2572 2370 in
2601 2317 2764 2383 ipsum
2795 2329 3032 2374 sanctum
3058 2332 3109 2375 et
3137 2338 3298 2378 vene-

1779 2399 1994 2454 ravilem
2019 2401 2188 2456 locum
2211 2402 2384 2456 oil'erri
2406 2413 2458 2456 et
2476 2405 2770 2460 condonare
2796 2409 3018 2474 providi,
3040 2418 3096 2463 ut
3121 2413 3292 2465 omnia

1773 2486 1826 2540 in
1856 2496 1961 2548 tua,
1992 2487 2082 2554 qui
2111 2501 2301 2556 supra,
2336 2490 2614 2544 Domenico
2655 2496 2857 2558 abbati,
2894 2499 2970 2549 vel
2996 2497 3061 2552 de
3085 2513 3296 2554 succes-

1771 2576 1975 2630 aeribus
2015 2578 2122 2631 suis
2151 2616 2166 2643 ,
2208 2577 2278 2631 sit
2317 2586 2578 2646 potestate
2606 2583 2890 2648 avettdum,
2928 2585 3296 2664 ordinandum,

1770 2664 1992 2731 qualiter
2034 2665 2176 2718 iuxta
2221 2667 2383 2720 Deum
2427 2676 2479 2720 et
2524 2679 2700 2722 sancta
2747 2673 2921 2740 regula
2968 2674 3118 2728 nobis
3160 2675 3300 2728 bono

1770 2754 1943 2808 animo
1987 2754 2142 2809 fuerit
2183 2757 2466 2811 stabilitum
2493 2798 2508 2822 ,
2557 2770 2892 2827 permaneat,
2937 2764 3070 2816 sicut
3097 2777 3149 2817 et
3193 2765 3295 2817 iant

1770 2851 1890 2896 ante
1935 2857 1994 2898 os
2023 2859 2188 2898 annos
2233 2845 2322 2898 tibi
2370 2845 2651 2900 Domenico
2691 2848 2862 2901 abbati
2916 2850 2996 2902 vel
3046 2851 3296 2920 in,ipsum

1769 2941 2002 2984 sanctum
2034 2934 2350 2987 monasterio
2373 2933 2504 2986 beati
2530 2939 2692 2988 sancti
2721 2938 3030 2992 Bartolomei
3067 2955 3160 3006 per
3182 2956 3298 2994 cat-

1719 3011 1737 3089 ς
1773 3018 1836 3069 tis
1864 3019 2228 3072 voluminatam
2255 3020 2432 3084 dotes,
2465 3036 2617 3090 quam
2645 3034 2694 3076 et
2721 3025 2818 3077 alia
2849 3027 3128 3080 rnonimina
3160 3029 3298 3082 facta

1767 3109 1816 3160 in
1857 3119 2035 3162 sancto
2080 3109 2321 3179 Georgio,
2372 3112 2569 3165 tradedi
2614 3124 2768 3182 atque
2815 3116 2970 3178 dedi,
3021 3128 3076 3169 ut
3117 3125 3298 3174 omnia

1764 3195 1899 3248 iuxta
1924 3196 2019 3262 ipsi
2046 3197 2190 3262 doti,
2240 3213 2367 3265 quas
2395 3199 2516 3252 iuivi
2550 3203 2850 3268 parentibus
2879 3206 3027 3268 meis,
3061 3206 3144 3259 vel
3182 3208 3296 3274 ipse

1763 3283 2022 3334 Amicastu
2073 3283 2194 3337 iacti
2237 3285 2559 3350 habuerunt,
2602 3302 2693 3354 per
2743 3300 2911 3343 vestra
2942 3294 3296 3362 ordinatione,

1763 3379 1814 3421 et
1840 3379 2017 3421 saneta
2041 3373 2446 3438 congregatione
2474 3374 2623 3427 huius
2649 3366 2950 3433 monasterii
2976 3383 3140 3436 sancti
3165 3383 3294 3436 Bar-

1764 3458 1972 3525 tolomei
1999 3468 2137 3511 esset
2162 3461 2455 3514 ordinatum
2476 3502 2490 3528 ,
2528 3465 2640 3531 Ipsa
2666 3467 2885 3520 ecclesia
2931 3470 3095 3523 sancti
3122 3471 3287 3524 Geor-

1761 3547 1828 3612 εει
1849 3547 1989 3599 omni
2018 3556 2252 3614 tempore
2291 3550 2572 3603 stabilitum
2619 3565 2936 3620 permaneat,
2965 3567 3016 3610 et
3042 3558 3284 3612 Arundus

1760 3633 2008 3685 diaconus
2034 3637 2260 3689 scrivere
2281 3639 2477 3704 rogavi.

1827 3723 1956 3778 Actu
1985 3723 2048 3776 ad
2084 3717 2343 3779 Umbrone
2364 3767 2380 3791 ,
2427 3743 2547 3780 casa
2575 3729 2870 3786 avitatioms
2904 3747 3040 3800 mea,
3065 3749 3280 3804 regnum

1757 3822 1810 3865 et
1833 3812 2115 3868 indictione
2138 3817 2487 3883 suprascripta
2519 3821 2756 3875 leliciter.

1825 3921 2035 3987 Signum
2069 3928 2125 3982 ιῙι
2161 3937 2340 3976 manus
2384 3925 2591 3979 Falconi
2622 3929 2830 3994 clerico,
2869 3930 2954 3998 qui
2996 3933 3128 3985 hanc
3168 3949 3283 3987 caro

1757 4008 1914 4059 tulam
1945 4008 2055 4062 ﬁeri
2083 4024 2273 4078 rogave
2294 4051 2307 4074 ,
2339 4023 2391 4065 et
2423 4029 2614 4068 nomen
2645 4030 2794 4070 suum
2826 4027 2879 4070 et
2905 4020 3110 4088 signum
3139 4023 3281 4076 cruci

1755 4096 1992 4149 manibus
2018 4102 2122 4151 suis
2153 4097 2283 4163 fece,
2313 4112 2365 4154 et
2393 4104 2466 4155 eis
2493 4102 2685 4158 reiecta
2714 4109 3036 4175 complacue.

1827 4201 2124 4270 EtSignum
2169 4220 2350 4260 manus
2399 4207 2618 4275 Altipert
2657 4209 2763 4263 [ilio
2810 4213 3069 4279 quondam
3108 4214 3278 4271 Fratri

1756 4300 1961 4354 rogatus
1993 4291 2158 4344 testis.

1681 4369 1728 4426 Ῑ)
1815 4394 2027 4463 Signum
2063 4404 2116 4457 rh
2151 4413 2330 4451 manus
2375 4399 2617 4455 Pranduli
2661 4403 2769 4457 lilio
2790 4408 3051 4472 quondam
3081 4408 3278 4464 Finan-

1750 4484 1800 4536 di
1837 4484 2002 4536 testis.

1815 4571 2025 4638 Signum
2055 4577 2110 4632 >14
2145 4588 2325 4627 manus
2373 4577 2613 4632 Pranduli
2657 4581 2761 4634 tilio
2808 4586 3069 4651 quondam
3121 4590 3270 4644 Bauti

1749 4668 1957 4725 rogatus
1988 4663 2152 4715 testis.

1814 4771 2025 4836 Signum
2063 4777 2118 4832 ιθ
2164 4789 2342 4826 manus
2384 4775 2551 4829 Fusoli
2597 4777 2701 4831 filio
2744 4783 3002 4848 quondam
3051 4785 3265 4843 Ihutoni

1747 4870 1952 4926 rogatus
1982 4862 2151 4914 testis.

1811 4946 2023 5014 Signum
2052 4953 2107 5008 »Β
2136 4947 2363 5000 Adunlld
2397 4951 2500 5003 lilio
2532 4953 2790 5020 quondam
2827 4956 3046 5024 Achiput
3091 4962 3254 5029 (Σορρὶ

1746 5047 1952 5102 rogatus
1976 5043 2144 5090 testis.

1811 5128 2107 5199 Signunpxs
2139 5144 2319 5183 manus
2364 5133 2587 5186 Gloriosi
2633 5134 2699 5188 de
2737 5134 2996 5193 Cucciano
3043 5153 3251 5208 rogatus

1745 5218 1904 5267 testis.

1811 5305 1913 5369 Eg-
1941 5302 2234 5356 Guilleradu
2278 5305 2465 5358 clerico
2510 5319 2712 5375 rogatus
2756 5313 2821 5366 ad
2869 5315 3021 5369 Falco
3064 5318 3260 5374 clerico

1742 5393 1883 5440 testis
1910 5393 2175 5456 suscripsi.

1810 5477 1912 5544 ligo
1942 5480 2025 5542 qui
2073 5493 2224 5546 supra
2273 5481 2515 5534 Avuudus
2556 5487 2777 5553 scriptor
2806 5501 2921 5558 post
2961 5483 3256 5554 a'testibtts

1741 5566 1983 5620 roborata
2011 5569 2194 5623 tradita
2221 5571 2470 5636 complevi
2496 5585 2546 5628 et
2577 5576 2713 5629 dedi.
