3820 6236
158 190 242 245 13

164 297 502 352 Justinianus
530 308 716 348 novam
747 293 972 362 Operum
997 279 1016 311 δ

155 388 558 450 ("qualescunque
597 383 808 436 demum
853 383 919 435 ad
960 382 990 434 il
1019 423 2608 479 Μ

151 490 228 527 ac
286 476 492 535 fructus,
542 481 601 524 ut
649 487 803 540 supra
856 473 972 526 innt‘

154 579 173 582 Α
213 569 230 582 ι
291 568 421 582 |-.._,
463 579 478 582 _
536 562 751 582 Δγ-ἒμ.--
807 557 975 582 2----ιλ

146 563 1594 736 ἒὲιιέἐέἒῑῖπξῑεδζὲίὲξῖῖεέἓξῗῗ,ῖΡΙδΤΟιΑ
1672 615 2564 723 DEDICATORIA.

149 745 323 810 cujus
371 741 429 792 ad
485 740 756 792 ἀίω-θείω
813 743 910 806 per

163 841 513 887 monumenta
547 831 624 896 (ut
656 828 898 896 ejusdem

359 935 403 970 ρ.
435 930 485 970 ιιι
515 919 707 970 laboris
733 919 834 970 tnci

359 935 383 968 ρ
471 920 557 969 lla
603 920 707 968 oris
733 919 834 970 tnci

149 921 418 1060 ratifounnem
435 919 690 1071 ualiqluatn
719 1048 732 1067 ,
781 929 894 1057 ace'
943 994 1086 1045 “sima
1133 995 1338 1047 domino
1381 993 1446 1047 ι).
1507 994 1722 1050 Nicolao
1767 997 1986 1051 Antonio
2031 997 2312 1050 Justiniani
2357 997 2766 1054 esBenedictino
2816 996 3077 1052 Casinensi
3130 1003 3393 1064 monacho,

150 1108 373 1160 ponam,
418 1092 735 1146 Broweriaui
781 1094 899 1159 qm.
937 1085 1171 1149 'atavino,
1202 1082 1428 1138 Michael
1457 1085 1678 1155 Angelus
1708 1085 1867 1140 Luchi
1893 1087 2117 1156 ejusdem
2137 1085 2379 1140 .sodalitii
2407 1086 2682 1140 monachus
2709 1085 2769 1140 S.
2801 1084 2866 1139 P.
2899 1085 2965 1140 ο.

149 1182 277 1237 Ῑίοδ
321 1199 440 1238 8³06
481 1197 572 1249 Per
601 1197 682 1234 me
716 1182 787 1234 Cl.
818 1164 894 1232 Vi:
929 1198 1052 1261 nini,
1086 1198 1270 1265 prwsul
1301 1197 1640 1251 lllustrissime
1660 1213 1721 1250 ac
1765 1197 2192 1262 reverendissime,
2239 1197 2334 1251 Itoc
2360 1197 2522 1267 operis
2548 1195 2815 1250 debebatur
2835 1212 2855 1248 :
2881 1199 3017 1266 quod
3043 1200 3088 1250 si
3131 1216 3263 1252 nunc
3290 1218 3398 1270 pu-

147 1273 394 1335 omnium
432 1271 481 1322 ili
519 1269 878 1338 ignoratione"
925 1287 966 1339 ’si
995 1304 1200 1353 prorsus
1227 1298 1484 1356 acceptum
1506 1295 1578 1340 οη
1601 1303 1655 1340 γε

1889 1303 1938 1340 n.
1967 1285 2047 1340 Tu
2067 1288 2202 1340 enim
2224 1285 2362 1340 illius
2385 1299 2500 1338 cum
2525 1284 2855 1354 aggrediendi
2877 1293 2924 1338 et
2951 1285 3226 1340 inchoandi
3276 1269 3397 1344 mihi

174 1359 382 1437 auctor,
406 1358 520 1427 ii!"
543 1397 556 1413 ~
589 1357 843 1448 Prm“‘er_i
883 1394 910 1424 οι
943 1378 1348 1446 perﬁciendoque
1376 1378 1581 1448 adjutor
1608 1386 1653 1430 et
1684 1393 1875 1444 auspex
1901 1377 2040 1431 omni
2066 1387 2288 1445 tempore
2311 1375 2548 1429 exstitisti
2580 1389 2599 1428 .'
2621 1389 2722 1427 non
2751 1374 2914 1427 solum
2943 1390 3113 1427 curam
3136 1384 3183 1428 et
3211 1379 3398 1432 sollici-
3503 1438 3506 1440 γ

176 1465 415 1516 tudinem
445 1444 826 1534 impendentia;
875 1490 904 1518 -ι
933 1468 1080 1521 etiam
1104 1444 1690 1538 suppeditans'sumptus
1727 1467 2048 1521 necessarios.
2081 1444 2434 1530 Quamobrem,
2465 1464 2556 1517 etsi
2589 1463 2731 1516 nulla
2754 1463 2862 1515 alia
2898 1464 3026 1532 forte
3062 1474 3187 1519 esset
3239 1483 3393 1523 causa

173 1555 247 1603 ob
275 1569 424 1617 quam
455 1562 540 1605 tuo
563 1555 751 1608 nomini
775 1542 850 1608 ἰὰ·
879 1572 1016 1610 meus
1044 1583 1079 1609 ι.
1102 1557 1181 1610 far
1207 1566 1602 1627 nuncuparetur,
1632 1556 1753 1609 satis
1780 1556 1872 1610 illa
1901 1572 2002 1608 una
2045 1555 2304 1618 omnibus,
2351 1552 2528 1606 saltem
2570 1553 2728 1622 cquis
2759 1567 2924 1605 rerum
2972 1555 3354 1610 estimatoribus
3375 1597 3390 1622 ,

169 1639 321 1707 iusta
344 1649 389 1691 et
418 1653 747 1695 consentanea
772 1645 819 1694 vi
859 1653 1041 1696 eretur.
1091 1638 1220 1698 Cum
1245 1655 1415 1699 autem
1444 1646 1616 1699 eodem
1643 1645 1853 1697 accedat
1883 1653 1938 1696 ut
1968 1653 2072 1696 tam
2096 1643 2316 1713 insignia
2347 1650 2548 1709 tamque
2577 1639 2796 1692 illustria
2831 1651 3123 1694 ornamenta
3169 1645 3270 1696 sive
3310 1646 3391 1713 fa—

169 1727 341 1780 milia
367 1737 414 1779 et
441 1729 666 1797 generis,
706 1729 807 1783 sive
837 1733 1020 1786 aradus
1047 1741 1093 1785 et
1122 1733 1385 1802 dignitatis
1409 1775 1423 1798 ,
1466 1735 1567 1787 sive
1595 1735 1749 1786 animi
1779 1742 1826 1787 et
1875 1734 2100 1802 ingenii,
2154 1733 2221 1786 ad
2256 1741 2302 1785 te
2335 1729 2758 1784 cohonestandum
2800 1729 3236 1802 extollendumque
3263 1736 3391 1786 mira

169 1817 508 1870 consensione
547 1819 964 1886 conspiraverint,
995 1829 1183 1889 quanta
1211 1822 1412 1890 difﬁcile
1447 1825 1498 1875 in
1534 1824 1642 1876 ullo
1684 1825 1786 1876 alio
1826 1823 2028 1877 homine
2069 1824 2287 1894 reperire
2311 1823 2420 1890 quis
2469 1821 2644 1888 possit,
2684 1822 2760 1874 vel
2801 1823 3078 1889 optandum
3119 1823 3241 1876 mihi
3297 1827 3395 1894 fuit

167 1921 498 1976 stititmopere
524 1917 576 1959 ut
600 1909 839 1974 auspiciis
863 1910 958 1962 tuis
987 1918 1032 1963 st
1085 1912 1364 1979 patrocinio
1408 1912 1504 1966 hoc
1526 1912 1869 1982 qualecunque
1900 1929 2027 1982 Opus
2055 1927 2220 1965 meum
2250 1921 2295 1964 et
2324 1911 2469 1963 labor
2495 1911 2835 1964 decoraretur.
2868 1912 2940 1963 Ac
2982 1927 3100 1966 sane
3135 1913 3179 1966 si
3205 1931 3388 1984 genus,

164 2007 219 2046 et
246 1997 515 2063 familiam,
542 2015 572 2050 a
597 2014 694 2067 qua
723 2008 861 2052 ortus
881 2016 953 2063 es,
984 2011 1206 2068 spectare
1231 2001 1396 2064 velim,
1426 2002 1533 2068 Ιιωε
1562 2003 1692 2054 inter
1728 2001 1943 2054 Venetas
1971 2003 2212 2068 patricias
2259 2001 2432 2051 domos
2457 2000 2812 2062 vetustissima,
2852 2009 2898 2051 et
2946 2001 3255 2054 nobilissima
3295 2021 3392 2056 nu-

163 2097 423 2152 sacratur,
454 2105 485 2140 a
514 2104 612 2158 qua
638 2096 684 2142 et
711 2089 994 2156 reipublira:
1021 2091 1251 2160 gerendis
1274 2088 2024 2160 gravissimisapientissimique
2050 2087 2388 2138 moderatores
2416 2077 2560 2137 omni
2580 2096 2799 2152 tempore
2819 2086 2927 2138 dati
2948 2097 3087 2152 sunt;
3113 2097 3162 2142 et
3210 2089 3386 2146 Eccle-

163 2177 266 2228 siis
299 2176 715 2230 administrandis
743 2179 854 2230 navi
884 2187 930 2230 et
956 2179 1190 2230 industrii
1218 2179 1475 2245 prtesules;
1500 2186 1546 2231 et
1569 2176 1691 2230 caelo
1722 2178 1889 2242 plures
1917 2176 2091 2227 heroes
2115 2175 2241 2239 nati,
2267 2173 2466 2243 egregia
2491 2174 2693 2240 pietate,
2723 2182 2772 2225 et
2800 2173 3037 2243 religione
3089 2181 3369 2246 conspicui.

164 2267 235 2320 Si
262 2283 381 2321 vero
411 2270 701 2340 dignitatem
737 2279 874 2322 tuam
899 2279 944 2322 et
977 2270 1144 2324 locum
1188 2271 1498 2324 considerem
1520 2309 1537 2334 ,
1581 2270 1660 2322 illi
1685 2284 1838 2336 praees
1865 2267 2102 2320 Ecclesia
2126 2281 2239 2335 qua:
2283 2268 2454 2319 merito
2485 2276 2557 2319 tot
2606 2265 2720 2318 aliis
2759 2266 3024 2332 splendore
3047 2306 3062 2330 ,
3105 2278 3377 2336 vetustate,

160 2366 436 2423 pastorum
459 2359 610 2422 serie,
633 2359 829 2417 uirtute.
858 2364 1080 2421 numero,
1111 2361 1571 2430 prwrogativisque,
1602 2359 1795 2414 caeteris
1820 2357 2055 2431 prclucet
2078 2366 2125 2410 et
2147 2357 2423 2419 antecellit,
2455 2365 2506 2408 ut
2531 2356 2741 2426 proinde
2778 2372 2890 2409 eam
2914 2357 3204 2425 dignitatem
3223 2401 3236 2424 ,
3271 2377 3382 2429 qua:

160 2444 246 2494 uel
279 2447 398 2498 aliis
426 2447 664 2501 Ecclesia:
694 2449 1025 2518 principibus,
1055 2451 1156 2504 sive
1186 2450 1472 2518 pastoribus
1501 2449 1778 2502 communis
1802 2459 1955 2500 tecum
1977 2456 2070 2510 est,
2100 2445 2239 2500 illius
2259 2463 2408 2515 quam
2431 2455 2566 2500 lenes
2589 2447 2721 2500 sedis
2747 2447 3031 2515 autplitudo
3072 2450 3382 2518 splendidio-

159 2547 282 2584 rem
317 2533 369 2586 in
395 2545 442 2586 te
471 2537 628 2603 faciat
669 2539 1036 2604 quodammodo
1062 2579 1075 2603 ,
1122 2551 1274 2609 atque
1307 2540 1668 2608 augustiorem.
1692 2536 1955 2591 Postremo
1981 2537 2139 2589 animi
2167 2538 2272 2600 tui,
2314 2546 2361 2588 et
2392 2537 2581 2604 ingenii
2611 2545 2904 2590 ornamenta
2939 2553 3052 2590 cum
3095 2540 3217 2593 editi
3260 2558 3292 2594 a
3340 2551 3388 2601 te

162 2621 334 2686 libri,
400 2624 539 2676 omni
580 2624 861 2678 liberaliore
911 2627 1180 2694 disciplina
1223 2628 1435 2695 referti,
1488 2636 1532 2679 et
1583 2625 1834 2678 industria
1889 2627 2158 2693 perpoliti,
2219 2635 2319 2677 tum
2369 2626 2614 2688 imprimis
2658 2627 2708 2678 in
2760 2615 2985 2680 Ecclesia
3027 2638 3114 2680 tua
3164 2633 3383 2700 regenda

163 2713 528 2781 pascendoque
550 2729 698 2783 grege
725 2715 1036 2777 sollicitudo,
1061 2717 1344 2785 diligentia,
1374 2717 1427 2768 in
1449 2731 1688 2784 pauperes
1712 2716 2006 2778 liberalitas,
2037 2725 2082 2767 et
2098 2715 2150 2767 in
2170 2714 2478 2782 amplissimo
2498 2713 2808 2767 xenodochio
2827 2715 3025 2768 Patavii
3068 2722 3377 2773 exstruendo

168 2797 397 2855 stuah‘um
437 2812 482 2855 et
520 2805 882 2872 munificentia,
933 2807 1056 2859 satis
1087 2807 1297 2874 probant
1319 2816 1366 2861 et
1394 2807 1673 2860 ostendunt.
1724 2806 1848 2872 Quae
1879 2807 2104 2873 profecto
2152 2806 2352 2874 singula
2398 2805 2654 2870 eiusmodi
2695 2816 2810 2858 sunt
2838 2814 2891 2857 ut
2919 2823 3005 2874 per
3027 2822 3080 2861 se
3115 2809 3226 2862 sola
3263 2827 3379 2863 cum

169 2906 345 2944 ceram
375 2892 686 2962 solidamque
711 2895 912 2948 laudem
939 2895 1026 2947 tibi
1047 2896 1268 2964 pariant,
1303 2907 1408 2949 tum
1434 2897 1510 2948 vel
1533 2897 1700 2963 alteri,
1737 2897 1821 2964 qui
1847 2906 1932 2949 tuo
1963 2901 2162 2965 fruatur
2198 2896 2502 2964 patrocinio,
2534 2897 2806 2965 plurimum
2830 2897 2958 2950 lucis
2988 2906 3032 2950 et
3079 2902 3273 2968 fructus
3307 2903 3377 2953 ad

168 2983 660 3036 commendationem
689 2983 872 3038 laboris
921 2995 967 3038 et
992 2985 1179 3055 ingenii
1207 2985 1389 3051 aﬁ'erre
1423 2987 1636 3055 possint.
1685 2985 1836 3041 Hisce
1870 2987 2000 3040 illud
2024 2987 2175 3040 etiam
2214 2988 2512 3057 adjungitur
2550 2987 2686 3057 quod
2717 2986 2984 3041 Venantius
3029 2987 3372 3058 Fortunatus,

164 3071 321 3139 cujus
365 3081 597 3139 poemata
641 3075 921 3142 scriptaque
945 3075 1048 3126 alia
1077 3075 1211 3129 hisce
1247 3075 1442 3128 duobus
1484 3076 1815 3129 voluminibus
1859 3077 2217 3143 comprehensa
2258 3078 2453 3132 edimus
2478 3117 2493 3142 ,
2547 3077 2804 3146 Duplauili
2848 3088 2984 3133 ortus
3013 3078 3122 3151 [qui
3146 3083 3282 3136 locus
3307 3083 3376 3135 ad

166 3168 320 3212 suam
346 3161 596 3215 dioecesim
623 3159 857 3232 pertinet]
885 3171 931 3216 te
957 3173 1221 3230 patronum
1240 3173 1287 3218 et
1311 3165 1564 3232 auspicem
1591 3165 1962 3234 quodammodo
2008 3165 2294 3220 dcsiderare
2317 3167 2562 3235 videatur,
2595 3177 2649 3220 ut
2675 3171 2758 3236 qui
2782 3170 2903 3223 olim
2921 3172 3086 3223 vivens
3115 3171 3166 3223 in
3195 3171 3374 3226 Galliis

156 3248 419 3319 Gregorio
466 3250 760 3318 Turortensi,
803 3254 1088 3308 doctissimo
1114 3255 1241 3318 viro,
1291 3263 1338 3306 et
1377 3255 1678 3308 amicissimo
1699 3270 1815 3322 suo,
1867 3265 1984 3330 tunc
2010 3256 2244 3326 temporis
2268 3257 2525 3326 primariis
2565 3258 2695 3311 sedis
2735 3259 2965 3326 antistiti,
3015 3270 3245 3327 poemata
3284 3279 3376 3316 sua

157 3340 372 3392 dicarat
394 3348 440 3394 et
459 3341 802 3410 inscripserat,
835 3342 969 3396 idcnt
997 3351 1105 3410 post
1130 3347 1239 3412 fata
1269 3352 1509 3412 tanquam
1536 3345 1829 3398 reuiuiscens
1868 3360 1996 3396 nova
2021 3345 2243 3414 Operum
2269 3361 2479 3397 suorum
2507 3343 2762 3409 Editione,
2811 3357 2858 3400 te
2887 3358 3149 3414 patronum
3199 3352 3372 3402 merito

157 3430 418 3498 efﬂagitet
444 3439 490 3484 et
516 3440 749 3498 aposcat
771 3447 790 3495 ;
819 3434 962 3500 cujus
989 3431 1168 3486 ditioni
1191 3442 1237 3487 et
1266 3435 1572 3490 auctoritati.
1607 3433 1669 3485 ob
1692 3432 1828 3486 sedis
1853 3449 2004 3501 quam
2029 3443 2165 3486 tenes
2192 3434 2592 3498 amplitudinem,
2624 3435 2791 3488 natale
2815 3437 3038 3504 ejusdem
3065 3437 3226 3488 solum
3255 3437 3372 3487 sub-

155 3518 363 3580 iicitur.
394 3519 518 3583 Qua
539 3536 652 3572 cum
675 3522 746 3574 ita
765 3522 887 3586 sint,
911 3523 1004 3572 hoc
1032 3537 1177 3587 opus,
1201 3521 1337 3588 quod
1363 3529 1449 3573 tuo
1475 3521 1674 3573 nomine
1696 3521 1990 3586 insignitum
2025 3520 2278 3584 publicam
2301 3521 2351 3568 in
2380 3522 2538 3568 lucem
2561 3521 2728 3584 prodit
2748 3557 2763 3580 ,
2813 3523 2887 3570 sic
2933 3521 3153 3590 excipias
3180 3525 3326 3576 velim
3353 3568 3366 3590 ,

155 3613 225 3655 ut
254 3613 303 3656 et
329 3613 567 3671 tanquam
595 3609 814 3658 debitum
853 3609 939 3657 tibi
962 3623 1140 3657 munus
1169 3615 1430 3673 respectes,
1480 3615 1526 3656 et
1553 3620 1652 3654 una
1680 3603 1937 3668 oﬂ'erentis
1965 3603 2195 3655 animum
2219 3603 2570 3672 amplectaris;
2597 3605 2683 3672 qui
2714 3622 2829 3658 cum
2869 3609 3036 3662 multis
3081 3613 3367 3665 nominibus

154 3694 462 3746 observanti;
500 3734 514 3758 ,
536 3694 773 3761 obsequii,
811 3695 1070 3762 devotique
1089 3694 1244 3746 animi
1273 3693 1539 3746 obstrictus
1563 3691 1649 3743 tibi
1685 3691 1800 3756 sim,
1848 3700 1951 3742 tum
1973 3687 2050 3743 vel
2073 3689 2165 3744 illa
2189 3693 2399 3761 majoris
2427 3691 2574 3759 ofﬁcii
2593 3707 2748 3746 causa
2789 3697 3012 3764 accedit,
3059 3703 3193 3767 quod
3240 3701 3370 3754 idem

155 3783 440 3838 Casinense
465 3783 754 3838 sodalitium
783 3800 862 3839 me
883 3784 1104 3852 educarit
1127 3824 1142 3849 ,
1185 3783 1485 3844 instituerit,
1516 3781 1787 3850 confoverit
1806 3821 1820 3843 ,
1871 3783 2017 3848 cujus
2042 3789 2097 3832 tu
2121 3797 2318 3848 quoque
2348 3782 2560 3848 familiae
2602 3782 2724 3835 olim
2763 3784 3174 3841 adnumerabaris
3193 3808 3213 3853 ',
3256 3790 3370 3844 licet

156 3885 347 3944 postea
368 3889 457 3944 pro
483 3875 595 3928 vitae
621 3875 899 3928 innocentia
920 3914 936 3938 ,
968 3884 1014 3928 et
1041 3875 1215 3926 merito
1234 3915 1248 3937 ,
1278 3875 1343 3926 ad
1372 3873 1534 3940 majus
1562 3863 1862 3922 Christiana:
1913 3868 2202 3932 reipublicas
2249 3869 2459 3930 bonum,
2507 3868 2746 3923 Ecclesiis
2779 3871 3080 3928 Torcellensi
3123 3878 3366 3943 primum,

155 3964 357 4016 deinde
391 3962 685 4027 Veronensi,
730 3979 790 4016 ac
817 3972 1063 4033 postremo
1108 3961 1368 4014 Patavinw
1391 3959 1620 4029 regendis
1647 3966 1898 4020 evocatus,
1931 3955 2220 4009 monasterii
2248 3955 2501 4008 silentium
2528 3972 2587 4008 ac
2614 3957 2930 4012 solitudinem
2981 3978 3094 4014 cum
3138 3969 3369 4031 frequen-
3467 3993 3470 3997 ι

157 4053 480 4107 lissimarum
511 4052 855 4106 Ecclesiarum
881 4060 1025 4120 atque
1048 4053 1243 4106 sedium
1272 4049 1536 4116 splendore
1579 4057 1622 4100 et
1648 4046 1930 4100 celebritate
1973 4045 2371 4098 commutaveris.
2419 4043 2528 4116 Ego
2551 4060 2664 4098 vero
2717 4062 2830 4099 cum
2865 4047 3036 4118 aliquo
3085 4053 3366 4107 testimonio

159 4158 337 4197 meum
365 4159 482 4213 erga
506 4152 553 4196 te
582 4143 942 4196 observantiam
969 4139 1494 4205 necessitudinemque,
1528 4153 1590 4189 ea:
1615 4137 1676 4189 iis
1697 4151 1823 4202 quas
1854 4135 1962 4188 dixi
1991 4138 2156 4188 causis
2195 4134 2490 4202 profectam,
2525 4137 2788 4189 contestari
2801 4140 3112 4207 jampridem
3151 4152 3363 4213 exopta-

166 4249 310 4301 rem,
339 4233 432 4286 ltoc
456 4234 766 4304 aptissimum
787 4233 945 4285 visum
972 4240 1062 4295 est,
1095 4229 1226 4304 quod
1253 4230 1531 4282 litterarum
1555 4226 1890 4278 monumentis
1916 4239 2207 4292 expressum
2230 4265 2244 4290 ,
2281 4231 2327 4276 et
2373 4226 2427 4276 in
2451 4225 2626 4293 vulgus
2646 4225 2856 4292 editum,
2903 4244 2992 4280 nec
3020 4231 3172 4284 latere
3194 4250 3365 4299 quem-

154 4339 324 4394 quam
349 4301 532 4393 posset,
562 4334 609 4377 et
637 4323 818 4376 nostris
847 4321 1150 4387 temporibus
1175 4301 1422 4388 s’uperstes
1459 4317 1534 4371 vel
1572 4315 1638 4369 ad
1663 4331 1830 4370 seram
1857 4313 2198 4383 posteritatem
2231 4314 2524 4381 perveniret.
2566 4311 2769 4367 Interea
2796 4321 3019 4382 quamvis
3046 4321 3223 4385 procul
3270 4324 3362 4374 ab-

153 4418 262 4470 sint
289 4429 517 4483 corpore,
555 4414 716 4482 longis
747 4421 988 4466 terrarum
1016 4413 1192 4480 spatiis
1220 4413 1456 4479 dissitas,
1508 4423 1672 4464 tamen
1715 4423 1934 4476 prasens
1976 4408 2145 4462 animo
2169 4447 2183 4471 ,
2223 4422 2394 4460 sacras
2435 4407 2524 4460 tibi
2572 4421 2750 4460 manus
2798 4409 3230 4478 obsequentissime
3273 4417 3363 4467 de-

155 4505 392 4562 osculor.

314 4596 518 4663 Romae,
567 4595 729 4651 Nonis
749 4593 905 4650 Juliis
939 4593 1096 4651 l786.

156 4761 3334 4788 mm

1410 4895 2111 5002 ΡΒᾹΞῈΑΤΙΟ.
2179 4965 2183 4970 -

236 5142 372 5198 Cum
403 5154 589 5195 novam
619 5139 752 5193 hanc
777 5132 1017 5190 Venantii
1046 5129 1317 5184 Fortunati
1346 5130 1572 5196 Operum
1597 5130 1888 5185 Editionem
1919 5127 2150 5198 aggressi
2183 5128 2435 5185 fuerimus
2464 5129 2799 5184 illustrissimi
2824 5143 2890 5185 ac
2939 5129 3361 5184 rererendissimi

158 5235 370 5290 domini
410 5233 606 5288 Nicolai
633 5230 848 5286 Antonii
887 5224 1193 5287 lustiniani,
1239 5240 1302 5278 es
1334 5223 1590 5276 monacho
1618 5225 1954 5278 Benedictino
1979 5223 2252 5279 Casinensi
2297 5225 2530 5293 episcopi
2563 5222 2813 5282 Patavini,
2843 5222 2990 5286 jussu
3019 5235 3081 5274 ac
3115 5223 3358 5283 consilio,

159 5340 411 5394 quaenam
455 5337 606 5378 causa
646 5320 994 5374 clarissimum
1035 5331 1098 5368 ac
1134 5314 1494 5368 doctissimum
1530 5314 1699 5367 virum
1744 5313 2009 5383 impulerit
2043 5311 2111 5366 ad
2157 5327 2344 5366 novam
2394 5311 2770 5382 procurandum
2813 5307 3083 5362 Fortunati
3129 5311 3357 5378 Operunt

162 5415 491 5479 Editionem,
531 5413 668 5468 haud
702 5412 803 5466 erit
847 5410 1074 5464 alienum
1115 5408 1293 5475 paucis
1336 5405 1420 5458 hic
1461 5405 1676 5462 referre.
1736 5407 2023 5476 Ac-primo
2063 5407 2324 5460 neminem
2367 5405 2524 5466 latet,
2555 5402 2641 5468 qui
2678 5401 2756 5452 vel
2797 5402 3059 5468 paululum
3093 5405 3144 5456 in
3171 5405 3360 5458 studiis

162 5505 496 5572 antiquitatis
544 5515 777 5560 versatus
823 5503 910 5569 sit,
957 5507 1203 5567 quantum
1253 5496 1471 5550 subsidii
1519 5511 1580 5552 ac
1618 5497 1829 5551 luminis
1874 5513 1904 5550 e
1951 5495 2159 5562 scriptis
2212 5493 2479 5547 Fortunati
2528 5490 2592 5541 ad
2639 5487 2909 5544 historiam
2957 5507 3004 5543 Vl
3048 5492 3268 5558 seaculi,
3299 5509 3362 5551 ac

165 5593 437 5668 pracipue
469 5595 711 5648 Ecclesiae
751 5593 999 5660 regnique
1029 5587 1239 5651 Galliae,
1287 5585 1642 5640 illustrandam
1685 5593 1862 5654 petere
1904 5599 2086 5637 omnes
2129 5583 2512 5636 consueverint.
2572 5577 2657 5632 Vir
2695 5580 2834 5632 enim
2874 5581 2981 5646 ille,
3008 5590 3064 5636 et
3095 5583 3355 5652 doctrina,

167 5695 228 5746 ﬂ
271 5683 464 5756 piem“,
505 5696 614 5736 ,απ
653 5682 850 5742 amis,
899 5677 1253 5743 clarissimus,
1297 5690 1413 5731 cum
1459 5677 1733 5747 praecipuis
1775 5673 1956 5731 Gallias
2003 5670 2313 5741 praesulibus
2359 5668 2446 5738 qui
2489 5677 2578 5723 aut
2605 5669 2881 5725 sanctitate
2925 5681 3014 5728 aut
3065 5673 3358 5732 eruditione

563 5797 826 5855 Ριτιοι.
872 5790 1275 5854 LXXXVIII.
2944 5788 2970 5846 1
