3820 6236
476 234 536 291 tt
1020 203 1526 287 praemunitum
1563 230 1655 286 AD
1694 225 1984 287 VENANTI

2202 262 2208 277 .
2248 223 2452 281 CLEM.
2494 220 2876 287 FORTUNATI
2913 221 3162 281 OPERA.
3644 212 3710 269 12

473 328 852 413 praestiterunt,
882 351 1139 412 praeterea
1180 356 1297 396 cum
1328 340 1562 409 pluribus
1586 341 1706 395 aliis
1737 340 1887 410 regni
1925 339 2068 392 illius
2096 334 2399 404 proceribus
2439 349 2499 389 ac
2524 333 2839 404 principibus
2872 334 2999 390 viris
3029 331 3343 401 conjunctus,
3368 329 3706 386 amicissima

475 432 831 501 gratia,quin
872 433 1027 484 etiam
1071 432 1197 500 ipsis
1241 431 1450 499 regibus
1492 432 1729 498 quitunc
1771 427 2020 493 temporis
2067 428 2116 479 in
2147 425 2309 480 Gallia
2338 440 2515 478 rerum
2549 425 2893 492 petiebantur.
2929 422 3179 500 achregiis
3225 434 3405 474 eorum
3453 418 3705 483 familiis,

476 532 656 590 gratus
691 532 1067 591 acceptusque,
1105 522 1263 576 multa
1306 522 1372 577 de
1412 521 1492 574 his
1527 532 1682 588 atque
1729 518 1794 572 ad
1840 520 1997 570 hosce
2037 518 2245 588 scripsit
2284 516 2396 571 sive
2433 518 2634 581 soluta,
2682 514 2791 569 sive
2826 516 3042 569 metrica
3085 515 3348 575 oratione,
3380 526 3507 578 quae
3547 518 3607 562 et
3644 508 3707 562 ad

484 616 711 683 privatas
749 608 969 667 illorum
997 629 1079 667 res
1130 627 1194 666 ac
1232 612 1573 675 fortunas,,et
1612 610 1677 662 ad
1711 609 1913 677 publica
1954 609 2183 676 negotia,
2213 621 2275 660 ac
2315 608 2469 660 totius
2508 608 2651 675 regni
2692 613 2888 665 statum
2928 603 3315 683 gllustraudum.
3350 603 3706 670 pertinerent.

477 708 731 775 Quocirca
782 705 1071 775 tutoillud
1117 703 1381 757 afﬁrmare
1427 702 1622 770 possim
1652 741 1667 765 ,
1722 700 1946 767 plurium
1987 700 2094 767 jam
2143 698 2255 752 sive
2300 699 2659 766 episcoporum
2711 697 2855 750 illius
2908 678 3193 763 ﬁtnporis,
3251 695 3363 775 sive
3412 704 3707 757 procerum

478 796 626 862 regni
657 795 867 860 Galliis,
905 774 1117 846 nomina
1152 805 1214 844 ac
1253 804 1338 845 res
1371 801 1530 860 gestae
1570 798 1815 857 perpetua
1864 788 1916 841 in
1966 788 2224 843 oblivione
2257 788 2575 856 jacuissent,
2624 787 2723 841 nisi
2772 785 2957 839 eadem
2990 786 3101 839 suis
3150 771 3335 837 litteris
3366 780 3708 834 Fortunatus

479 897 614 939 sera:
649 882 937 951 posteritati
982 879 1313 951 prodidisset.
1343 878 1569 945 Hujusce
1605 864 1837 932 carmina
1877 892 1994 932 cum
2034 893 2216 932 eorum
2256 879 2488 941 nomina,
2524 890 2586 931 ac
2614 878 2765 930 sedes
2806 876 2872 929 ab
2914 875 3177 932 oblivione
3204 870 3567 932 vindicarunt,
3601 878 3707 923 tum

444 976 541 1029 'ad
576 974 831 1031 notandas
869 974 1250 1044 signandasque
1292 980 1585 1039 temporum
1628 970 1862 1024 rationes
1901 971 2089 1039 quibus
2126 978 2216 1023 aut
2257 970 2354 1037 ipsi
2396 969 2664 1032 vixerunt,
2699 976 2791 1021 aut
2823 966 3011 1035 aliqud
3092 966 3344 1020 memoria
3382 964 3617 1031 dignum
3659 960 3710 1014 in

477 1079 659 1121 eorum
716 1065 929 1120 urbibus
974 1079 1034 1119 ac
1083 1062 1361 1134 provinciis
1408 1061 1638 1125 accidit,
1684 1061 1963 1129 plurimum
2012 1059 2221 1114 luminis
2270 1054 2959 1131 adjutnentiquevafferunt.’
3005 1056 3141 1109 Hinc
3190 1054 3378 1108 mirum
3426 1064 3561 1108 esse
3605 1064 3710 1109 non

474 1156 631 1213 debet
667 1169 730 1209 ex
772 1156 874 1208 hoc
914 1150 1059 1207 fonte
1088 1166 1271 1206 omnes
1319 1148 1428 1208 fere
1474 1151 1706 1204 hausisse
1753 1151 1840 1219 qui
1884 1150 1947 1205 de
1976 1150 2157 1205 Gallia:
2202 1151 2360 1205 rebus
2399 1148 2647 1215 deinceps
2687 1140 2793 1200 ulla
2836 1143 2985 1200 aetat}
3023 1145 3541 1213 scripserunt."1am
3586 1159 3714 1201 vero

436 1240 439 1243 ’
473 1261 573 1302 nec
606 1258 792 1316 pauca,
838 1255 935 1298 nec
972 1258 1162 1312 parva,
1201 1251 1292 1296 aut
1326 1243 1569 1306 obscura,
1604 1254 1663 1296 ea
1704 1253 1827 1297 sunt
1863 1258 1981 1312 quae
2021 1243 2087 1297 ad
2132 1244 2398 1311 religionis
2436 1242 2599 1310 ipsius
2642 1240 2884 1310 dogmata
2924 1238 3280 1296 catfirmanda
3306 1248 3362 1295 et
3386 1239 3722 1296 vindicanda

481 1334 549 1386 ab
588 1333 1023 1408 heterodoxorum
1074 1328 1293 1398 ingeniis
1341 1343 1401 1383 ac
1443 1331 1593 1383 novis
1632 1332 1941 1385 commentis
1981 1345 2011 1385 e
2051 1331 2636 1401 FortunatiOperibus
2685 1332 2819 1385 sumi
2869 1328 3085 1399 possunt
3130 1345 3326 1400 :qua,
3372 1329 3531 1391 haud
3588 1341 3721 1385 sane

482 1421 875 1479 contemnendze
909 1420 1246 1488 antiquitatis
1311 1419 1610 1497 teSIimonio
1655 1428 1706 1474 et
1751 1422 2063 1475 auctoritate
2121 1420 2494 1490 comprobata,
2561 1421 2626 1475 ad
2675 1419 2991 1475 refellendas
3022 1418 3363 1491 georumdem
3411 1418 3717 1473 calumnias

481 1516 656 1571 valere
682 1513 964 1584 plurimum
990 1511 1211 1581 debent.
1232 1510 1379 1566 Adde
1409 1512 1492 1565 his
1518 1510 1749 1566 cultioris
1777 1512 2053 1582 elegantiae
2077 1522 2404 1569 venustatem
2424 1552 2438 1577 ,
2474 1526 2590 1581 quae
2621 1514 2809 1587 passi;
2842 1514 2897 1567 ia
2920 1511 3164 1581 ejusdem
3191 1504 3465 1565 Fortunati
3496 1509 3716 1576 scriptis

483 1623 732 1679 expressa
758 1605 1192 1676 deprehenditur,
1223 1611 1281 1656 ut
1317 1617 1423 1657 non
1452 1616 1574 1670 una,
1606 1601 1696 1656 sed
1740 1602 1973 1670 pluribus
2000 1602 2067 1658 de
2092 1608 2263 1659 causis
2300 1617 2406 1658 non
2446 1602 2719 1657 minimum
2762 1600 2994 1671 intersit,
3032 1599 3077 1654 si
3116 1601 3410 1670 cujustiiam
3456 1598 3713 1659 alterius,

489 1707 635 1752 certe
677 1698 758 1750 vel
796 1694 1067 1749 Fortunati
1119 1693 1284 1762 ipsius
1322 1692 1511 1761 Opera,
1550 1705 1709 1760 quam
1749 1691 1864 1747 fieri
1905 1702 2078 1762 potest
2122 1693 2370 1756 maxime.
2418 1693 2698 1762 illustrata,
2729 1694 3003 1750 emendata
3047 1704 3105 1749 et
3145 1702 3299 1747 aucta
3348 1692 3630 1761 publicam
3663 1690 3714 1746 in

492 1786 663 1841 lucem
691 1781 937 1854 proferri.
1044 1798 1045 1801 ‘
1243 1820 1249 1828 ε

556 1873 686 1930 Cum
731 1884 903 1929 autem
939 1858 1115 1944 plures
1152 1885 1215 1927 ea
1255 1870 1309 1928 in
1342 1885 1401 1927 re
1441 1871 1857 1938 elaboraverint,
1901 1886 1962 1926 ac
2000 1885 2141 1942 saepe
2181 1872 2373 1941 smpius
2417 1873 2601 1928 eadem
2638 1872 2777 1928 edita
2816 1885 2879 1926 ac
2922 1870 3073 1927 novis
3120 1870 3521 1926 accessionibus
3560 1879 3710 1925 aucta

492 1966 714 2032 fuerint,
746 1964 925 2018 nescio
964 1972 1137 2017 tamen
1167 1961 1429 2030 quomodo
1473 1962 1640 2031 majus
1680 1962 1767 2015 illa
1807 1962 2002 2028 lumen,
2042 1963 2279 2017 omnium
2316 1977 2447 2030 pene
2485 1963 2622 2018 votis
2658 1976 2720 2017 ac
2757 1961 2979 2030 judicio,
3022 1961 3327 2015 desiderare
3373 1959 3707 2026 videbantur,

483 2056 569 2134 Ae.
592 2054 825 2123 profecto
857 2068 973 2123 qua:
1004 2052 1228 2123 primum
1262 2052 1433 2106 Editio
1460 2053 1687 2121 Operum
1720 2050 1989 2105 Fortunati
2017 2049 2186 2105 Calari
2222 2052 2272 2104 in
2303 2050 2541 2105 Sardinia
2570 2064 2708 2104 anno
2734 2050 2872 2105 1575
2900 2050 3128 2119 perfecta
3169 2058 3272 2115 est,
3313 2048 3443 2102 nihil
3471 2050 3707 2102 continet

479 2146 621 2201 aliud
654 2158 809 2214 quam
850 2145 1086 2213 ejusdem
1122 2143 1367 2213 hymnos,
1393 2141 1673 2195 Cassandri
1711 2155 1871 2208 opera
1909 2142 2234 2207 emendatos,
2265 2155 2326 2196 ac
2356 2143 2608 2209 pristiam,
2645 2150 2705 2199 ut
2728 2144 3096 2208 isprotitetur,
3125 2140 3363 2195 redditos
3391 2140 3705 2208 integritati.

479 2238 761 2317 Egemplar
798 2250 924 2289 vero
951 2235 1181 2301 Operum
1215 2234 1450 2302 ejusdem
1498 2234 1623 2287 item
1650 2231 1852 2300 Calari,
1886 2242 2244 2302 consequente
2271 2248 2428 2299 anno,
2460 2248 2618 2301 opera
2660 2247 2723 2287 ac
2762 2232 2934 2286 studio
2959 2231 3139 2285 Jacobi
3170 2232 3461 2285 Salvatoris
3493 2230 3703 2298 Solani,

481 2325 621 2396 typis
649 2323 851 2378 Nicolai
880 2322 1177 2394 Canyelles,
1217 2323 1411 2376 editum
1455 2330 1702 2388 est,.octo
1738 2322 1788 2375 iu
1832 2321 1995 2376 libros
2024 2322 2394 2387 distributum;
2456 2337 2658 2387 verum,
2706 2321 3135 2377 doctissimorum
3168 2321 3439 2375 hominum
3480 2322 3703 2390 judicio.

486 2427 733 2468 mancum
760 2410 887 2466 illud
908 2425 968 2466 ac
996 2412 1255 2477 mutilum,
1288 2411 1715 2467 tum~innumeris
1741 2426 1899 2480 prope
1924 2410 2127 2467 mendis
2146 2411 2484 2482 depravatum
2516 2426 2569 2467 et
2606 2422 2930 2480 corruptum.
2957 2411 3109 2479 Quod
3140 2412 3191 2465 in
3219 2412 3472 2468 Venetam
3498 2428 3708 2484 quoque

485 2503 807 2568 lditionem,
846 2501 981 2569 apud
1027 2502 1262 2556 hauredes
1297 2501 1477 2557 Jacobi
1526 2502 1799 2569 Simbenii,
1842 2518 1926 2557 an.
1971 2500 2140 2569 1578,
2179 2498 2521 2571 translatum,
2567 2504 2751 2559 iisdem
2794 2512 2951 2571 atque
2992 2506 3150 2558 etiam
3204 2505 3444 2573 pluribus
3495 2503 3705 2557 mendis

431 2622 438 2629 ο
482 2595 730 2650 iniectum
761 2608 821 2648 ac
844 2594 1075 2648 deforme
1105 2593 1316 2661 prodiit.
1360 2592 1501 2648 idem
1538 2608 1716 2648 rursus
1746 2592 1918 2647 Calari
1940 2635 1954 2659 ,
1997 2608 2086 2647 an.
2118 2595 2279 2663 1584,
2317 2604 2373 2651 et
2402 2595 2657 2659 Coloniae,
2710 2610 2797 2648 an.
2830 2595 2989 2660 1600,
3022 2607 3286 2659 recnsum,
3317 2594 3508 2647 additis
3535 2591 3707 2647 etiam

481 2685 1004 2757 Expositionibusrin
1043 2682 1351 2751 Symbolum
1400 2693 1453 2736 et
1496 2683 1796 2737 Orationem
1846 2684 2403 2749 Dominicam,<nihilo
2449 2684 2753 2738 defaecatius
2798 2697 2861 2736 ac
2901 2684 3076 2751 purius
3122 2683 3343 2736 exstitit.
3394 2684 3519 2738 ﬂare
3567 2684 3704 2742 inter

480 2777 779 2831 Parisiense
814 2774 1109 2839 exemplar,
1150 2773 1288 2838 quod
1328 2774 1378 2825 in
1420 2781 1615 2825 tomum
1656 2772 1759 2825 \‘lll
1793 2760 2128 2826 Bibliotheca:
2164 2783 2399 2828 veterum
2440 2773 2694 2827 Ecclesiae
2728 2772 2940 2825 Patrum
2980 2772 3235 2826 insertum
3277 2780 3380 2835 est.
3413 2770 3705 2827 et‘editun

482 2867 737 2931 Parisiis,
780 2863 984 2935 caneris
1044 2862 1285 2916 omnibus
1334 2862 1587 2916 librorum
1641 2879 1880 2928 numero,
1931 2864 2192 2929 anteibat;
2258 2866 2309 2929 id
2360 2867 2530 2933 ipsum
2582 2873 2755 2919 tamen
2807 2865 3090 2918 multarum
3144 2873 3444 2933 poematum
3500 2863 3703 2933 jactura

483 2958 755 3022 lacerum,
811 2944 879 3009 ac‘
920 2951 1197 3017 mutilum,
1244 2964 1295 3007 et
1345 2966 1586 3020 perversa
1636 2956 1927 3022 vitiosaque
1972 2956 2231 3022 lectione,
2284 2958 2519 3026 pluribus
2570 2957 2623 3011 in
2671 2956 2829 3020 locis,
2883 2956 3218 3023 depravatum
3247 2996 3265 3023 ,
3311 2956 3704 3026 diligentiorem

483 3048 871 3113 auctioremque
905 3044 1195 3098 Editionem
1241 3058 1460 3112 poscere
1494 3044 1782 3100 videbatur.
1815 3045 1980 3109 lianc,
2000 3061 2277 3116 aggressus
2318 3050 2385 3103 cl.
2416 3048 2497 3102 vir
2526 3048 2581 3102 P.
2610 3046 3019 3117 Cbristophorus
3038 3046 3342 3113 Browerus,
3381 3063 3413 3103 e
3449 3048 3702 3103 societate

483 3134 631 3199 Jesu,
662 3132 879 3202 perfecit
915 3144 1069 3199 atque
1108 3132 1271 3187 edidit
1313 3130 1622 3199 Moguntim,
1656 3146 1794 3203 anno
1821 3137 1992 3200 1603,
2041 3140 2174 3206 typis
2201 3138 2491 3192 Balthasari
2524 3138 2728 3207 Lippii;
2767 3146 2820 3191 et
2859 3138 3100 3192 eamdem
3138 3140 3411 3194 renovavit
3446 3141 3700 3195 emenda-

492 3224 671 3290 vitque
697 3236 784 3273 an.
810 3220 967 3282 1617.
998 3222 1120 3274 item
1152 3220 1431 3287 Moguntina
1471 3223 1663 3275 editam
1707 3212 2006 3294 sumptibus
2038 3226 2291 3281 Bernardi
2331 3228 2627 3294 Gualtheri,
2669 3229 2973 3297 bibliopola:
3015 3228 3367 3293 Coloniensis,
3408 3234 3700 3288 excudente

494 3313 697 3368 Joanne
724 3310 1009 3366 1Volmario.
1043 3310 1166 3364 [hec
1187 3320 1330 3364 certe
1370 3310 1545 3365 Editio
1572 3314 1802 3383 Operum
1830 3315 2133 3382 Fortunati,
2176 3317 2382 3371 caeteris
2409 3320 2673 3382 omnibus,
2718 3332 2835 3385 quas
2872 3318 3421 3374 auteha'c‘elaborata:
3464 3320 3696 3386 fuerant,

484 3406 707 3469 auctior,
738 3403 1056 3472 diligentior,
1086 3411 1139 3455 et
1170 3403 1404 3456 ornatior
1428 3402 1685 3471 apparuit.
1729 3406 1775 3462 Is
1803 3409 1966 3476 enim,
1992 3420 2095 3478 ope
2123 3422 2252 3464 mss.
2270 3400 2559 3473 ‘Codieum,
2586 3415 2640 3463 et
2671 3408 2820 3477 plura
2848 3423 2966 3477 quat
3005 3417 3155 3463 antea
3181 3410 3323 3472 edita
3364 3423 3467 3464 non
3496 3410 3701 3463 fuerant

487 3495 775 3563 exemplari
814 3508 908 3547 suo
949 3492 1172 3554 addidit,
1211 3500 1265 3545 et
1302 3508 1418 3558 quac
1460 3495 1789 3552 inunumeris
1826 3513 1958 3565 pene
2000 3504 2274 3559 scatebant
2314 3503 2583 3557 erroribus
2618 3502 2899 3572 diligenter
2933 3502 3255 3556 emendavit.
3302 3503 3468 3571 Quam
3493 3501 3562 3556 ad
3587 3515 3699 3555 rem

477 3585 655 3638 tribus
687 3582 947 3649 praecipue
983 3592 1111 3632 mss.
1143 3591 1200 3631 se
1240 3592 1388 3631 usum
1425 3588 1663 3646 testatur,
1698 3583 1798 3638 [ide
1830 3586 2145 3654 dignissimis
2176 3590 2187 3643 τ
2221 3586 2521 3645 Trevirensi
2557 3605 2682 3654 uno,
2726 3593 2893 3644 altero
2933 3594 3040 3659 (cui
3080 3594 3125 3646 is
3164 3593 3282 3659 plus
3311 3608 3467 3661 quam
3494 3591 3698 3649 caeteris

480 3672 639 3739 pretii
669 3668 870 3738 tribuit)
903 3682 968 3721 ex
997 3667 1203 3721 abbatia
1235 3666 1624 3733 San-Callensi,
1667 3685 1729 3741 ae
1765 3676 1918 3729 tertio
1957 3689 2022 3730 ex
2056 3677 2267 3735 abbatia
2296 3676 2663 3751 Sigebergensi
2683 3680 2706 3741 ;‘
2728 3681 2852 3747 quin
2894 3688 2948 3734 et
2986 3677 3336 3748 fragmentum
3366 3694 3467 3734 ms.
3494 3680 3695 3735 Codicis

454 3765 613 3816 Vitem
645 3760 974 3814 Trevirensis
1003 3758 1277 3823 Ecclesiae,
1320 3768 1374 3813 et
1414 3758 1553 3813 aliud
1595 3776 1691 3816 ms.
1729 3761 2077 3835 fragmentum
2116 3770 2386 3827 Cosanum
2418 3764 2594 3829 refert
2640 3769 2691 3823 in
2742 3770 2978 3829 manibus
3022 3785 3084 3825 se
3125 3768 3395 3826 habuisse.
3443 3770 3695 3825 Frater-ea

482 3852 756 3918 exemplar
799 3864 950 3903 suum
993 3847 1210 3903 contulit
1256 3862 1372 3902 cum
1407 3848 1569 3903 Editis
1595 3849 1913 3919 Calaritano,
1943 3855 2168 3922 Veneto,
2196 3861 2473 3917 Parisieusi
2519 3858 2570 3914 in
2604 3856 2925 3911 Bibliotheca
2958 3858 3192 3923 Patrum,
3225 3857 3441 3929 Georgii
3474 3856 3690 3913 Fabricii

480 3948 534 3999 in
564 3944 740 4001 Poetis
770 3942 964 4007 Sacris,
1008 3942 1310 4009 addiditque
1338 3952 1485 3995 vetus
1515 3960 1613 3999 ms.
1646 3957 1699 3999 et
1732 3960 1865 4001 rarae
1892 3958 2027 4003 notas
2050 3951 2301 4008 Frideriei
2327 3948 2670 4023 Tiliobro‘gae,
2691 3959 2743 4003 et
2782 3949 2975 4005 librum
3005 3966 3102 4005 ms.
3137 3951 3402 4006 Theodori
3430 3953 3694 4008 Pulmanni

478 4029 842 4098 Craneburgii,
882 4030 946 4080 ab
992 4028 1104 4093 ipso
1132 4027 1410 4083 Theodoro
1437 4044 1555 4084 cum
1602 4033 1829 4103 antiquis
1878 4036 2022 4091 libris
2049 4039 2328 4108 diligenter
2364 4044 2639 4108 collatum
2687 4051 2750 4092 ac
2777 4038 3100 4106 descriptum
3142 4042 3415 4108 an.1570,
3440 4054 3499 4098 et
3528 4046 3689 4098 varias

479 4125 740 4181 lectiones
786 4119 850 4173 ad
893 4119 1178 4188 marginem
1224 4122 1498 4189 expressit.
1546 4123 1691 4183 Hanc
1737 4135 1912 4183 autem
1953 4128 2247 4187 Editionem
2297 4146 2446 4188 suam
2493 4136 2779 4190 Brovv‘erus
2823 4144 2941 4184 cum
2990 4130 3295 4186 elucubrata
3341 4148 3369 4186 a
3417 4148 3538 4190 sese
3582 4134 3688 4187 Vita

480 4214 773 4278 Fortunati,
822 4221 928 4265 tum
976 4213 1189 4280 prolixis
1233 4212 1370 4267 notis
1418 4216 1711 4280 exornavit,
1763 4228 1918 4287 atque
1960 4222 2123 4287 auxit,
2162 4232 2220 4276 ut
2262 4238 2387 4280 vere
2428 4225 2472 4279 is
2513 4225 2580 4280 de
2608 4224 2902 4279 Fortunato
2950 4226 3132 4274 nostro
3177 4224 3435 4289 praeclare
3486 4225 3692 4280 meritus

482 4303 585 4358 dici
617 4313 668 4355 et
700 4300 879 4354 haberi
921 4297 1376 4383 possit.iBrovveri
1422 4303 1692 4371 exemplar
1742 4320 1861 4360 cum
1900 4305 2017 4362 Vita
2048 4309 2319 4367 Fortunati
2366 4329 2611 4371 recusum
2662 4306 2773 4371 fuitt
2812 4310 3003 4366 deinde
3047 4311 3287 4383 Lugduni
3330 4329 3418 4369 an.
3457 4316 3610 4379 1677,
3646 4312 3693 4367 in

479 4390 799 4444 Bibliotheca
841 4394 1071 4475 veterum
1102 4382 1334 4475 Patrum,
1379 4389 1639 4443 nonnullis
1688 4398 1864 4446 tamen
1904 4395 2109 4450 mendis
2146 4398 2225 4467 (ut
2264 4402 2375 4469 ipse
2410 4417 2474 4458 ex
2518 4404 2825 4475 collatione\
2852 4414 2974 4454 cum
3022 4402 3314 4472 exemplari
3342 4402 3688 4467 Broweriatto,

482 4480 624 4532 edito
652 4474 929 4542 Moguntiac
960 4485 1098 4523 anno
1132 4471 1282 4535 1617,
1312 4486 1631 4541 cognoscere
1661 4479 1851 4549 potui),
1887 4484 2327 4552 typographorum
2359 4488 2586 4554 incuria,
2620 4471 3198 4558 passimi‘xespersum;
3299 4548 3307 4555 ,

554 4502 624 4532 ιιυ
652 4502 929 4542 "lusu-NW
960 4502 1098 4523 αιιιιυ
1135 4502 1220 4523 ιυι
1240 4502 1282 4535 ιν
1312 4502 1631 4541 υυδιιυδυυῐυ
1661 4502 1851 4549 pomi),
1888 4502 2327 4552 typograpuorum
2359 4502 2586 4554 incuria,
2620 4502 2814 4558 passim
2845 4538 2855 4548 ,
2882 4502 3177 4554 aspersum.
3299 4548 3307 4555 ,

552 4567 715 4623 Porro
740 4562 837 4615 etsi
870 4560 1195 4613 Broweriana
1230 4561 1405 4637 Editio
1432 4566 1638 4619 caeteris
1670 4569 1909 4622 omnibus
1932 4584 2049 4638 quae
2075 4572 2141 4625 ad
2172 4573 2297 4628 illud
2333 4590 2497 4645 usque
2528 4588 2733 4645 tempus
2764 4502 3082 4657 ρτῶἱθηηι
3111 4574 3395 4632 ΐοηοίοτοοι
3418 4575 3691 4633 absolutior

480 4656 677 4721 fuerit,
728 4660 887 4747 erant:
927 4662 1098 4705 tamen
1145 4652 1317 4747 adhuc
1369 4655 1615 4707 nonnulla
1659 4669 1776 4723 qua
1823 4658 1993 4712 eidem
2055 4658 2321 4727 addenda,
2376 4670 2467 4717 aut
2519 4665 2844 4721 emendanda
2872 4652 2923 4747 ,ζ
2969 4670 3060 4714 ειη
3109 4664 3404 4716 accuratius
3446 4664 3687 4725 notandi.

478 4748 807 4802 Videbantur.
850 4741 975 4794 Nam
1018 4751 1069 4794 et
1108 4742 1335 4795 carmina
1381 4744 1641 4810 quaedam,
1676 4744 2063 4813 qum-Broweri
2101 4756 2258 4802 aetate
2303 4758 2453 4804 erant
2492 4751 2685 4819 ignota,
2715 4763 2804 4806 aut
2844 4741 3001 4819 ceﬂte
3036 4747 3090 4800 in
3133 4749 3250 4815 eius
3282 4762 3464 4802 manus
3491 4748 3690 4803 minim

478 4842 850 4908 pervenerant,
892 4839 1068 4895 postea
1104 4833 1154 4884 in
1198 4832 1366 4887 lucem
1395 4833 1652 4901 prodiere,
1685 4848 1822 4902 quas,
1862 4833 1959 4889 hac
1984 4833 2106 4888 illac
2143 4834 2329 4889 alienis
2374 4835 2427 4891 in
2456 4838 2707 4906 operibus
2739 4832 3019 4908 dispers‘va,
3047 4832 3339 4901 COiligendJ
3386 4833 3608 4898 fuerant,
3635 4846 3687 4885 ac

483 4926 830 4979 Browerianre
874 4923 1099 4978 Editioni
1152 4921 1467 4985 attexeuda;
1520 4930 1628 4975 tum
1656 4923 1963 4991 pleraque,
2018 4920 2190 4975 solata
2240 4922 2432 4990 scripta
2488 4926 2729 4979 oratione
2756 4964 2770 4985 ,
2817 4940 2932 4994 qua
2968 4919 3278 4994 {,Browerus
3324 4921 3551 4975 Editioui
3592 4931 3686 4972 ante

482 5014 806 5082 adjungenda
838 5028 941 5068 non
971 5010 1197 5075 censuit,
1227 5010 1434 5063 ett-teris
1464 5010 1733 5064 Fortunati
1761 5010 2018 5076 Operibus
2044 5008 2239 5062 merito
2268 5009 2508 5066 addenda
2540 5010 2873 5077 videbantur,
2906 5022 2963 5068 ut
2984 5006 3282 5082 )qllotquot,
3309 5007 3420 5061 sive
3449 5006 3684 5065 carmine.

481 5106 593 5159 sive
632 5119 804 5172 prosa,
832 5106 894 5158 ab
930 5104 1116 5157 eodem
1160 5100 1460 5155 elucubrata
1502 5097 1818 5166 accepimus,
1849 5105 2147 5167 nuo'opere
2194 5097 2434 5151 universa
2464 5089 3070 5167 comprehenderentu‘f-
3114 5089 3232 5145 «iam
3261 5107 3388 5147 vero
3427 5104 3564 5149 note
3596 5092 3684 5149 illa

483 5170 674 5260 quibus
728 5190 861 5244 idem
912 5191 1188 5243 Browerus
1240 5187 1478 5253 Venantii
1527 5186 1797 5239 Fortunati
1857 5188 2053 5253 scripta
2106 5185 2338 5239 ornanda
2387 5196 2439 5241 et
2486 5186 2789 5242 illustranda
2852 5170 3189 5333 existit?!“
3242 5185 3493 5251 quamvis
3538 5183 3683 5238 ἀοοιε

484 5284 789 5333 nlerumuue
836 5289 889 5332 et
932 5283 1171 5333 erudtlre.
1213 5277 1406 5330 eredern
1458 5284 1629 5328 tamen
1672 5289 1770 5333 qua
1813 5275 2026 5327 nimium
2076 5272 2311 5333 prolixm.
2359 5288 2459 5333 qua
2495 5288 2619 5328 vero
2660 5290 2858 5330 manca:
2901 5287 2955 5330 et
2992 5277 3061 5333 ici
3087 5281 3220 5331 "nat,
3271 5280 3379 5333 aut,
3409 5278 3683 5333 temporum

484 5284 789 5350 plerumque
836 5289 889 5332 et
932 5283 1171 5343 erutlttre,
1213 5277 1406 5330 emdern
1458 5284 1629 5328 tamen
1672 5289 1770 5341 qua
1813 5275 2026 5327 nimium
2076 5272 2311 5341 prolixm,
2359 5288 2459 5342 qua
2495 5288 2619 5328 vero
2660 5290 2858 5330 manca:
2901 5287 2955 5330 et
2990 5272 3220 5350 ἱρῆυηαξν
3271 5280 3379 5336 θυι,
3409 5278 3683 5337 temporum

486 5373 827 5429 notandorunt
868 5384 1068 5432 errore,
1112 5382 1171 5422 ac
1208 5367 1597 5437 perturbatione
1637 5378 1835 5431 rerum,
1876 5362 2019 5417 falsae
2059 5359 2321 5415 interdum
2359 5375 2419 5415 ac
2461 5361 2749 5428 mendosae,
2783 5363 2995 5419 alterius
3038 5336 3263 5441 ":13an
3299 5367 3352 5410 el
3382 5354 3681 5426 diligenth

486 5462 860 5531 efﬂagitabant.
3106 5446 3133 5521 ἶ

555 5529 706 5605 Hisce
734 5548 907 5617 itaque
934 5547 999 5605 de
1028 5545 1200 5603 causis
1230 5542 1613 5599 illustrissimus
1642 5549 1696 5598 et
1724 5539 2193 5599 reverendissimus
2220 5537 2393 5609 (quem
2426 5540 2667 5611 superius
2693 5539 3118 5609 commemoravi)
3165 5529 3414 5589 Nicolaus
3446 5531 3685 5591 Antonius
