3796 6370
112 226 161 278 l5
506 254 534 277 ι
1484 213 1611 272 PBA

1767 214 1857 274 ιο.
2348 212 2351 215 ⁴
3198 217 3266 277 ιι

113 328 400 385 lustinianus
427 338 614 380 novam
644 324 870 395 Operam
900 325 1171 381 Fortunati
1198 324 1489 382 Editioncm
1527 326 1907 392 procurandam
1937 325 2160 389 censuit,
2192 324 2351 395 atque
2378 322 2431 378 id
2467 323 2700 379 muneris
2728 322 2857 379 mihi
2901 322 3260 396 demandavit,

108 418 455 483 qualescunque
493 414 707 468 demum
751 414 816 468 ad
857 414 981 467 illud
1026 414 1399 481 perliciendum
1438 415 1575 468 vires
1620 413 1809 469 aﬂ‘erre
1850 416 2129 482 potuerim.
2183 414 2317 469 Hinc
2346 415 2487 469 enim
2534 429 2653 469 cum
2703 415 2944 470 utilitatis
2982 415 3264 482 plurimum

103 524 151 561 ac
190 506 391 567 fructus,
439 512 499 557 ut
546 518 703 572 supra
750 503 923 569 innui,
970 503 1033 556 ad
1086 504 1393 573 religionem
1445 503 1883 569 conﬁrmandam,
1933 513 1985 556 et
2037 503 2174 557 illius
2224 502 2477 570 temporis
2520 502 2832 555 memoriam
2878 502 3268 575 illustrandum,

100 601 152 651 ad
195 598 381 649 litteras
428 594 656 660 denique
705 592 846 660 ipsas
878 579 1175 657 ornandus,
1233 602 1604 661 proventuram
1656 590 2007 655 existimavit,
2056 599 2166 642 tum
2220 589 2481 642 Patavinae
2528 587 2801 655 Ecclesia}
2831 592 3011 658 (quam
3061 592 3269 661 egregia

97 686 417 741 sollicitudine
446 699 521 735 ac
552 684 823 752 diligentia
873 672 1039 749 pascit
1086 689 1140 735 et
1183 681 1340 749 regit)
1369 695 1474 733 non
1520 679 1798 732 minimum
1846 676 2056 731 decoris
2096 685 2151 730 et
2193 674 2403 728 luminis
2445 687 2781 728 accessurum
2822 683 2906 730 est
2949 676 3264 746 arbitratus,

99 776 225 843 cujus
270 770 328 824 ad
382 770 655 825 diaeresin)
710 771 934 838 pertinet
988 769 1274 838 Duplavilis
1303 782 1482 836 quam,
1514 752 1746 821 nativum
1788 778 1908 821 esse
1958 764 2230 820 Fortunati
2284 762 2453 819 solum
2509 763 2803 825 certissima
2852 774 2907 821 ei
2938 767 3275 843 sinis“!!!

107 873 411 918 monumenta
443 862 523 930 (ut
553 860 792 929 ejusdem
822 861 875 915 in
908 859 1019 913 Vita
1051 857 1413 926 ostendemus)
1444 855 1777 912 conﬁrmant.
2674 926 2675 929 η

154 952 302 1013 Nunc,
332 961 383 1004 ut
411 951 606 1003 laboris
631 950 732 1003 inci
765 958 820 1002 et
847 950 1027 1016 operis,
1050 948 1188 1016 qttod
1219 948 1272 1001 in
1298 943 1656 1010 conferendis,
1684 942 2032 1008 illustrandis,
2060 939 2315 1009 augendis
2342 937 2584 993 Venantii
2616 940 2824 1007 scriptis
2879 944 3032 1010 posui
3055 941 3270 998 reddam

97 1040 316 1093 rationem
363 1038 588 1104 aliquam
616 1080 631 1100 ,
679 1051 741 1089 ac
786 1036 1065 1104 quamdam
1118 1037 1278 1089 totius
1331 1035 1585 1089 Editionis
1628 1048 1790 1104 quam
1842 1047 1958 1087 sum
2012 1043 2290 1100 aggressus
2339 1027 2525 1082 faciem
2571 1024 2665 1082 seu
2713 1030 2933 1091 formam
2978 1033 3050 1087 'ob
3088 1034 3273 1089 oculos

95 1141 273 1194 ponant,
315 1124 634 1178 Brovveriani
678 1124 888 1192 quidem
934 1125 1289 1197 exemplaris,
1337 1138 1398 1177 ac
1446 1122 1646 1178 laboris
1690 1122 1943 1191 quidquid
2004 1118 2499 1177 eratretinendum
2544 1131 2606 1172 ac
2654 1120 3012 1184 servandum,
3054 1122 3269 1179 retinui.

94 1216 185 1269 Hoc
220 1230 337 1272 sane
375 1229 467 1282 per
496 1230 580 1268 me
612 1214 685 1267 cl.
714 1214 825 1266 viro
863 1214 951 1278 sit,
998 1216 1192 1292 ut’erit
1231 1228 1461 1279 semper,
1492 1228 1595 1267 non
1625 1213 1823 1293 vulgari
1867 1210 2028 1274 laudi,
2054 1209 2190 1274 quod
2232 1214 2308 1287 tot
2338 1204 2607 1260 Fortunati
2652 1215 2913 1293 poemata,
2957 1223 3077 1276 quae
3112 1219 3266 1264 antea

91 1303 293 1358 omnium
327 1300 377 1355 iri
413 1302 747 1372 ignoratione
772 1289 1119 1355 versabantur
1158 1303 1209 1354 in
1244 1311 1479 1355 veterum
1513 1292 1945 1375 bibliothecarum
1989 1294 2203 1351 latebris
2240 1303 2294 1349 et
2330 1293 2553 1351 occultis
2580 1289 2876 1355 recessibus
2915 1295 3265 1368 investigarit,

91 1390 452 1452 emendaverit,
483 1389 780 1457 protulerit,
811 1403 1032 1456 quaeque
1075 1389 1187 1456 jam
1239 1389 1445 1443 fuerant
1494 1390 1635 1444 edita
1687 1390 1753 1445 ad
1804 1402 1931 1442 mss.
1986 1386 2237 1440 Codicum
2284 1386 2648 1439 auctoritatem
2700 1393 2753 1439 et
2807 1384 2962 1441 iidem
3015 1387 3267 1455 probarit,

92 1478 407 1544 casrigaverit,
453 1477 766 1530 correxerit.
798 1475 1152 1541 Quamobrem
1184 1476 1575 1531 Browerianum
1608 1478 1897 1542 exetnplar,
1930 1472 2070 1543 quod
2107 1473 2173 1538 is,
2202 1480 2275 1525 ut
2321 1471 2561 1540 superius
2602 1470 2734 1535 dixi,
2776 1471 2839 1525 ad
2872 1473 3083 1541 optima:
3127 1483 3269 1532 notae

88 1562 278 1617 Codices
313 1575 440 1615 mss.
464 1574 737 1630 exegerat,
770 1562 823 1615 in
850 1573 1095 1627 nostram
1140 1564 1273 1618 hanc
1315 1562 1607 1620 Editionem
1651 1566 1906 1633 integrum
1950 1563 2331 1625 transtulimus.
2362 1561 2460 1615 rati
2489 1554 2669 1615 eorum
2696 1559 2946 1615 Codicum
2994 1562 3265 1628 lectiones,

89 1668 199 1721 quas
240 1636 332 1719 ipsi
385 1652 435 1705 in
491 1649 734 1704 manibus
778 1650 975 1705 habere
1024 1667 1126 1706 non
1171 1653 1457 1720 potuimus,
1509 1654 1636 1707 satis
1680 1653 1731 1705 in
1786 1653 1874 1705 illo
1922 1650 2138 1704 indicari
2186 1658 2237 1704 et
2283 1648 2542 1716 exprimi;
2582 1644 2791 1718 siquid
2825 1662 2947 1703 vero
2994 1648 3091 1702 fuit
3127 1650 3268 1718 quod

88 1742 239 1794 minus
276 1739 539 1809 placeret,
587 1748 639 1793 et
684 1739 897 1793 aliunde
943 1739 1135 1793 melius
1181 1741 1537 1808 suppleretur,
1589 1739 1870 1792 maluimus
1911 1738 2165 1792 adnotare
2211 1751 2366 1804 quam
2418 1735 2756 1791 Brovveriano
2806 1737 2857 1789 in
2903 1744 3075 1803 textu,
3119 1750 3271 1791 secus

87 1840 220 1899 atque
248 1830 453 1884 .editum
500 1826 709 1891 fuerat,
758 1827 953 1895 aliquid
1004 1830 1299 1891 immutare.
1352 1827 1604 1893 Quocirca
1655 1825 1827 1879 Editio
1870 1826 1981 1879 haec
2034 1833 2210 1878 nostra
2259 1824 2452 1890 duplex
2498 1822 2657 1877 veluti
2705 1822 2973 1891 exemplar
3016 1824 3268 1892 continet,

85 1930 128 1972 ct
151 1919 277 1987 quod
298 1921 523 1988 primum
557 1917 837 1971 Browerus
866 1915 1050 1981 edidit,
1082 1915 1295 1983 etquod
1324 1928 1420 1967 nos
1449 1912 1568 1979 ipsi,
1602 1912 1847 1964 meliores
1879 1911 2137 1963 lectiones
2162 1908 2462 1974 indicando,
2490 1907 2853 1975 adiunximus.

143 2028 309 2081 Omnia
352 2027 615 2097 siquidem
646 2025 916 2078 Fortunati
948 2026 1139 2094 Opera,
1172 2039 1287 2091 quae
1331 2022 1500 2090 primo
1528 2020 1792 2075 volumine
1836 2019 2193 2082 continentur,
2237 2032 2355 2071 cum
2399 2017 2565 2071 tribus
2606 2029 2738 2071 mss.
2775 2014 2944 2070 Codd.
2978 2016 3265 2089 Vaticanis,

81 2114 186 2169 olim
229 2107 556 2169 bibliothecae
582 2113 852 2182 Palatinae,
895 2121 950 2166 et
986 2112 1052 2165 iis
1094 2111 1330 2179 integris,
1376 2125 1531 2177 quam
1573 2109 1833 2177 potuimus
1873 2106 2149 2179 diligenter
2196 2106 2533 2171 contulimus,
2577 2119 2707 2175 quos
2743 2104 2884 2159 circa
2927 2120 3117 2161 nonum
3158 2107 3266 2165 fere

81 2202 324 2267 saeclum,
367 2212 456 2255 aut
496 2201 783 2265 decimum;
827 2209 1073 2254 exaratos
1120 2194 1280 2253 luisse
1322 2198 1664 2268 conjecimus.
1704 2197 1839 2264 Quin
1880 2205 1935 2250 et
1971 2212 2037 2251 ex
2078 2195 2263 2250 laceris
2305 2195 2615 2265 derosisq‘ue
2654 2192 2993 2261 membranis,
3043 2197 3086 2252 si
3127 2189 3280 2271 quod:

84 2286 323 2340 Fortunati
364 2304 546 2356 poema
584 2297 670 2342 aut
718 2288 878 2341 fetum
917 2288 1079 2341 alium
1120 2302 1228 2356 prae
1264 2301 1323 2341 se
1362 2285 1502 2341 ferre
1537 2289 1661 2341 visa:
1699 2295 1841 2352 sunt,
1884 2285 2135 2356 quidquid
2169 2287 2371 2340 varium
2418 2287 2467 2340 in
2508 2285 2733 2342 lectione
2769 2286 2864 2342 fuit
2887 2288 3265 2359 excerpsimus,

81 2386 133 2424 ac
168 2375 267 2425 suis
307 2375 437 2429 locis
484 2375 671 2428 sedulo
719 2376 1147 2443 subscripsimus.
1196 2376 1327 2428 Cum
1358 2385 1535 2431 autem
1585 2376 1636 2427 in
1685 2376 1850 2428 tribus
1898 2376 1962 2433 iis
2006 2388 2136 2441 quos
2182 2375 2593 2431 commemoravi
2643 2390 2769 2431 mss.
2814 2375 2981 2433 Codd.
3030 2381 3269 2438 omnibus

82 2460 479 2517 desiderarentur
529 2474 743 2513 carmen
796 2462 827 2512 6
868 2462 904 2512 I.
936 2474 1055 2524 vm,
1098 2470 1150 2514 et
1195 2471 1417 2529 quatuor
1462 2462 1582 2519 libri
1625 2461 1690 2515 de
1726 2462 1837 2516 Vita
1886 2464 2051 2516 sancti
2102 2462 2331 2527 Martini,
2383 2462 2497 2517 lucc
2540 2465 2691 2518 nobis
2736 2457 3092 2535 suppeditavit
3136 2470 3269 2530 alius

79 2564 168 2603 non
193 2550 450 2605 inferioris
480 2550 805 2619 antiquitatis
829 2548 1009 2604 Codex
1049 2553 1171 2603 item
1202 2550 1536 2603 bibliothecae
1568 2548 1832 2604 Vaticana
1866 2549 1931 2603 ad
1958 2564 2115 2618 quem
2145 2549 2259 2617 ipsa
2290 2550 2535 2605 conferre
2562 2554 2850 2637 potuimus.

138 2657 263 2723 Quin
303 2660 460 2712 etiam
489 2657 799 2712 Calaritana:
826 2658 1083 2713 Editionis
1124 2657 1413 2728 exemplar,
1456 2660 1591 2727 quod
1622 2658 1850 2715 Venetiis
1887 2660 2091 2714 editum
2135 2670 2245 2729 est,
2284 2670 2339 2715 ut
2372 2666 2616 2730 superius
2652 2664 2901 2731 diximus,
2934 2680 3072 2721 anno
3102 2667 3262 2741 l578,

76 2760 157 2815 per
190 2749 421 2803 lia2redes
450 2749 631 2804 Jacobi
666 2749 943 2811 Simbenii,
979 2750 1042 2803 ad
1077 2749 1306 2802 Broweri
1335 2750 1602 2817 exemplar
1639 2748 1829 2804 iterum
1858 2750 2197 2813 contulimus,
2236 2764 2457 2818 quaeque
2493 2751 2559 2803 ab
2589 2764 2653 2805 eo
2691 2752 2865 2806 minus
2899 2754 3265 2813 animadversa

75 2852 126 2893 ac
152 2850 311 2893 notata
341 2840 568 2903 fuerant,
595 2854 713 2895 cum
741 2838 1061 2908 ceteroquin
1104 2839 1258 2907 digna
1301 2839 1754 2892 animadversione
1796 2838 1948 2892 nobis
1978 2839 2085 2911 visa
2126 2838 2260 2903 sint,
2300 2838 2687 2903 adnotavimus,
2717 2852 2838 2893 cum
2889 2839 2954 2893 ab
2984 2840 3268 2901 innumeris

74 2914 217 2997 prope
245 2931 453 2985 mendis
483 2930 674 2999 quibus
704 2930 789 2983 illa
820 2937 986 2983 scatet
1012 2928 1190 2992 Editio
1225 2927 1505 2994 diligenter
1540 2926 1726 2980 eadem
1761 2927 2188 2981 secrevissemus.
2226 2924 2405 2993 Neque
2430 2938 2573 2991 vero,
2610 2930 2655 2981 si
2691 2924 2744 2980 in
2771 2924 2871 2981 ulla
2903 2927 3144 2985 Editioae
3165 2930 3265 2986 alia

75 3016 257 3075 varium
283 3017 485 3085 aliquid
518 3016 838 3080 invenimus,
867 3015 1235 3091 negligendum
1258 3016 1673 3070 existimavimus
2490 3042 2493 3045 -

130 3104 240 3159 Jam
269 3120 399 3161 vero
448 3120 565 3174 quae
603 3106 671 3158 ad
694 3103 932 3158 notitiam
959 3113 1196 3181 nostram
1230 3104 1504 3179 pervenire
1534 3108 1855 3173 potuerunt,"
1881 3113 2121 3171 poemata
2150 3102 2445 3173 Fortunati,
2472 3120 2695 3177 qumque
2724 3107 2943 3176 deerant
2970 3107 3023 3163 in
3056 3108 3267 3166 Brovve-

72 3194 202 3247 riana
230 3196 493 3261 Editione,
520 3196 639 3250 huic
662 3203 855 3250 nostra
885 3195 1246 3262 adiunximus.
1298 3194 1372 3249 Ita
1398 3195 1433 3248 I.
1467 3209 1527 3261 ιι,
1559 3210 1609 3251 c.
1645 3195 1730 3259 ιο,
1761 3196 2080 3250 attexuimus
2127 3196 2381 3266 hymnum
2408 3212 2437 3251 a
2471 3197 2761 3252 Fortunato
2793 3208 2972 3254 nostro
3015 3200 3265 3266 scriptum

71 3284 115 3337 in
139 3296 373 3343 sanctum
408 3288 715 3357 Dionysium
744 3294 1053 3356 martyrem,
1101 3288 1331 3354 primum
1358 3285 1711 3340 Parisiensem
1744 3286 2043 3352 pontificem
2064 3327 2078 3352 ,
2131 3301 2288 3355 quem
2314 3287 2500 3352 edidit,
2537 3289 2605 3343 cl.
2637 3288 2905 3344 Dubletius
2937 3291 2988 3341 in
3017 3290 3265 3359 Antiqui-

70 3378 245 3427 tatibus
294 3375 795 3444 San-Dionysiauis.
849 3372 1033 3429 Eidem
1066 3375 1102 3425 l.
1151 3388 1189 3426 ιι
1235 3374 1539 3438 adjunctum
1584 3380 1667 3425 est
1709 3388 1920 3424 carmen
1967 3372 2102 3425 8rin
2137 3386 2349 3425 sacrum
2396 3374 2744 3440 baptismum,
2792 3384 2847 3429 et
2889 3366 2922 3429 9
2964 3376 3265 3437 iurlaudem

68 3461 368 3527 chrismatis,
405 3464 529 3515 item
575 3468 769 3529 scripta
799 3476 829 3513 a
859 3462 1171 3527 Fortunato,
1222 3460 1298 3512 uti
1347 3461 1458 3512 suis
1502 3456 1631 3512 locis
1660 3458 2065 3522 adnotavimus;
2112 3467 2221 3512 tum
2270 3475 2481 3514 carmen
2513 3462 2615 3528 2i,
2663 3465 2913 3532 scriptum
2952 3467 3005 3521 in
3054 3468 3263 3526 laudem

66 3554 216 3607 sancti
245 3552 528 3617 Martialis,
557 3552 710 3620 primi
742 3551 1065 3605 Lemovicini
1094 3550 1350 3619 episc0pi,
1395 3546 1535 3618 quod
1565 3548 1629 3605 ad
1674 3547 1773 3601 hoc
1811 3544 1975 3616 usque
2022 3556 2227 3615 tempus
2274 3547 2555 3623 Florentia:
2594 3551 2645 3605 in
2688 3550 3040 3611 Laurentiana
3083 3558 3270 3617 biblio~

66 3644 201 3697 theca
229 3636 506 3698 exaratum
534 3643 599 3709 in,
618 3642 812 3697 Codice
838 3643 1017 3696 saeculi
1044 3657 1117 3697 ιιι
1162 3642 1389 3697 ineuntis
1418 3641 1647 3705 delituit,
1687 3640 2004 3707 aC‘primum
2034 3638 2217 3693 Romae
2254 3638 2453 3701 editum
2487 3650 2567 3695 est
2596 3655 2683 3695 an.
2718 3641 2875 3712 1783,
2906 3645 2959 3698 in
2989 3646 3268 3705 Anecdotir

64 3732 321 3806 litt.,,vol.~
344 3734 433 3798 IV,
462 3736 754 3789 excudente
785 3734 1015 3791 Antonio
1043 3733 1323 3803 Fulgonio.
1357 3732 1621 3785 Praeterea
1651 3728 1783 3783 duos
1824 3728 2066 3798 hymnos,
2113 3727 2302 3796 quibus
2336 3728 2565 3784 Ecclesia
2617 3732 2783 3787 utitur
2807 3733 2859 3787 in
2903 3722 3074 3793 Fastis
3098 3739 3266 3797 beata

62 3820 219 3876 Maria
240 3822 486 3893 virginis,
516 3836 741 3892 quorum
768 3838 903 3895 unus
932 3823 1115 3897 incipit
1149 3825 1306 3889 Quem
1334 3830 1489 3883 terra.
1520 3830 1703 3890 pontus
1729 3837 1750 3888 ;
1778 3821 1986 3885 mthera,
2011 3819 2152 3888 alter
2189 3833 2314 3873 vero
2342 3818 2462 3889 Ave,
2489 3821 2641 3873 maris
2665 3820 2846 3888 Stella,
2892 3839 2957 3878 ex
2987 3826 3264 3895 ﬂymnarir

60 3911 123 3963 cl.
144 3915 287 3965 card.
321 3912 535 3967 Tomasi
567 3912 968 3980 exscripsimus,
1021 3912 1073 3965 in
1099 3926 1202 3982 quo
1225 3913 1322 3966 sub
1351 3912 1562 3967 nomine
1595 3911 1835 3967 Venantii
1872 3910 2142 3966 Fortunati
2173 3911 2453 3987 leguntur;
2501 3897 2555 3966 et
2582 3911 2674 3968 lib.
2704 3926 2816 3977 vnt,
2847 3914 2943 3967 sub
2971 3930 3122 3986 capp.
3150 3914 3187 3969 ι
3212 3925 3264 3980 et

59 4001 107 4068 5,
134 4002 475 4057 inseruimus.
511 4002 693 4057 Eidem
728 3993 863 4056 libro
889 4001 1187 4056 addidimus
1223 4016 1437 4067 carmen
1466 4001 1521 4066 8,
1546 4001 1687 4069 quod
1717 4001 1771 4053 in
1798 4015 1905 4052 uno
1934 3999 2063 4076 Cod.
2092 3998 2208 4053 Vat.
2241 3994 2481 4053 exstabat
2507 4000 2571 4054 ad
2602 4002 2795 4056 calcem
2820 4002 3046 4072 Operum
3081 4006 3261 4063 Fortu-
3344 4026 3345 4029 η

56 4094 192 4157 nati;
230 4094 374 4161 quod
404 4093 523 4162 quia
562 4094 755 4163 stylum
784 4103 836 4146 et
865 4085 1589 4158 indolem‘Fortunati‘ipsius
1633 4091 1685 4144 in
1725 4090 2007 4145 scribendo
2036 4105 2225 4159 sapere
2269 4092 2436 4147 visum
2467 4103 2567 4158 est,
2613 4093 2667 4149 in
2704 4105 2945 4153 nostram
2974 4099 3109 4157 hanc
3136 4102 3265 4158 Edi-

58 4181 246 4238 tionem
275 4183 531 4238 duximus
558 4181 999 4236 translerendum.
1022 4171 1024 4174 ’
1048 4182 1356 4249 Quanquam
1388 4180 1512 4233 illud
1540 4180 1780 4247 pluribus
1816 4178 2021 4235 mendis
2049 4193 2127 4243 ex,
2146 4179 2409 4250 imperitia
2450 4184 2846 4238 amanuensium
2876 4201 3146 4253 aspersum
3177 4193 3266 4247 vix

54 4273 319 4328 emendari
352 4287 508 4349 posse
534 4266 808 4351 videbatur
832 4284 847 4335 ;
876 4284 938 4323 ac
965 4282 1171 4336 revera,
1201 4268 1442 4336 quamvis
1467 4268 1717 4336 pleraque
1749 4269 2033 4338 integritati
2077 4283 2186 4323 sure
2213 4271 2451 4324 restituta
2497 4286 2525 4321 ιι
2554 4284 2638 4327 me
2670 4270 2793 4337 sint,
2824 4272 2994 4329 adhuc
3023 4287 3144 4332 sunt
3172 4279 3267 4335 ali-

50 4376 145 4429 qua
174 4362 369 4428 quibus
397 4359 721 4440 corrigendis
750 4358 890 4411 nulla
915 4358 1220 4428 conjectura
1253 4357 1537 4424 probabilis
1567 4357 1741 4412 all‘erri
1772 4357 1957 4426 potuit.
1992 4356 2142 4424 item,
2180 4371 2231 4411 c.
2261 4360 2293 4413 9
2325 4359 2361 4411 i.
2390 4374 2422 4413 x
2447 4359 2753 4417 addidimus
2766 4377 2980 4420 carmen
3010 4369 3263 4439 scriptum
3362 4380 3363 4383 ‘

48 4448 95 4504 in
124 4448 338 4525 laudem
358 4448 685 4502 Childeherti
718 4448 876 4516 regis,
900 4444 1039 4517 quOd
1070 4447 1139 4500 cl.
1173 4445 1510 4501 MabillOnius
1538 4448 1773 4510 ediderat
1799 4456 2033 4503 veterum
2063 4447 2305 4500 Analect.
2338 4456 2378 4500 t.
2406 4446 2447 4513 Ι,
2490 4463 2608 4519 pag.
2642 4450 2765 4517 560,
2795 4462 2849 4509 et
2877 4455 2929 4507 in
2956 4456 3058 4513 line
3086 4458 3176 4513 lib,
3211 4476 3267 4515 χι

48 4539 381 4595 adtexnimns
420 4553 621 4609 poemar
651 4540 948 4603 recitatum,
987 4538 1061 4593 uti
1102 4534 1325 4601 videtur,
1366 4551 1394 4589 a
1438 4536 1721 4591 Fortunato
1758 4536 1809 4589 in
1837 4543 2095 4591 conventu
2132 4536 2441 4591 monialium
2470 4552 2614 4592 mon.
2658 4538 2883 4608 Pictav.,
2915 4544 3059 4599 lorte‘
3083 4560 3149 4601 eo
3177 4548 3265 4604 die

48 4646 148 4701 quo
188 4624 479 4703 episcopus
513 4630 853 4699 inauguratus
886 4615 969 4685 est
999 4648 1012 4684 :
1040 4628 1179 4705 quod
1219 4626 1371 4683 nobis
1399 4626 1751 4697 suppeditavit
1794 4626 1979 4682 derosa
2022 4626 2242 4694 scheda,
2269 4627 2473 4700 adjecta
2511 4629 2602 4683 uni
2641 4643 2674 4686 e
2696 4629 2863 4687 Codd.
2894 4633 3034 4705 Vat.,
3062 4637 3138 4691 uti
3163 4652 3260 4693 suo

48 4724 157 4777 loco
178 4722 559 4778 indicavimus.
1060 4703 1065 4713 ’

114 4800 300 4868 Altera
335 4825 467 4868 vero
493 4805 758 4887 Editioms
793 4816 988 4865 nostra:
1023 4823 1145 4879 pars
1184 4800 1551 4879 complectitur
1574 4808 1720 4865 Vitas
1759 4817 2081 4877 sanctorum,
2106 4822 2237 4879 quas
2267 4823 2297 4864 a
2326 4810 2616 4870 Fortunato
2655 4810 3001 4885 elucubratas
3028 4825 3260 4875 veterum

48 4896 376 4973 testimonia,
407 4915 469 4971 ac
490 4890 613 4977 styli
641 4900 874 4957 afﬁnitas
899 4900 1278 4970 prodiderunt;
1308 4914 1529 4969 quaeque
1556 4901 1807 4954 hactenus
1836 4900 2009 4954 varios
2035 4900 2176 4971 apud
2219 4910 2534 4961 tractatores
2560 4888 2833 4981 dispersa,
2870 4920 3007 4961 nunc
3034 4908 3258 4981 primum

48 4982 206 5077 (quod
250 4992 473 5063 quidem
512 5003 611 5060 ego
644 4987 833 5077 sciam)
875 4986 993 5045 cum
1035 4988 1244 5071 caeteris
1275 4987 1545 5043 Fortunati
1586 4989 1843 5058 Operibus
1881 4990 2115 5055 collectas
2162 4992 2217 5048 in
2261 4994 2435 5049 lucem
2476 4996 2753 5070 prodeunt.
2801 4996 2994 5050 Harum
3024 4998 3171 5054 alias
3195 5016 3261 5056 ex

48 5074 189 5137 Actis
226 5091 549 5139 sanctorum
588 5074 1002 5145 ordinis'sancti
1037 5079 1307 5153 Benedicti
1357 5081 1698 5148 sumpsimns,
1748 5082 1874 5137 alias
1920 5084 2291 5155 Bollandistaa,
2329 5088 2443 5143 sive
2488 5096 2729 5142 auctores
2774 5085 2897 5151 alii,
2944 5091 3095 5145 nobis
3132 5108 3260 5163 sup-

48 5171 394 5245 peditarunt,
437 5170 513 5235 uti
549 5170 665 5235 suis
705 5169 835 5251 locis
873 5169 1148 5248 diligenter
1191 5168 1559 5224 indicavimus.
1609 5170 1763 5238 Quin
1792 5181 1844 5225 et
1882 5172 2217 5228 doctissimas
2264 5184 2450 5243 notas,
2499 5177 2687 5248 quibus
2732 5178 2943 5233 easdem
2991 5191 3169 5235 auctas
3206 5190 3263 5243 et

48 5270 265 5317 ornatas
308 5272 343 5314 ι
382 5258 586 5315 clariss.
628 5257 929 5313 Editoribns
956 5259 1273 5321 invenimus,
1302 5257 1629 5316 subscribere
1661 5263 1829 5315 visum
1874 5274 1984 5329 est;
2027 5266 2224 5332 aliquas
2269 5266 2421 5317 etiam
2460 5265 2527 5319 de
2561 5276 2765 5335 nostro,
2791 5270 2876 5322 ubi
2906 5280 3261 5339 opportunum

48 5348 350 5416 videbatur,
377 5350 686 5437 adjecimus.
717 5347 1029 5409 Addidimus
1067 5358 1121 5411 et
1150 5349 1280 5408 Acta
1312 5351 1571 5417 passionis
1614 5353 1779 5407 sancti
1808 5354 2036 5430 Dionysii
2064 5355 2294 5421 episcopi
2328 5354 2660 5433 Parisiensis,
2692 5373 2811 5425 qua:
2833 5359 2997 5413 edidit
3041 5363 3107 5418 cl.
3158 5364 3260 5418 Bo.

48 5448 272 5509 squetus
310 5440 370 5502 in
400 5439 597 5497 Hister.
645 5440 789 5516 Eccl.
821 5440 1022 5509 Galliae,
1054 5453 1105 5508 p.
1133 5439 1191 5513 2,
1216 5450 1270 5493 et
1296 5455 1397 5495 una
1441 5443 1750 5510 protulimus
1798 5443 2027 5501 rationes
2054 5441 2243 5512 quibus
2270 5442 2540 5502 Adrianus
2582 5449 2819 5506 Valesius
2845 5453 3098 5515 adversus
3123 5455 3261 5513 ιου-

48 5528 226 5587 noiutn
257 5527 554 5587 ostendere
572 5538 794 5595 conatur
822 5529 982 5590 luisse
1001 5528 1091 5584 illa
1117 5546 1147 5586 a
1172 5528 1464 5590 Fortunato
1493 5528 1819 5587 elucubrata.
2604 5582 2607 5585 ,

115 5619 409 5681 Postremo
437 5618 554 5675 loco
582 5622 850 5690 posuimus
879 5620 1207 5703 Symbolum,
1255 5622 1409 5694 volgo
1436 5622 1869 5691 Athanasianum,
1919 5637 1981 5679 ac
2029 5625 2276 5694 scriptam
2304 5627 2358 5683 in
2386 5628 2511 5686 illud
2557 5633 2940 5713 expositionem
2981 5652 3137 5711 quam
3181 5639 3253 5698 cl.
