3820 6236
521 287 592 343 18
1047 285 1550 344 PROLEGOMENA
1588 289 1679 345 AD
1722 288 2040 344 VENANTII
2083 288 2239 344 HON.
2279 285 2483 341 CLEM.
2526 283 2914 340 FORTUNATI
2953 282 3206 358 ΟΡβίἶΑ.
3679 285 3734 338 16

520 394 833 453 Iluratorius
863 395 1062 449 Anecd.
1093 403 1131 449 t.
1163 396 1224 462 ll,
1260 412 1376 468 pag.
1423 397 1549 466 212,
1599 400 1834 468 protulit.
1890 415 1956 454 ex
2005 400 2408 454 membranaceo
2452 395 2644 451 Codice
2688 392 3021 450 bibliothecae
3067 395 3437 449 Ambrosianus
3460 403 3678 459 erutam,
3705 410 3734 451 e

523 485 713 556 quibus
743 485 1049 552 alterutrum
1079 487 1188 554 ipse
1221 488 1506 542 Fortunato
1533 500 1718 544 nostro
1766 490 2157 544 attribuendmn
2200 489 2332 542 forte
2361 497 2559 552 censet,
2599 501 2661 540 ac
2707 493 2975 539 momenta
3011 485 3202 555 quibus
3251 485 3393 539 idem
3444 485 3730 552 opinionem

522 593 678 640 suam
711 590 885 635 tuetur
905 582 1199 646 attulimus,
1229 594 1282 637 et
1306 582 1431 651 quid
1462 585 1782 637 sentiremus
1811 583 1911 651 ipsi
1939 584 2285 637 ostendimus.
2857 637 2866 650 ,

593 673 743 741 Quod
774 687 897 728 vero
921 675 1202 747 attinetiad
1243 682 1398 728 notas
1450 674 1684 727 Broweri
1714 675 1764 728 in
1814 685 2049 744 poemata
2098 675 2395 742 Fortunati,
2447 684 2564 730 erat
2610 673 2822 744 quidem
2854 674 2908 725 in
2938 672 3113 725 animo
3147 671 3380 739 integras
3408 670 3626 724 easdem
3649 670 3731 725 ad-

524 764 654 820 dere
682 763 802 818 huic
850 774 1047 819 nostra:
1093 765 1360 830 Editioni;
1409 752 1501 819 sed
1545 780 1663 818 cum
1697 765 1858 819 nimia
1889 781 2069 819 earum
2118 775 2172 820 et
2200 781 2340 834 stupe
2395 764 2593 818 inutilis
2636 764 2908 833 prolixitas
2956 763 3262 826 absterruit,
3315 772 3424 815 tum
3456 776 3661 817 errores
3685 764 3729 818 in

524 869 660 923 quos
691 855 950 910 interdum
995 856 1173 922 lapsus
1214 853 1647 923 deprehenditur,
1689 856 1757 907 ab
1783 854 1875 907 illo
1902 855 2125 908 consilio
2170 869 2266 908 nos
2293 855 2447 924 plane
2489 860 2803 908 avocarunt'.
2852 852 3028 907 Satius
3076 851 3252 919 itaque
3283 850 3536 904 duximus
3564 853 3728 904 eBro-

523 959 671 999 wero
697 935 760 999 ea
787 946 1012 1014 seligere
1036 961 1150 1014 quae
1196 944 1263 998 ab
1288 959 1469 999 errore
1498 952 1648 998 erant
1686 953 1906 1008 remota,
1946 952 2000 997 et
2028 959 2146 1012 quae
2189 942 2255 996 ad
2285 943 2454 996 lucem
2481 941 2709 1009 aliquam
2752 938 2908 993 rebus
2940 938 3263 992 aﬂ'crendam
3292 951 3584 1004 opportuna
3632 940 3726 992 visa

522 1042 665 1100 sunt,
689 1050 720 1089 a
751 1035 847 1089 viri
873 1036 939 1088 cl.
970 1035 1261 1089 eruditione
1306 1031 1560 1102 profecta,
1583 1047 1738 1102 quam
1769 1031 2062 1099 promiscue
2090 1031 2268 1084 omnia
2312 1028 2590 1098 subjicere.
2622 1027 2822 1094 Quibus
2862 1033 3036 1080 autem
3067 1026 3120 1078 in
3150 1025 3282 1078 locis
3308 1026 3420 1080 sive
3460 1026 3728 1081 Browerus

519 1121 651 1191 ipse,
682 1134 772 1179 aut
792 1125 1047 1194 quispiam
1086 1125 1217 1177 alius
1247 1122 1354 1176 falli
1382 1123 1521 1177 visus
1547 1131 1649 1187 est,
1692 1120 1949 1190 judicium
1977 1130 2234 1184 nostrum,
2267 1127 2322 1171 ut
2349 1117 2633 1186 potuimus,
2660 1113 3079 1178 declaravimus,
3124 1112 3368 1166 eamdem
3408 1128 3647 1182 operam,
3689 1116 3725 1167 si

519 1210 642 1280 quid
670 1211 751 1265 vel
781 1213 902 1281 ipsi,
934 1222 990 1266 ut
1015 1213 1274 1273 homines,
1305 1209 1608 1264 ballucinati
1637 1212 1920 1274 fuerimus,
1939 1210 2079 1264 bono
2109 1209 2284 1261 animo
2316 1207 2383 1260 ab
2403 1206 2519 1260 aliis
2547 1215 2941 1272 exspectantes.

590 1294 667 1350 Ac
698 1299 947 1366 quidquid
977 1299 1043 1353 ad
1072 1297 1348 1353 Fortunati
1381 1298 1541 1365 ipsius
1569 1298 1738 1365 Opera
1765 1298 2073 1352 illustranda
2103 1299 2370 1367 pertinere
2419 1304 2649 1364 poterat,
2697 1304 2752 1348 et
2779 1294 2844 1349 ad
2870 1295 3149 1350 scientiam
3197 1305 3428 1350 nostram
3477 1299 3723 1365 pervenit,

522 1385 752 1452 undique
783 1385 1072 1452 hausimus,
1096 1394 1150 1441 et
1176 1387 1558 1453 excerpsimus,
1606 1386 1929 1453 singulorum
1961 1388 2174 1440 nomina
2196 1401 2228 1440 a
2257 1386 2449 1455 quibus
2481 1384 2702 1440 mutuati
2731 1399 2915 1439 sumus
2952 1384 3150 1453 aliquid
3181 1385 3405 1440 ﬁdeliter
3432 1402 3493 1440 ac
3519 1389 3633 1442 sine
3660 1389 3724 1442 ia-

522 1473 660 1528 vitlia
689 1475 1034 1530 ascribentes.
1065 1475 1230 1542 Quam
1258 1476 1323 1528 ad
1351 1489 1460 1529 rem
1490 1474 1650 1542 Greg.
1685 1473 1811 1527 'I‘ur.
1843 1475 1897 1527 in
1928 1476 2128 1541 primis,
2159 1485 2340 1529 nostro
2370 1475 2655 1528 Fortunato
2698 1487 2926 1537 coaevus,
2958 1482 3065 1527 tum
3096 1472 3184 1525 alii
3213 1488 3392 1527 rerum
3421 1475 3721 1530 Gallicarum

517 1565 805 1633 scriptores
836 1580 1076 1634 magnam
1101 1580 1253 1632 opem
1285 1564 1436 1619 nobis
1464 1565 1773 1616 attulerunt.
1809 1562 2087 1617 Browerus
2116 1563 2273 1617 etiam
2304 1563 2369 1616 ad
2392 1561 2689 1616 Germaniae
2715 1561 2849 1628 loca,
2874 1575 3099 1628 quorum
3125 1562 3366 1614 meminit
3393 1561 3719 1629 Fortunatus,

518 1654 742 1706 notanda
773 1664 827 1707 et
851 1655 1170 1722 designanda
1204 1655 1484 1722 plurimum
1514 1653 1803 1721 adjumenti
1832 1652 2053 1706 contulit
2083 1670 2097 1717 ;
2147 1651 2298 1721 cujus
2324 1648 2645 1714 auctoritati,
2692 1648 2833 1717 quod
2865 1648 2954 1702 ille
2981 1647 3043 1701 iis
3071 1646 3199 1714 ipsis
3228 1647 3280 1701 in
3325 1649 3451 1702 locis
3477 1664 3595 1703 cum
3643 1651 3721 1703 illa

513 1740 783 1792 scribebat
809 1749 1128 1804 versaretur,
1160 1740 1439 1809 plurimum
1473 1740 1768 1806 tribuimus,
1795 1749 1951 1808 atque
1982 1740 2100 1795 ideo
2128 1756 2232 1795 non
2255 1741 2612 1795 dubitavimus
2640 1741 2842 1808 integra
2863 1737 3100 1808 ejusdem
3125 1737 3426 1792 testimonia
3451 1739 3718 1809 aliquando

513 1826 842 1880 exscribere.

587 1913 682 1966 llic
706 1922 880 1967 autem
910 1922 1023 1968 erat
1067 1915 1211 1969 locus
1241 1915 1464 1970 fortasse
1493 1926 1546 1972 ut
1573 1932 1634 1972 ea
1665 1919 2085 1987 expenderemus
2114 1934 2232 1989 quae
2262 1920 2314 1974 in
2345 1919 2602 1988 Operibus
2630 1919 2901 1974 Fortunati
2929 1920 3088 1974 duota
3114 1918 3379 1974 interdum
3408 1929 3464 1974 et
3507 1920 3716 1976 obscura

514 2012 794 2058 occurrunt
819 2021 835 2069 ;
864 2006 956 2058 sed
988 2006 1285 2059 maluimus'
1312 2006 1516 2076 singula
1542 2007 1652 2062 suis
1681 2008 1732 2060 in
1763 2008 1890 2062 locis
1915 2023 2167 2064 revocare
2209 2010 2275 2063 ad
2306 2024 2528 2064 examen
2551 2050 2566 2075 ,
2617 2023 2680 2061 ac
2707 2007 2833 2078 quid
2862 2007 2929 2062 de
2958 2008 3086 2077 ipsis
3125 2008 3446 2062 sentiremus
3474 2009 3712 2077 proferre,

515 2108 669 2163 quam
700 2095 824 2148 inde
850 2095 1083 2164 legentes
1115 2097 1441 2161 abstrahere,
1475 2108 1527 2152 et
1555 2099 1620 2151 ad
1653 2099 1764 2151 loca
1792 2100 1894 2152 alia
1923 2099 2228 2152 amandare.
3675 2108 3678 2112 '

585 2184 712 2242 Illud
742 2186 913 2251 potius
941 2171 1290 2252 indagandum
1323 2185 1481 2239 modo
1512 2186 1732 2250 videtur,
1782 2200 2021 2254 quaenam
2048 2201 2114 2239 ex
2152 2187 2232 2239 his
2253 2199 2370 2254 quae
2402 2199 2430 2236 a
2464 2184 2751 2240 Fortunato
2797 2170 3099 2238 elucubrata
3131 2185 3436 2252 accepimus
3477 2183 3714 2252 Operibus

512 2274 766 2339 temporis
800 2270 989 2339 injuria
1020 2273 1290 2337 deperdita
1319 2270 1447 2336 sint,
1471 2283 1562 2326 aut
1591 2286 1832 2340 quamam
1859 2272 2086 2327 diversis
2116 2273 2281 2326 titulis
2311 2281 2495 2326 ornata
2517 2289 2546 2325 a
2578 2268 2864 2338 veteribus,
2895 2273 2996 2326 alia
3022 2273 3263 2339 cuiquam
3290 2272 3458 2326 videri
3489 2285 3708 2340 possunt.

516 2374 672 2427 quam
704 2375 820 2426 quae
852 2359 902 2412 in
931 2360 1172 2413 manibus
1195 2359 1304 2428 jam
1340 2359 1617 2426 habemus,
1672 2360 1791 2412 licet
1825 2375 1926 2413 non
1958 2361 2141 2415 iisdem
2170 2369 2470 2434 επιγραφοιῖς
2517 2361 2789 2429 inscripta.
2824 2360 3018 2414 Paulus
3070 2359 3352 2424 Diaconos,
3395 2361 3532 2414 Hist.
3561 2362 3710 2430 Long.

512 2447 606 2502 li'b.
643 2463 700 2513 ll,
735 2463 879 2502 num.
919 2449 1006 2512 15,
1036 2458 1216 2502 narrat
1248 2449 1471 2520 hymnos
1499 2450 1820 2517 singularum
1853 2449 2196 2502 l'estivitatum
2233 2463 2261 2499 a
2292 2440 2578 2502 Furtunato
2607 2449 2767 2502 luisse
2807 2449 3176 2512 concinnatus;
3209 2461 3270 2500 ac
3298 2446 3629 2513 Tritbetnius,
3669 2451 3710 2502 in

511 2535 604 2592 lib.
646 2536 710 2590 de
749 2536 1004 2605 Scriptor.
1053 2537 1458 2602 ecclesiasticis,
1507 2548 1691 2591 texens
1719 2533 1999 2591 elenchum
2029 2537 2258 2605 Operum
2287 2535 2575 2600 Fortunati,
2615 2537 2837 2606 hymnos
2884 2553 3065 2591 Lxxvu
3116 2548 3415 2603 enumerat,
3464 2539 3711 2605 colligatos

510 2636 667 2676 unum
700 2625 751 2676 in
781 2625 1052 2687 Volumen,
1078 2639 1211 2692 quos
1249 2623 1314 2677 ab
1343 2626 1457 2693 ipso
1487 2625 1772 2678 Fortunato
1804 2624 2033 2692 scriptos
2059 2624 2219 2676 fuisse
2247 2635 2628 2679 commemorat
2655 2644 2665 2677 :
2699 2640 2918 2693 quorum
2953 2627 3176 2692 primum
3210 2625 3355 2691 ponit
3383 2625 3528 2678 illum
3559 2628 3708 2694 quiin

516 2723 692 2767 nostra
727 2715 962 2768 Editione
989 2725 1160 2768 exstat
1189 2727 1304 2781 cap.
1335 2714 1367 2764 3
1399 2714 1487 2766 Ιι1›.
1519 2729 1631 2776 vnt,
1680 2714 1872 2780 quique
1903 2707 2086 2780 incipit
2109 2712 2360 2780 Agnoscat
2407 2728 2553 2765 omne
2578 2715 2840 2776 siccatum,
2871 2722 2974 2765 etc.
3004 2713 3072 2763 At
3099 2724 3195 2763 nos
3225 2726 3516 2777 perpaucos
3543 2717 3709 2766 admo-

516 2804 639 2858 dum
669 2805 891 2873 hymnos
914 2818 1047 2871 quos
1087 2802 1294 2871 quidem
1321 2817 1351 2854 a
1384 2801 1644 2856 Venantio
1687 2803 2015 2867 conscriptos
2047 2800 2348 2852 noverimus
2396 2799 2670 2862 habemus,
2699 2807 2856 2865 atque
2886 2798 3002 2852 illos
3046 2797 3242 2865 passim
3281 2798 3549 2862 dispersos
3592 2800 3708 2853 inter

512 2901 701 2946 caetera
733 2893 1004 2946 Fortunati
1058 2896 1248 2960 Opera,
1282 2901 1337 2943 ut
1362 2892 1575 2944 eosdem
1615 2889 1828 2943 minime
1869 2903 1987 2942 esse
2024 2885 2362 2955 judicandum
2393 2887 2461 2939 sit
2487 2885 2554 2940 de
2583 2885 2770 2954 quibus
2798 2885 2987 2939 Paulus
3019 2885 3162 2945 Diae.
3193 2893 3248 2938 et
3277 2885 3593 2939 Trithemius
3634 2887 3709 2937 lo-

508 2995 756 3051 quuntur.
800 2985 1056 3051 Quocirca
1098 2991 1354 3037 vetustate
1381 2982 1498 3035 illos
1529 2982 1731 3035 deletos
1780 2979 1940 3032 fuisse
1991 2976 2326 3045 judicandnm
2357 2983 2457 3037 est,
2509 2984 2599 3027 aut
2643 2975 2932 3041 incognitus
2958 2973 3129 3025 adhuc
3160 2972 3362 3038 uspiam
3390 2973 3584 3040 jacere,
3633 2983 3708 3026 aut

513 3089 638 3126 vero
669 3073 786 3125 illos
814 3074 996 3127 alienis
1042 3074 1141 3126 sub
1170 3073 1470 3125 numinibus
1502 3069 1778 3124 venditari.
1832 3068 2111 3120 Browerus
2152 3076 2324 3116 tamen
2357 3061 2501 3114 nullo
2531 3062 2686 3114 modo
2715 3061 2998 3115 assentitur
3047 3069 3125 3114 tot
3152 3075 3179 3111 a
3211 3059 3474 3113 Venantio
3497 3062 3707 3114 conseri.

513 3172 632 3230 ptos
664 3162 882 3229 hymnos
912 3163 1073 3216 fuisse
1102 3173 1229 3230 quot
1251 3169 1491 3214 recenset
1519 3159 1857 3220 'l'rithemius,
1892 3153 2009 3208 cuni
2043 3151 2296 3212 universi,
2337 3152 2429 3212 ait,
2464 3163 2598 3216 quos
2631 3149 2869 3202 Ecclesia
2899 3164 2989 3217 per
3019 3164 3216 3201 annum
3244 3147 3450 3212 recitat,
3483 3164 3602 3213 xctt,
3631 3145 3707 3201 aut

509 3261 612 3301 nun
645 3249 807 3301 multo
839 3250 1032 3316 plures,
1063 3250 1184 3311 sint,
1215 3262 1435 3314 quorum
1469 3247 1744 3313 plerosque
1775 3244 1840 3296 ad
1868 3258 1990 3296 suos
2020 3250 2262 3293 auctores
2305 3249 2416 3292 tuto
2459 3240 2658 3292 referre
2709 3240 2852 3301 licet,
2904 3252 3195 3305 perpaucos
3245 3239 3310 3290 ad
3363 3239 3702 3294 Fortunatam.

509 3332 732 3387 Perinde
761 3345 914 3402 atque
945 3349 1048 3387 non
1080 3344 1317 3401 tempore
1348 3332 1495 3385 Pauli
1543 3331 1752 3384 Diaconi
1782 3332 1974 3396 passim
2008 3330 2058 3382 in
2108 3328 2278 3382 Gallia
2325 3327 2504 3395 hymni
2537 3329 2714 3395 plures
2742 3342 2771 3378 a
2805 3327 3074 3385 Venantio~
3113 3338 3296 3381 nostro
3324 3329 3607 3383 elucubrati
3649 3333 3704 3383 ad

505 3432 806 3476 sanctorum
829 3423 957 3476 festa
1006 3422 1321 3475 celebranda
1370 3430 1423 3472 et
1452 3420 1700 3482 deinceps
1727 3417 1967 3470 adhiberi
1997 3418 2284 3482 potuerint,
2313 3429 2533 3480 quorum
2565 3413 2616 3466 in
2649 3414 2842 3473 locum,
2876 3423 2932 3466 ut
2953 3429 3095 3480 s:epe
3124 3415 3201 3480 lit,
3245 3414 3335 3467 alii
3365 3414 3565 3468 sull'ecti
3590 3417 3701 3482 sint,

505 3517 617 3566 aut.
645 3509 712 3561 ab
738 3509 851 3562 aliis
881 3510 1114 3576 castigati
1145 3517 1196 3560 ct
1219 3505 1519 3567 restaurati,
1552 3504 1656 3558 dici
1703 3503 1974 3557 Fortunati
2001 3504 2137 3570 apud
2169 3504 2444 3571 plerosque
2467 3503 2742 3565 desierint,
2775 3503 2864 3572 qui
2887 3504 3094 3557 collecti
3125 3520 3154 3557 a
3199 3507 3448 3574 quopiam
3478 3492 3630 3561 unum
3656 3508 3700 3559 in

506 3600 794 3660 volnmem,
825 3599 887 3647 all
917 3595 1196 3647 ’l‘rithemii
1227 3609 1391 3660 usque
1421 3600 1630 3648 aetatem
1661 3591 2062 3656 permanserint.
2093 3591 2248 3640 Certe
2281 3593 2504 3655 hymnus
2530 3593 2755 3654 scriptus
2785 3607 2814 3642 a
2846 3592 3134 3646 Fortunato
3164 3592 3216 3646 in
3259 3603 3500 3646 sanctum
3528 3594 3700 3662 Diony-

505 3683 643 3735 aiunt
664 3693 949 3750 martyrem
981 3682 1068 3748 (de
1099 3694 1202 3748 quo
1227 3693 1384 3744 supra
1417 3677 1574 3731 locuti
1602 3677 1827 3744 smnus),
1857 3677 2206 3744 conseriptus,
2239 3685 2294 3728 ut
2325 3676 2550 3739 videtur,
2578 3676 2642 3730 ad
2675 3691 2825 3729 nsum
2859 3677 3107 3732 Ecclesiae
3135 3681 3474 3747 Parisiensis,
3502 3685 3541 3736 is
3562 3684 3696 3738 dein~

431 3768 433 3770 ’
509 3786 636 3839 ceps
660 3774 948 3835 obsoletns,
978 3781 1032 3824 et
1057 3781 1348 3838 expunctus
1376 3784 1440 3823 ex
1473 3769 1786 3838 hymnorum
1817 3771 2077 3837 catalogo,
2108 3768 2351 3822 omnibus
2381 3771 2607 3836 ignotus,
2642 3769 2818 3822 tandiu
2845 3769 3011 3838 jacuit
3049 3773 3101 3826 in
3132 3774 3355 3842 pulvere
3382 3789 3448 3830 ac
3489 3776 3694 3830 tenebris

505 3859 680 3926 quoad
709 3861 834 3913 clar.
872 3857 1145 3911 Dnbletius
1182 3873 1300 3911 eum
1331 3867 1562 3921 erueret,
1592 3867 1748 3922 atque
1775 3857 1954 3912 ederet
1986 3858 2036 3911 in
2069 3859 2247 3927 Antiq.
2293 3858 2781 3927 San-Dionysianis.
2827 3859 2955 3914 Item
2987 3871 3225 3920 vetustus
3248 3864 3427 3921 Codex
3455 3868 3520 3921 cl.
3563 3868 3688 3922 card.

509 3943 719 3997 Tomasi
748 3937 878 3998 duos
907 3944 1132 4011 hymnos
1159 3945 1385 4007 scriptos
1411 3944 1462 3996 in
1493 3943 1701 3995 laudem
1734 3944 1900 3996 beatae
1946 3936 2124 3999 Maria:
2152 3947 2389 4015 virginis,
2439 3961 2501 4002 ac
2529 3957 2782 4019 perpetuo
2821 3965 2917 4004 usu
2947 3951 3015 4004 ab
3065 3952 3302 4009 Ecclesia
3347 3966 3612 4026 usurpatos
3647 3965 3689 4010 et

517 4043 771 4094 retentos,
805 4032 1076 4084 Fortunati
1099 4044 1218 4083 esse
1246 4030 1493 4093 ostendit,
1525 4039 1583 4082 ut
1609 4043 1768 4098 supra
1788 4031 2033 4083 diximus.

579 4135 867 4203 Sigibertus
901 4136 1080 4193 etiam,
1113 4134 1165 4185 in
1191 4133 1284 4195 lib.
1317 4135 1383 4186 de
1411 4135 1603 4201 Script.
1639 4135 1871 4203 Eccles.,
1916 4152 2034 4205 cap.
2081 4139 2182 4206 45,
2213 4143 2533 4196 mentionem
2561 4144 2682 4197 iacit
2709 4144 3050 4216 Hodoeperici
3085 4149 3384 4218 Fortunati,
3417 4156 3548 4224 quod
3575 4172 3686 4224 opno

517 4229 720 4277 scutum
750 4226 1003 4277 incertum
1036 4232 1115 4276 est
1145 4233 1314 4274 utrum
1358 4238 1422 4275 ne
1451 4225 1684 4292 perierit,
1731 4239 1796 4276 an
1829 4241 1988 4278 unum
2017 4227 2085 4280 sit
2112 4243 2176 4280 ex
2208 4225 2272 4281 iis
2301 4229 2509 4296 aliquod
2558 4246 2671 4296 qua:
2701 4244 2929 4297 exstant,
2979 4246 3033 4289 et
3087 4236 3138 4288 in
3180 4238 3372 4305 quibus
3403 4242 3687 4296 Fortunatus

510 4317 620 4384 ipse
645 4318 742 4372 iter
771 4318 935 4370 ullutn
966 4332 1140 4377 suum,
1171 4317 1249 4369 vel
1282 4315 1418 4382 quod
1444 4330 1508 4367 ex
1546 4315 1688 4368 Italia
1723 4315 1774 4367 in
1806 4314 2045 4382 Galliam,
2072 4320 2153 4372 vel
2187 4335 2278 4385 per
2302 4319 2524 4371 Galliam
2552 4323 2794 4389 quopiam
2823 4335 2912 4377 aut
2935 4325 3297 4394 Germaniam,
3350 4332 3684 4394 contenderat,

506 4404 778 4458 describit.
828 4405 952 4458 Illud
982 4404 1146 4470 ipsum
1181 4403 1577 4470 llodoeporicon
1610 4401 1841 4455 indicare
1869 4403 2070 4456 videtur
2103 4405 2294 4459 Paulus
2319 4398 2600 4472 Diaconos,
2649 4424 2766 4462 cum
2793 4413 3019 4467 allirmat
3066 4420 3257 4485 saepius
3285 4420 3446 4476 citato
3473 4422 3577 4477 loco
3604 4421 3686 4476 \‘e-

507 4498 741 4547 nantium
775 4495 882 4547 suis
914 4496 962 4546 in
985 4495 1305 4545 carminibus
1339 4495 1457 4556 iter,
1487 4506 1592 4559 quo
1621 4492 1672 4542 in
1699 4491 1916 4545 Galliam
1949 4492 2214 4559 profectus
2241 4504 2342 4558 est,
2385 4509 2619 4549 narrare.
2649 4495 2758 4550 Nisi
2805 4498 2850 4551 is
2879 4501 3013 4570 forte
3045 4504 3184 4558 illam
3226 4510 3479 4564 carminis
3507 4518 3681 4578 partem

511 4583 676 4635 voluit
707 4585 921 4635 innuero
951 4599 1049 4648 qua
1081 4583 1421 4662 Fortunatus,
1462 4580 1550 4634 lib.
1583 4597 1632 4633 tv
1668 4581 1793 4634 Vita:
1819 4582 1986 4634 sancti
2034 4581 2258 4648 Martini,
2304 4583 2483 4638 libello
2509 4598 2624 4648 suo,
2675 4599 2830 4652 quem
2856 4601 2886 4640 e
2913 4586 3078 4643 Gallia
3126 4592 3344 4648 mittens
3396 4597 3446 4650 in
3488 4594 3677 4657 Italiam,

509 4673 716 4740 poetico
743 4685 889 4724 more
915 4670 1212 4735 alloquitur,
1247 4670 1343 4721 iter
1369 4671 1504 4733 quod
1538 4678 1718 4723 tenere
1747 4669 1903 4722 debet
1930 4670 2178 4736 ostendit,
2209 4686 2270 4725 ea
2301 4673 2411 4740 ipsa
2441 4674 2550 4728 loca
2583 4689 2675 4742 per
2699 4690 2814 4743 qua:
2841 4675 2953 4743 ipse
2978 4692 3043 4732 ex
3089 4680 3233 4733 Italia
3262 4683 3315 4736 in
3344 4683 3556 4738 Galliam
3583 4700 3681 4753 per-

513 4777 642 4832 gens
674 4765 953 4814 transierat
981 4773 1231 4811 conversa
1263 4759 1460 4812 ratione
1486 4769 1925 4817 commonstrans.
1975 4760 2050 4814 Ac
2096 4761 2328 4827 profecto
2357 4753 2564 4816 nomina
2596 4764 2862 4819 civitatum
2892 4781 2954 4819 ac
2983 4768 3256 4835 regionum
3289 4787 3407 4838 qua
3434 4773 3539 4827 illic
3559 4788 3678 4827 catu-

513 4861 868 4906 memorantur
898 4850 978 4902 his
1007 4856 1127 4914 apte
1157 4848 1475 4915 respondent
1503 4863 1616 4914 quae
1640 4849 1829 4904 Paulus
1859 4858 2154 4918 percenset.
2194 4851 2283 4905 Vel
2335 4853 2654 4909 Trithemius
2698 4868 2957 4912 memorat
2984 4859 3404 4929 Hodoeporicum
3435 4862 3675 4919 Fortunati

509 4955 629 4996 cum
660 4942 759 4994 hoc
787 4940 935 4992 titnlo
961 4956 973 4990 :
1012 4937 1414 5007 Hodoepon‘cum
1440 4938 1530 4988 vite
1557 4953 1683 5000 suae,
1729 4941 1849 4992 liber
1891 4955 1930 5003 ι,
1963 4948 2119 5006 atque
2149 4939 2274 4993 illud
2299 4955 2327 4993 a
2359 4942 2450 4994 lib.
2481 4958 2532 4995 tv
2575 4943 2712 4996 Vitae
2740 4948 2910 5000 sancti
2937 4947 3142 5002 Martini
3173 4949 3385 5004 videtur
3409 4953 3673 5022 δοίησαν.

510 5031 695 5085 Potest
721 5030 903 5099 aliquis
927 5029 1180 5095 suspicari
1213 5027 1606 5094 liodoeporicon
1638 5027 1785 5091 illud,
1815 5029 1880 5082 de
1905 5043 2009 5095 quo
2038 5025 2356 5082 Trithemius
2386 5039 2440 5083 et
2479 5028 2796 5099 Sigibertus,
2839 5047 2960 5088 esse
2983 5049 3197 5089 carmen
3225 5037 3291 5090 10
3315 5037 3406 5092 lib.
3439 5055 3490 5105 x,
3517 5038 3567 5093 iu
3588 5051 3674 5107 quo

513 5121 557 5176 is
583 5121 782 5189 prolixe
811 5121 906 5172 iter
953 5136 1054 5185 quo
1081 5117 1261 5170 Mettas
1287 5126 1615 5183 pervenerat,
1643 5116 1708 5168 ad
1733 5115 2128 5190 Childebertum
2173 5131 2370 5186 regem,
2419 5127 2472 5172 et
2501 5119 2620 5172 inde
2649 5118 2915 5186 digressus
2945 5135 3046 5174 una
3075 5136 3196 5176 cum
3240 5127 3381 5193 regia
3410 5125 3590 5181 familia
3625 5135 3672 5179 et

510 5210 780 5272 comitatu,
812 5209 1180 5277 Mosellamque
1209 5215 1261 5260 et
1287 5207 1414 5259 alios
1440 5207 1628 5259 ﬂuvios
1658 5206 1941 5273 ingressus,
1988 5205 2384 5272 circumpositas
2414 5206 2571 5260 urbes
2615 5215 2674 5260 et
2696 5207 2886 5274 Oppida
2921 5208 3254 5273 lustraverat,
3288 5223 3529 5267 enarrat:
3573 5226 3670 5281 qua:

511 5299 741 5368 suspicio
765 5298 901 5351 haud
925 5298 1126 5350 videtur
1147 5312 1264 5351 esse
1287 5296 1644 5363 improbanda.
1669 5296 1942 5349 Browerus
1964 5302 2111 5362 putat
2131 5293 2348 5348 indicari
2369 5308 2398 5346 a
2421 5293 2708 5347 Trithemio
2732 5308 2944 5348 carmen
2962 5295 3029 5348 27
3047 5297 3083 5349 l.
3103 5311 3177 5361 xt,
3193 5298 3331 5366 quod
3350 5309 3431 5354 est
3450 5299 3670 5368 scriptum

512 5389 576 5444 ad
606 5392 874 5457 Agnetem,
909 5399 957 5441 et
990 5387 1209 5454 Badeg.,
1239 5387 1480 5455 quodque
1507 5385 1804 5438 inscribitur
1834 5388 1894 5438 de
1933 5386 2106 5456 itinere
2152 5398 2260 5435 suo.
2307 5384 2616 5451 Quanquam
2650 5381 2857 5435 omirum
2888 5383 3130 5451 cuiquam
3176 5384 3341 5439 videri
3385 5394 3546 5456 potest
3581 5394 3668 5440 ιω

516 5481 669 5531 brere
698 5494 904 5532 carmen
936 5479 1052 5531 libri
1084 5476 1290 5530 nomine
1314 5476 1534 5531 censeri.
1586 5474 1651 5526 At
1680 5475 1952 5537 Giraldus,
1987 5475 2038 5526 in
2068 5473 2202 5526 Hist.
2235 5471 2299 5525 de
2329 5471 2526 5536 Poetis,
2575 5469 2699 5523 dial.
2727 5468 2779 5534 5,
2813 5469 3110 5538 Hodoepor.
3145 5471 3288 5524 Fort.
3331 5474 3534 5528 videtur
3563 5485 3669 5528 ean-

513 5566 731 5623 fundere
757 5584 872 5621 cum
903 5580 1142 5638 poemate
1181 5567 1321 5636 quod
1364 5567 1472 5634 ipse
1501 5565 1710 5634 scripsit
1737 5566 1799 5617 atl
1830 5563 2086 5618 Iustinum
2117 5564 2241 5628 imp.
2293 5569 2344 5612 et
2372 5560 2535 5628 Soph.
2566 5562 2721 5627 Ang.,
2753 5561 2963 5614 nomine
3008 5558 3364 5625 ,Radegundis.
3413 5559 3538 5615 Nam
3564 5570 3666 5613 cum

513 5654 561 5711 is
590 5656 722 5710 inter
747 5656 916 5726 Opera
941 5656 1212 5710 Fortunati
1243 5655 1593 5715 recensuisset
1631 5669 1838 5710 carmen
1880 5655 1942 5708 de
1973 5653 2152 5708 Excid.
2177 5651 2454 5722 Thuring.,
2475 5651 2650 5704 subdit
2685 5665 2804 5706 eum
2835 5651 3110 5724 scripsisse
3156 5649 3553 5718 Hodoeparicant
3589 5647 3666 5710 sic
