3820 6236
144 358 189 412 ,τ
222 336 227 343 ·
1524 344 1905 402 νηλείτλτιυ.
2838 356 2843 359 ⁷
3240 334 3310 390 ¹³

142 477 223 518 sua!
239 460 298 512 ad
325 459 573 512 Iustinum
590 461 846 528 juniorem
883 462 1008 527 imp.
1036 468 1081 513 et
1116 458 1181 512 ad
1210 457 1457 527 Sapiniam
1480 458 1785 527 Augustam.
1816 453 1951 520 Quin
1978 460 2033 507 et
2064 452 2296 516 Vossius,
2328 451 2394 505 de
2426 450 2559 506 Hist.
2592 449 2736 511 Lat..
2761 448 2855 505 lib.
2881 463 2939 514 II,
2970 454 3022 502 et
3049 447 3097 501 Ι.
3128 445 3307 501 Alber.

143 548 336 611 Fabric,
368 548 415 601 in
442 547 570 602 Bibl.
602 549 714 602 Lat.
745 548 929 602 medias
956 556 1010 602 et
1037 536 1232 601 intima:
1262 545 1453 610 aetatis,
1496 546 1634 600 idem
1684 558 1895 601 carmen
1926 544 2088 597 citant
2133 542 2234 596 sub
2260 540 2446 596 eodem
2495 540 2665 606 titulo,
2698 548 2756 594 ut
2781 538 3039 607 suspicari
3071 538 3226 593 liceat
3254 535 3310 592 in

142 634 413 705 quibusdam
439 634 560 689 Mss.
589 637 714 690 illud
748 637 1020 690 inventum
1051 632 1235 698 fuisse,
1260 635 1651 704 Hodoeporican
1691 634 2013 703 inscriptum.
2065 632 2146 687 Att
2177 631 2312 686 forte
2331 631 2470 699 quod
2518 631 2648 685 illud
2694 641 2939 700 tanquam
2986 630 3085 683 vite
3134 638 3313 683 comes

144 724 293 778 datum
322 722 379 775 iis
408 733 567 789 esset,
597 738 730 792 quos
757 724 1092 793 Radegundis
1118 725 1260 779 misit
1287 724 1819 794 Constantinopolim,
1863 723 2057 792 gratias
2080 721 2286 778 Justino
2312 733 2365 778 et
2393 721 2562 791 Soph.
2612 723 2781 791 Augg.
2812 732 3023 775 acturos
3052 735 3147 797 pro
3174 720 3315 787 ligno

142 819 305 866 sanch
332 812 516 877 crucis,
546 812 717 869 eidem
748 812 1054 883 Radegundi
1091 814 1250 868 domo
1277 814 1459 880 misso,
1493 823 1545 869 et
1573 814 1870 870 deferentes
1911 813 2217 868 munuscula
2244 854 2261 881 ,
2313 814 2389 868 uti
2419 814 2582 870 refert
2610 806 2932 867 Baudonivia
2958 813 3011 867 in
3043 810 3318 868 Vitmsan-

143 909 223 952 σιω
246 896 589 968 Radegundis,
616 916 762 955 num.
790 900 902 955 20?

200 1009 323 1072 Idem
348 1009 606 1077 Giraldns,
635 1012 687 1067 in
708 1012 910 1069 Hister.
940 1015 1007 1072 de
1036 1015 1231 1082 Poetis,
1265 1015 1389 1069 dial.
1438 1016 1492 1078 5,
1517 1017 1744 1085 itemque
1771 1015 2075 1079 Platina,‘in
2102 1015 2195 1069 lib.
2244 1016 2309 1071 de
2340 1015 2475 1071 Vitis
2505 1015 2840 1079 Pontificum,
2887 1013 2941 1067 in
2994 1013 3111 1067 Vita
3158 1012 3321 1067 Joan.

145 1098 213 1163 lll,
240 1096 541 1153 mentionem
574 1102 769 1155 faciunt
799 1103 916 1159 libri
946 1105 1008 1158 de
1040 1105 1213 1175 Regna
1241 1104 1584 1174 gubernando,
1613 1119 1766 1174 quem
1797 1108 1941 1158 aiunt
1968 1104 2278 1161 Venantium
2328 1108 2602 1174 scripsisse
2642 1105 2706 1172 ad
2749 1104 3071 1171 Sigibertum
3115 1115 3314 1169 regem.

149 1186 212 1239 En
237 1184 439 1240 Platinm
461 1190 618 1244 verba
646 1209 657 1243 :
691 1189 1003 1246 Fortunatus
1042 1194 1115 1246 vir
1143 1194 1415 1261 singularis
1445 1196 1737 1249 litteratura
1773 1204 1817 1249 et
1844 1194 2141 1265 eloquentia
2178 1196 2353 1249 Gallos
2380 1199 2447 1248 ad
2472 1197 2715 1249 mitiorem
2761 1195 2953 1248 cultum
2972 1195 3161 1265 redegit
3188 1194 3320 1247 scri-

148 1274 228 1341 ptis
250 1283 292 1327 et
318 1279 552 1343 exemplo.
603 1279 682 1331 Ad
712 1279 1022 1351 Sigibertum
1071 1285 1223 1348 enim,
1271 1288 1445 1338 eorum
1488 1300 1674 1357 regem,
1718 1284 1943 1338 libellum
1971 1287 2033 1339 de
2062 1288 2385 1354 gubernando
2425 1286 2599 1356 Regna
2624 1287 2929 1355 perscripsit.
2964 1288 3043 1340 An
3075 1286 3209 1339 forte
3234 1282 3321 1340 hic

149 1362 259 1415 liber
284 1370 358 1417 est
382 1379 591 1420 carmen
618 1366 652 1418 2
685 1368 774 1422 lib.
809 1385 877 1432 vr,
909 1371 960 1424 in
988 1386 1093 1440 quo
1125 1372 1473 1436 Fortunatus.
1504 1374 1749 1441 Sigiberti
1779 1374 1998 1430 virtutes
2026 1376 2268 1441 laudans,
2315 1378 2544 1431 ostendit
2572 1378 2736 1453 qualis
2778 1380 2819 1431 is
2864 1391 2981 1432 esse
3011 1377 3198 1431 debeat
3223 1374 3317 1445 qui

149 1466 249 1506 eum
268 1453 477 1522 imperio
500 1458 705 1512 caeteris
732 1461 1019 1528 praesidet?
1044 1462 1194 1528 Quod
1220 1464 1265 1517 si
1286 1463 1416 1518 alius
1446 1462 1533 1517 ille
1560 1463 1769 1519 libellus
1796 1475 1897 1530 est,
1942 1471 2000 1519 ut
2024 1464 2357 1520 verisimilius
2386 1464 2611 1532 videtur,
2644 1470 2733 1519 aut
2761 1465 2921 1519 latere
2946 1463 3116 1518 adhuc
3140 1462 3319 1517 dicen-

151 1537 229 1593 dus
253 1550 343 1606 est,
367 1553 453 1597 aut
483 1545 701 1613 periisse
730 1557 1006 1605 vetustate.

207 1649 308 1705 ιω
338 1668 458 1708 vero
486 1659 653 1711 sancti
682 1656 921 1713 Severini
954 1661 1151 1728 Vitam,
1179 1664 1412 1731 episcOpi
1451 1665 1850 1734 Burdegalensis
1875 1666 1963 1737 (de
1988 1666 2336 1736 qquregor.
2368 1664 2588 1731 Turon.,
2621 1664 2712 1717 lib.
2741 1664 2809 1719 de
2834 1665 3008 1737 Gloria
3039 1664 3316 1725 Confess.,
3383 1718 3385 1720 .

157 1753 252 1809 cap.
296 1741 383 1811 45)
431 1759 459 1797 a
494 1744 781 1802 Fortunato
809 1752 1059 1817 scriptam
1091 1752 1268 1817 fuisse,
1296 1754 1443 1808 testis
1473 1763 1554 1809 est
1583 1754 1723 1809 idem
1752 1735 2037 1826 Gregorius
2067 1757 2149 1811 his
2182 1755 2355 1810 verbis
2381 1771 2395 1808 :
2428 1753 2597 1808 Vitam
2628 1755 2778 1823 huius
2809 1735 2998 1825 (sancti
3028 1752 3315 1823 Severini),

154 1839 298 1901 postea
344 1853 487 1907 quam
544 1840 651 1894 hac
700 1842 1013 1911 scripsimus,
1071 1861 1102 1896 a
1150 1842 1437 1900 Fortunato
1468 1848 1757 1918 presbytero
1781 1850 2024 1917 scriptam
2047 1849 2392 1921 cognouimus.
2426 1848 2570 1903 Hanc
2590 1840 2765 1903 autem
2795 1848 2966 1903 Vitam
2994 1847 3317 1916 deperditam

155 1936 256 1981 esse
286 1927 553 2003 Browerus
580 1946 701 2000 cap.
758 1931 792 1987 5
841 1933 972 1989 Vitae
1002 1935 1297 2004 Fortunati,
1323 1946 1378 1993 et
1404 1938 1492 1994 alii
1521 1940 1810 2007 affirmant,
1843 1956 1941 1997 nec
1963 1953 2062 2010 ego
2104 1948 2366 2011 repertam
2408 1956 2438 1996 a
2467 1941 2717 2011 quopiam
2741 1949 2832 1995 aut
2859 1940 3054 1996 editam
3084 1938 3322 1995 invenire

157 2021 294 2088 potui.
514 2016 517 2023 ’

212 2130 372 2199 Neque
415 2146 539 2189 vero
587 2135 823 2192 dubitem
870 2137 1215 2193 Fortunatam
1244 2141 1390 2208 plura
1423 2141 1699 2210 scripsisse
1729 2144 1852 2208 alia,
1876 2147 1987 2199 sive
2012 2140 2252 2213 metrica,
2285 2148 2395 2203 sive
2414 2147 2581 2203 soluta
2611 2146 2870 2211 oratione,
2902 2159 3018 2212 quae
3046 2153 3141 2197 aut
3169 2144 3321 2211 plane

159 2219 424 2277 interierint
444 2234 725 2291 vetustate,
749 2236 838 2281 aut
858 2227 1081 2285 fortasse
1112 2231 1311 2299 uSpiam
1342 2232 1722 2302 delitescentia,
1748 2244 1809 2288 ac
1839 2235 2097 2301 tenebris,
2120 2238 2331 2308 situque
2359 2237 2550 2304 obsita,
2580 2238 2795 2293 alterius
2825 2236 3093 2306 diligentia
3124 2246 3323 2290 etcura

160 2311 381 2377 indecem
406 2316 690 2385 aliquando
722 2316 1076 2389 proferentur,
1117 2321 1276 2390 idque
1318 2337 1383 2377 ex
1416 2321 1644 2378 hominis
1673 2325 1883 2394 ingenio
1928 2335 1987 2379 et“
2003 2324 2244 2381 facundia
2272 2326 2519 2395 conjicio.
2552 2311 2723 2395 Atque
2771 2327 2965 2380 utinam
2994 2322 3329 2380 clarissimus

161 2414 203 2458 et
228 2409 597 2465 eruditissimus
624 2418 704 2466 vir
738 2412 1014 2481 Philippus
1042 2413 1323 2480 Labbaaus,
1373 2430 1404 2469 e
1432 2415 1684 2471 societate
1707 2415 1856 2485 Jesu,
1898 2415 2194 2472 Editionem
2223 2418 2367 2472 illam
2398 2433 2545 2473 suam
2576 2418 2804 2487 Operum
2836 2417 3135 2483 Fortunati,
3168 2432 3325 2486 quant

160 2498 393 2564 pollicitus
438 2501 634 2569 fuerat,
680 2505 996 2561 confecisset
1031 2517 1120 2562 aut
1150 2508 1496 2577 prodidisset!
1533 2509 1747 2573 minime
1774 2511 1992 2565 dubium
2016 2520 2099 2564 est
2122 2511 2247 2579 quin
2275 2512 2484 2566 caeteris
2510 2511 2754 2567 omnibus
2774 2512 2982 2566 auctior
3011 2520 3063 2565 et
3092 2513 3329 2565 ornatior

162 2582 334 2641 fuisset.
360 2588 424 2642 Ut
452 2584 660 2647 enimis
684 2603 905 2659 testatur
934 2597 987 2650 in
1019 2599 1230 2653 dissert.
1254 2600 1322 2654 de
1350 2600 1543 2668 Script.
1573 2600 1800 2664 Eccles.,
1826 2609 1863 2655 t.
1894 2600 1964 2669 ll,
1993 2609 2173 2670 postea
2203 2616 2359 2670 quam
2386 2600 2746 2670 Christophori
2775 2602 3005 2655 Broweri
3036 2601 3333 2657 Editionem

164 2686 592 2733 commemorasset
623 2696 639 2734 :
674 2680 785 2761 [Vos
834 2684 1009 2737 eadem
1062 2688 1231 2740 omnia
1286 2688 1544 2757 Opuscula
1591 2686 1898 2757 Fortunati,
1948 2675 2161 2760 inﬁnitis
2190 2692 2333 2756 locis,
2364 2693 2546 2761 partim
2576 2709 2636 2746 er
2663 2694 2866 2759 Optima
2884 2701 3017 2745 notae
3039 2691 3335 2759 Codicibus,

166 2768 319 2833 partim
364 2786 424 2824 ea:
463 2773 613 2829 certis
662 2779 962 2843 coniecturis
1001 2781 1284 2845 emendata,
1314 2791 1465 2852 atque
1500 2781 1650 2836 editis
1676 2783 1927 2848 auctiora,
1957 2782 2097 2851 prelo
2112 2783 2442 2850 jamdudum,
2467 2798 2579 2835 cum
2598 2799 2653 2836 se
2682 2782 2875 2835 dederit
2904 2783 3120 2845 occasio,
3154 2792 3336 2849 parata

167 2859 387 2923 idem”.
434 2864 597 2937 Cujus
651 2869 883 2941 incmpto
938 2872 1063 2942 quid
1108 2874 1399 2942 obstiterit,
1441 2874 1580 2930 haud
1628 2875 1783 2932 facile
1831 2885 1913 2931 est
1945 2874 2211 2943 divinare;
2248 2890 2344 2931 nec
2371 2891 2496 2931 vero
2524 2875 2673 2945 cujus
2700 2876 2749 2930 in
2775 2889 2980 2940 manus,
3014 2874 3199 2929 eodem
3231 2875 3336 2931 vita

168 2949 340 3023 functo,
394 2962 739 3025 pervenerint
781 2979 842 3021 ea
898 2980 1014 3035 quae
1062 2966 1177 3037 ipse
1216 2968 1364 3036 prelo
1388 2982 1447 3023 se
1476 2978 1655 3038 parata
1696 2970 1803 3040 jam
1838 2968 2085 3025 habuisse
2107 2968 2673 3040 profiteturbquamvis
2701 2984 2912 3024 omnem
2943 2968 3339 3023 adhibuerimus

169 3040 480 3117 diligentiam,
535 3053 751 3123 assequi
795 3057 1081 3125 potuimus.
1137 3058 1190 3111 In
1221 3074 1335 3114 eam
1358 3074 1504 3130 spem
1533 3075 1847 3116 veneramus
1870 3076 1975 3132 quo
2000 3061 2090 3116 ille
2110 3062 2163 3115 in
2186 3063 2302 3116 loco
2325 3062 2627 3117 decesserat
2648 3062 2831 3117 eadem
2858 3062 3085 3117 fortasse
3116 3062 3336 3130 reperiri

170 3149 319 3204 posse.
365 3140 411 3196 ls
438 3158 563 3198 vero
592 3145 813 3203 Parisiis
839 3149 969 3203 obiit
996 3165 1085 3205 an.
1127 3150 1285 3206 1667.
1315 3151 1440 3216 Sed,
1465 3167 1587 3208 cum
1635 3151 1825 3207 litteris
1852 3152 1989 3207 datis
2014 3150 2487 3224 inquisivissemus,
2510 3162 2565 3209 et
2584 3154 2650 3208 ad
2670 3168 2785 3209 eam
2817 3168 2931 3207 rem
2956 3168 3113 3223 opera
3145 3153 3328 3207 fuisse-

172 3243 270 3283 mus
316 3233 390 3287 usi
441 3235 726 3293 admodum
776 3239 841 3293 Β.
868 3238 928 3294 P.
953 3240 1015 3295 D.
1050 3240 1285 3309 Patertii,
1318 3241 1624 3297 monasterii
1650 3242 1818 3296 sancti
1847 3239 2095 3297 Germani
2125 3256 2153 3295 a
2185 3241 2355 3297 Pratis
2377 3240 2788 3307 bibliothecarii,
2819 3242 2863 3296 is
2894 3242 3164 3307 respondit
3195 3242 3338 3295 hisce

173 3321 322 3375 verbis
349 3341 361 3375 :
395 3324 563 3391 Quant
592 3327 625 3380 ὰ
649 3326 701 3380 la
728 3346 998 3399 proutesse,
1036 3349 1133 3399 que
1153 3332 1269 3405 ﬁtil
1296 3350 1330 3405 y
1350 3350 1380 3386 a
1398 3334 1512 3403 plus
1538 3334 1659 3389 d'un
1689 3334 1838 3389 siécle
1860 3336 1905 3388 le
1938 3334 2002 3389 P.
2035 3333 2217 3401 Labbe,
2250 3337 2312 3389 de
2331 3335 2524 3390 donner
2552 3352 2649 3389 une
2674 3334 2883 3388 Edition
2902 3335 2965 3387 de
2990 3333 3259 3400 Fortunat,
3280 3334 3339 3404 'je

174 3428 225 3466 ne
256 3418 444 3469 connois
474 3435 663 3473 aucun
694 3424 890 3492 castiga
916 3428 979 3478 tle
1000 3441 1091 3478 son
1120 3425 1321 3479 trauail.
1353 3423 1468 3495 J’ay
1502 3426 1577 3480 eté
1606 3426 1828 3495 pendant
1856 3428 1988 3479 deus:
2015 3442 2108 3479 ans
2151 3426 2197 3478 le
2224 3425 2541 3491 Depositaire
2568 3426 2656 3478 des
2682 3426 2981 3477 manuscrits
3009 3426 3095 3475 des
3143 3424 3175 3472 3
3204 3423 3342 3475 Mai-

174 3522 272 3560 sons
294 3509 373 3562 des
406 3511 629 3567 Jésuites
655 3516 717 3566 de
748 3515 898 3568 Paris
920 3516 1023 3569 fors
1053 3520 1114 3570 de
1144 3518 1253 3570 leur
1284 3520 1593 3570 destruction
1620 3528 1667 3570 et
1694 3517 1755 3570 de
1786 3518 1835 3569 la
1863 3526 2002 3569 vente
2030 3518 2092 3568 de
2119 3518 2252 3568 leurs
2283 3517 2418 3565 biens
2446 3524 2493 3564 et
2517 3515 2660 3577 e/Tets
2704 3514 2978 3576 mobiliers,
3011 3529 3071 3565 en
3099 3513 3255 3579 I762,
3297 3523 3343 3568 et

172 3598 215 3662 ᾖε
244 3598 315 3660 n‘y
338 3614 398 3663 ay
424 3602 533 3655 rien
571 3603 743 3655 tronae
770 3604 985 3657 d‘aucun
1016 3606 1106 3655 des
1131 3612 1343 3655 travaua:
1368 3604 1637 3655 litteraires
1665 3604 1734 3653 du
1767 3601 1836 3653 Ρ.
1876 3599 2059 3653 Labbe.
2086 3600 2153 3653 Jé
2195 3617 2255 3654 ne
2286 3603 2416 3664 scais
2445 3616 2512 3654 ou
2539 3610 2652 3656 lous
2673 3600 2746 3656 les
2768 3606 2969 3669 paoiers
2995 3615 3179 3661 auront
3196 3607 3348 3671 passi

172 3693 297 3743 apm
321 3696 373 3734 sa
398 3692 525 3735 mort
554 3700 616 3737 en
648 3683 805 3738 1667.

234 3800 389 3868 Atque
436 3801 548 3855 haec
593 3801 661 3856 de
690 3800 903 3871 scriptis
954 3802 1228 3858 Fortunati
1277 3796 1395 3874 qua:
1422 3804 1615 3859 amissa
1642 3803 1762 3872 jure
1787 3802 2082 3872 meritoque
2112 3802 2543 3872 conquerendum
2570 3814 2671 3859 εει.
2699 3804 2848 3873 Quod
2871 3819 2995 3861 vero
3014 3806 3081 3861 ad
3104 3806 3340 3876 ejusdem

175 3888 464 3958 doctrinam,
514 3902 568 3948 et
607 3893 894 3963 ingenium,
945 3905 999 3950 et
1025 3896 1077 3950 in
1107 3895 1389 3952 scribendo
1415 3896 1741 3961 facultatem,
1764 3895 1982 3959 attinet,
2015 3909 2119 3947 non
2149 3895 2364 3949 omnino
2392 3894 2598 3950 videtur
2632 3898 2733 3950 hoc
2761 3897 2876 3951 loco
2903 3899 3347 3966 praetereundum,

179 3983 289 4038 licet
312 3984 437 4039 alias
476 3994 720 4040 occurret
747 3973 974 4041 mentio.
999 3986 1131 4041 Cum
1164 3988 1340 4054 itaque
1369 3985 1676 4056 theologicis
1696 3986 1747 4043 in
1780 3985 1936 4040 rebus
1958 3991 2077 4051 apte
2106 3984 2346 4039 eruditus
2373 3995 2426 4039 et
2452 3984 2638 4039 doctus
2667 3985 2872 4039 videtur
2901 3986 3059 4057 (quod
3090 3987 3140 4041 in
3166 3989 3346 4054 primis

181 4074 429 4143 Expositio
449 4076 687 4151 ejusdem
713 4076 766 4131 in
791 4076 1094 4132 Orationem
1126 4077 1455 4132 Dominicam
1484 4076 1760 4145 declarat),
1787 4084 1896 4129 tum
1922 4072 2224 4128 Graecorum
2255 4081 2309 4128 et
2328 4072 2633 4128 Latinorum
2662 4088 2955 4139 poetarum,
2988 4074 3103 4149 sive
3130 4075 3350 4132 aliorum

178 4164 494 4232 scriptorum,
551 4168 603 4220 in
656 4167 883 4221 laetione
927 4169 1168 4236 apprime
1195 4178 1433 4221 versatus
1460 4166 1624 4221 fuisse
1648 4166 1965 4229 ostenditur,
1997 4164 2087 4233 qui
2118 4162 2426 4226 Homerum,
2453 4158 2819 4228 Illenandrtim,
2849 4163 3088 4228 Aratum,
3116 4164 3352 4233 Sappho,
3390 4231 3394 4234 p

181 4256 481 4325 Pyndarum,
506 4260 740 4328 itemque
767 4258 1043 4323 Catonem,
1077 4257 1449 4328 Pythagoram,
1480 4255 1851 4326 Chrysippum,
1878 4252 2549 4320 Platonem,-Cleanthem;
2581 4270 2646 4310 ex
2676 4256 2876 4310 Latinis
2906 4270 3031 4309 vero
3056 4255 3352 4327 Virgilium,

189 4332 459 4419 Horatium,
483 4352 749 4416 Ovidium,
784 4350 1033 4413 Tullium,
1066 4351 1191 4403 citet
1213 4349 1540 4413 nominatim,
1565 4355 1618 4401 et
1638 4347 1957 4401 celebriores
1984 4346 2120 4401 inter
2151 4345 2366 4400 Latinos
2398 4346 2715 4414 Graecosque
2740 4346 2921 4400 Patres
2951 4358 3354 4415 commemoret,

181 4432 385 4510 quorum
410 4443 648 4505 omnium
678 4438 963 4496 identidem
991 4440 1221 4507 leporem
1256 4453 1315 4492 ac
1338 4438 1633 4491 doctrinam
1665 4438 1718 4488 in
1740 4436 2020 4492 scribendo
2048 4445 2263 4490 secutus
2283 4448 2399 4488 esse
2421 4443 2475 4487 et
2494 4438 2818 4501 expressisse
2843 4432 3041 4497 aliquid
3074 4435 3359 4502 deprehen-

183 4535 327 4590 ditur.
356 4537 481 4589 lllud
510 4544 686 4588 autem
716 4531 934 4586 on'endit
964 4530 1270 4594 nonnullos,
1299 4528 1437 4596 quod
1461 4528 1717 4583 falsorum
1749 4530 2047 4591 numinum,
2080 4539 2196 4593 qua:
2228 4538 2368 4577 caeca
2386 4522 2648 4590 quondam
2677 4521 2960 4590 antiquitas
2984 4524 3350 4591 venerabatur,

186 4624 378 4680 nomina
397 4641 497 4679 non
527 4622 782 4678 dubitarit
810 4620 1089 4689 aliquando
1119 4634 1391 4687 usurpare.
1423 4619 1497 4672 Ac
1523 4618 1629 4687 jam
1662 4619 1797 4673 inter
1826 4626 2020 4671 cratera
2050 4616 2286 4684 ejusdem
2314 4613 2544 4667 carmina
2579 4614 2783 4681 insigne
2810 4625 2893 4669 est
2919 4614 2967 4668 id
2998 4612 3209 4683 generis
3233 4616 3361 4671 illud

187 4716 308 4786 quod
360 4723 527 4771 exstat
585 4713 679 4768 lib.
733 4727 803 4778 vt,
849 4710 993 4780 cap.’
1022 4711 1079 4778 2,
1110 4710 1162 4765 in
1185 4726 1288 4780 quo
1318 4711 1479 4776 idem,
1508 4725 1705 4764 canens
1733 4694 2125 4780 epithalamium
2152 4703 2397 4775 Sigiberti
2427 4705 2713 4760 Austrasize
2734 4709 2897 4777 regis,
2926 4716 2980 4762 et
3011 4708 3365 4763 Bruniehildis

188 4812 386 4883 nuptiis,
415 4808 723 4881 Cupidinem
749 4822 813 4862 ac
835 4806 1118 4873 Venerem,
1147 4806 1352 4876 poetico
1375 4820 1522 4861 more
1546 4848 1561 4873 ,
1594 4804 1823 4888 inducit,
1853 4804 2091 4873 proprias
2122 4800 2393 4865 utriusque
2424 4797 2607 4853 laudes
2631 4798 2981 4855 celebrantes.
3008 4801 3197 4856 Verum
3218 4812 3272 4857 et
3301 4819 3366 4856 eo

188 4914 409 4977 tempore
450 4904 722 4979 scribebat
765 4902 1084 4957 Fortunatus
1129 4916 1234 4966 quo
1273 4900 1444 4957 minus
1484 4908 1596 4954 erat
1626 4898 1842 4968 periculi
1869 4913 1936 4951 ne
1966 4894 2207 4949 homines
2227 4894 2446 4948 deorum
2476 4893 2735 4963 ejusmodi
2767 4909 2948 4950 errore
2975 4895 3364 4963 deciperentur,

192 4998 371 5070 ubique
402 4995 688 5052 Galliarum
728 4990 1026 5047 Christiana
1055 4989 1331 5060 religione,
1358 4990 1609 5059 piissimis
1647 4992 1938 5058 principum
1966 4987 2107 5042 curis
2133 5000 2195 5040 ac
2224 4984 2516 5054 diligentia,
2546 4986 2915 5055 clarorumque
2943 4987 3244 5055 pontificum
3276 4988 3368 5044 do-

195 5091 344 5147 ctrina
360 5100 413 5146 et
432 5087 734 5151 virtutibus,
753 5085 1004 5149 florente;
1028 5090 1081 5137 et
1096 5082 1309 5137 minime
1331 5083 1517 5135 mirum
1534 5096 1652 5135 esse
1677 5079 1832 5135 debet
1858 5078 2199 5133 Fortunatam
2217 5076 2481 5140 eumdem,
2502 5076 2673 5130 adhuc
2696 5076 2965 5145 juvenem,
2989 5090 3049 5129 ea
3071 5079 3363 5142 praesertim

196 5185 239 5240 in
254 5202 308 5241 re
332 5200 450 5256 qua
469 5182 708 5239 festivius
735 5178 990 5235 orationis
1017 5191 1183 5247 genus
1201 5176 1464 5245 postulare
1482 5175 1777 5243 videbatur,
1808 5175 1963 5244 paulo
1986 5173 2205 5228 liberius
2226 5172 2381 5242 genio
2404 5161 2706 5236 indulsisse,
2731 5179 2786 5225 et
2813 5170 3104 5224 ornamenti
3134 5184 3195 5223 ac
3224 5168 3369 5237 lepo-

198 5279 264 5333 ris
287 5292 440 5334 causa
464 5276 756 5341 induxisse,
784 5274 909 5327 olim
937 5271 1159 5335 ethnicis
1200 5269 1369 5340 poetis
1393 5267 1693 5333 familiaria,
1716 5268 1933 5321 deorum
1964 5266 2225 5332 colloquia
2250 5283 2264 5330 ;
2290 5263 2378 5333 qui
2410 5262 2661 5319 maturior
2678 5269 2829 5314 relate
2856 5271 2904 5313 et
2937 5260 3158 5314 consilio
3179 5260 3366 5324 factus,

202 5380 293 5424 non
336 5369 492 5424 modo
544 5382 576 5422 a
621 5366 769 5434 nugis
818 5363 923 5417 illis
952 5361 1284 5424 abstinuerit,
1309 5358 1400 5413 sed
1431 5358 1587 5412 etiam
1619 5357 1945 5424 gravioribus
1965 5354 2151 5406 studiis
2179 5353 2438 5406 dediderit
2460 5366 2579 5406 sese
2606 5350 2834 5417 penitus,
2864 5362 2927 5402 ac
2948 5363 3131 5404 versus
3159 5348 3367 5403 nonnisi

203 5469 333 5525 raro,
360 5470 414 5516 et
433 5460 500 5514 ab
530 5457 717 5513 amicis
747 5454 1020 5509 lacessitus
1048 5451 1125 5519 (ut
1151 5449 1264 5517 ipse
1286 5448 1351 5501 de
1377 5449 1436 5502 se
1468 5445 1745 5515 profitetur
1775 5445 1865 5498 lib.
1898 5459 1957 5510 η,
1983 5456 2099 5508 cap.
2137 5441 2244 5507 l5),
2268 5438 2660 5504 conscripserit.

265 5567 399 5623 Idem
428 5583 533 5625 non
563 5566 825 5635 vulgarem
850 5561 1083 5616 historiae
1110 5566 1165 5613 et
1182 5556 1509 5627 geographia:
1539 5546 1809 5610 scientiam
1839 5567 1943 5621 prae
1964 5566 2021 5605 se
2047 5551 2167 5610 fert,
2201 5563 2303 5601 non
2327 5548 2495 5601 solum
2520 5546 2658 5615 quod
2686 5546 2978 5635 speetatad
3007 5560 3095 5599 eas
3125 5546 3369 5617 regiones
3444 5620 3447 5625 ι

208 5672 323 5728 quas
346 5658 456 5714 inse
480 5634 800 5728 peragravit,
830 5665 1067 5722 quasque
1088 5662 1319 5721 praesens
1344 5660 1664 5714 cognoscere
1694 5643 1880 5712 potuit,
1904 5638 1994 5693 sed
2024 5638 2181 5691 etiam
2210 5636 2382 5728 quoad
2411 5636 2528 5688 illas
2557 5650 2687 5704 quas
2715 5635 2825 5702 ipse
2845 5634 3052 5728 adierat
3076 5650 3371 5728 nunquam,

213 5726 266 5807 ut
289 5726 565 5818 Hispaniae,
582 5742 847 5820 totiusque
869 5738 1120 5797 Orientis.
1145 5738 1278 5793 Hinc
1298 5744 1375 5796 tot
1396 5734 1667 5791 fluminum
1692 5730 2075 5801 descriptiones
2092 5742 2154 5783 ac
2175 5726 2442 5784 civitatum
2468 5728 2680 5785 nomina
2705 5736 2757 5782 et
2780 5728 3012 5800 gentium
3036 5726 3379 5783 barbararum
