3820 6236
126 396 196 452 21
640 443 649 454 ,
919 405 944 422 κ

1248 373 1397 430 virs
1417 435 1419 437 ,
1437 319 1758 428 vsuaurn
1797 317 2205 422 ronrumrt.

133 501 450 580 operemitte
471 496 538 551 da
578 493 824 550 Letterari
855 492 938 545 det
973 488 1164 580 Friuti,
1213 486 1322 542 vol.
1353 485 1394 550 l,
1429 499 1545 553 cap.
1580 484 1667 538 1'2.
1697 485 1749 544 Α
1775 483 1883 537 nati
1902 476 2167 540 vocabulo
2192 484 2247 533 et
2266 428 2364 530 sua
2392 481 2451 530 et
2473 473 2836 540 consequente
2861 468 3018 519 atate
3036 455 3191 514 fuerit
3214 454 3325 510 tere

135 574 182 655 Is
207 608 413 662 namque
460 581 1060 664 scribensepitapbium
1109 578 1338 642 Leontii,
1387 574 1669 630 anterioris

135 686 352 760 episcopi
407 675 836 746 Burdegalensis,
881 674 978 730 lib.
1013 687 1086 739 tv,
1135 686 1255 738 cap.
1295 667 1350 736 9,
1398 667 1476 723 sic
1525 665 1673 720 illum

135 776 407 846 alloquitur
435 769 500 824 ad
531 771 826 822 extremum
856 782 870 818 ε

252 888 354 938 Hec
375 885 456 932 tibi
476 893 619 942 parva
641 880 799 936 nimis,
825 889 931 925 cum
951 881 1003 942 tu
1020 873 1256 922 merearis
1271 870 1448 932 opima,

308 937 515 997 Carmina
539 942 840 992 Theodosius
864 937 1065 999 praebet,
1086 946 1246 983 amore
1271 939 1401 982 tuus.

138 1051 246 1109 Nisi
271 1039 544 1102 dicendum
575 1044 799 1098 fortasse
847 1039 1190 1094 Fortunatum
1238 1014 1514 1103 scripsisse
1561 1043 1681 1086 car-

142 1159 256 1200 men
298 1139 418 1194 illud
446 1137 667 1191 alterius
702 1135 799 1189 sub
829 1145 1051 1203 perenne
1084 1145 1145 1184 ac
1174 1128 1408 1188 nomine.
1455 1139 1682 1194 praeser-

144 1239 237 1293 tim
270 1249 382 1289 cum
428 1230 643 1286 aliunde
682 1243 787 1284 non
836 1232 1040 1280 constet
1081 1222 1326 1277 eumdem
1364 1218 1415 1272 id
1460 1214 1687 1271 nominis

146 1339 324 1400 prater
347 1341 403 1381 ea
427 1324 620 1399 quibus
642 1330 797 1376 uotus
827 1329 907 1376 est
935 1316 1199 1370 habuisse.
1229 1313 1366 1368 Sane
1395 1312 1492 1364 hoc
1540 1307 1688 1361 lacti-

148 1433 298 1479 tatum
327 1435 353 1476 a
380 1417 707 1481 Fortunato,
763 1421 820 1468 ut
862 1418 1110 1488 poemata
1167 1422 1260 1463 sna
1317 1403 1536 1458 alterius
1573 1414 1690 1468 per-

149 1527 284 1571 sonae
313 1509 573 1565 interdum
627 1504 1014 1566 commodaret,
1047 1515 1110 1555 ex
1159 1497 1396 1568 pluribus
1450 1490 1689 1561 ej-usdt-m
1729 1527 1733 1532 ι

150 1601 456 1658 carminibus
494 1596 792 1665 intelligere
839 1605 1150 1662 possumus;
1210 1602 1270 1641 ac
1326 1601 1392 1640 ne
1444 1585 1693 1637 abeamus

155 1689 368 1761 longius,
409 1687 546 1755 quod
588 1671 827 1752 sequitur
897 1696 1019 1735 mox
1067 1681 1284 1733 citatum
1325 1681 1559 1736 carmen,
1601 1672 1693 1727 lib.

158 1795 245 1847 tv,
291 1793 397 1846 cap.
427 1776 459 1830 9
486 1779 524 1841 ,’
557 1773 812 1842 scriptum
870 1772 923 1825 in
978 1769 1134 1823 funus
1179 1765 1381 1821 Leontii
1430 1761 1694 1834 iunioris,

157 1872 372 1944 episcOpi
425 1857 1056 1932 item'Burdegalensis,
1114 1859 1250 1914 haud
1309 1827 1473 1911 multo
1548 1827 1775 1909 secusB

165 1961 504 2026 concluditur,
534 1957 838 2021 Placidiuae,
894 1950 1100 2007 Leontii
1155 1947 1425 2018 quondam
1476 1944 1700 2011 uxoris,

162 2054 362 2112 inducta
390 2063 610 2120 persona
648 2061 708 2101 ac
738 2041 968 2108 nomine,
999 2042 1100 2096 hoc
1125 2038 1282 2095 modo
1311 2055 1325 2091 :
1361 2061 1364 2074 ι

277 2164 474 2217 Funeris
494 2161 717 2215 cilicium,
735 2157 896 2216 magni
911 2154 1124 2217 solamen
1136 2151 1338 2217 amoris,
1356 2147 1375 2217 _‘

335 2209 492 2274 linteis
507 2209 668 2300 adhuc
691 2209 841 2269 cineri
866 2213 947 2266 dat
970 2214 1210 2264 Placidina
1249 2213 1332 2261 tibi
1354 2209 1401 2258 ⁸.

233 2331 288 2386 2.
315 2330 374 2385 P.
413 2325 823 2394 Christ0phorus
871 2311 1172 2382 llrowerus,
1203 2317 1254 2371 in
1293 2315 1410 2369 Vita
1463 2311 1708 2376 Furtum,

168 2438 283 2492 cap.
324 2425 382 2488 1,
435 2427 615 2476 censet
660 2415 904 2472 eumdem
954 2427 1144 2466 nomen
1192 2406 1430 2462 Venantii
1470 2419 1498 2458 a
1529 2411 1712 2456 sancto

175 2511 420 2566 Venantio
459 2501 794 2569 Bituricensi,
849 2503 936 2571 qui
967 2515 1155 2568 magna
1197 2498 1460 2569 quondam
1503 2495 1556 2548 in
1592 2491 1713 2546 Gal.

173 2600 251 2657 liis
279 2599 557 2654 sanctitatis
601 2596 756 2650 laude
786 2593 979 2657 ﬂoruit,
1025 2599 1318 2643 mutuatum
1351 2587 1530 2647 fuisse,
1564 2581 1716 2634 item-

179 2708 279 2763 que
326 2705 509 2746 nomen
543 2681 815 2741 Fortunati
869 2695 900 2735 a
931 2690 1114 2734 sancto
1165 2677 1494 2737 Fortunato,
1554 2669 1717 2739 Aqui-

181 2785 383 2841 leiensis
409 2779 664 2836 Ecclesia:
691 2786 946 2846 martyre,
976 2787 1130 2842 quem
1153 2771 1252 2826 ille
1283 2767 1541 2838 principiis
1573 2777 1716 2818 sem-

182 2889 271 2943 per
300 2873 482 2943 pietate
509 2885 570 2925 ac
598 2867 856 2938 religione
897 2863 1056 2919 luerit
1083 2868 1415 2932 prosecutus.
1450 2855 1553 2913 Sed
1583 2854 1718 2916 1ης,

184 2975 233 3021 et
255 2965 307 3019 id
330 2976 487 3036 genus
516 2961 640 3026 alia,
669 2973 790 3028 qua:
811 2956 1080 3011 curiosius
1105 2954 1390 3008 Browerus
1421 2945 1723 3015 investigat,

185 3057 318 3114 haud
341 3061 489 3110 vacat
509 3049 751 3120 pluribus
777 3048 1076 3117 exquirere.
1389 3100 1397 3109 ο

250 3147 308 3202 5.
332 3148 489 3202 Porro
514 3158 576 3200 ex
609 3142 710 3198 hoc
741 3136 1226 3209 nominumqquibus
1252 3133 1572 3188 Fortunatus
1594 3142 1728 3196 pra:-

189 3238 321 3296 tlitus
348 3239 439 3294 fuit
464 3249 713 3300 numero,
753 3240 878 3287 sunt
907 3229 994 3300 qui
1038 3226 1326 3296 eonjiciant
1375 3218 1601 3294 (Lirut.,
1627 3215 1726 3270 loc.

191 3331 298 3399 cit.)
317 3319 556 3386 eumdem
586 3342 650 3382 ex
682 3324 854 3394 prisca
877 3321 1236 3375 Romanorum
1267 3300 1432 3386 gente.
1460 3327 1522 3367 ac
1567 3309 1732 3378 stirpe

193 3433 353 3478 ortum
383 3419 710 3485 luisse,¢um
761 3416 815 3498 id
865 3413 1133 3472 veteribus
1191 3407 1443 3464 Romanis
1498 3403 1735 3458 solemne

194 3515 358 3581 luerit,
391 3515 539 3582 plura
569 3511 670 3566 sibi
700 3496 940 3571 nomine,
975 3520 1093 3558 cum
1149 3502 1210 3555 ad
1267 3499 1477 3552 familiae
1506 3496 1730 3564 insigne,

198 3613 295 3657 tum
323 3604 386 3655 ad
416 3602 627 3654 virtutis
673 3597 896 3664 alicujus
928 3605 978 3648 et
1017 3592 1229 3644 habitus
1266 3584 1731 3653 significationem,

200 3705 463 3760 usurpare.
489 3679 558 3743 de
589 3687 779 3754 quibus
831 3685 1106 3752 Appianus
1159 3677 1336 3742 Mem,
1391 3673 1442 3726 in
1477 3667 1630 3725 Przef.
1671 3667 1736 3722 ad

203 3783 330 3837 Bella
371 3781 546 3843 Roui.,
581 3777 696 3833 hate
745 3775 966 3831 Scribit:
1004 3769 1202 3826 Nomen
1257 3768 1376 3821 olint
1417 3764 1596 3831 cuique
1633 3761 1738 3814 llo-

201 3891 338 3930 naano
360 3889 514 3928 unum
556 3880 686 3935 erat,
717 3879 769 3921 ut
798 3865 991 3921 ca’teris
1017 3861 1332 3924 hominibus;
1384 3865 1494 3924 post
1539 3853 1742 3905 accessit

200 3969 420 4028 alterum,
452 3979 542 4018 nec
592 3964 663 4015 ita
704 3960 896 4014 dudum
950 3963 1098 4009 etiam
1158 3953 1355 4005 tertium
1408 3954 1624 4012 coeptum
1670 3948 1743 3994 est

203 4057 312 4109 addi
355 4054 670 4124 quibusdam,
718 4067 814 4118 quo
860 4047 1016 4117 magis
1044 4049 1433 4116 agnoscerentur
1458 4053 1520 4090 ex
1569 4033 1744 4103 aliqua

207 4157 314 4201 nota
341 4147 588 4216 corporis,
638 4147 723 4196 aut
753 4141 931 4193 t'irtute
971 4137 1170 4199 animi,
1229 4125 1651 4202 qucmadmo’dum
1701 4135 1746 4178 et

209 4237 360 4294 Gnaei
402 4224 925 4308 aliquot'nominibus
974 4231 1220 4300 adjuncta
1268 4222 1511 4276 habebant
1563 4232 1742 4287 cogno-

211 4345 356 4385 nunc.

273 4422 326 4474 4.
353 4417 461 4472 Etsi
490 4422 692 4475 autem.
719 4408 889 4462 adhuc
904 4413 1075 4459 stante
1103 4402 1258 4456 Rom.
1291 4412 1432 4466 rep.,
1457 4409 1584 4484 cum
1602 4391 1747 4460 plura

1773 571 1969 627 notior.

1845 662 1899 718 ὅ.
1931 661 2055 715 Erat
2094 663 2271 714 autem
2320 653 2496 710 eidem
2524 665 2700 714 soror,
2745 646 2954 703 Titiana
2985 639 3222 702 nomine,
3263 634 3330 688 de

1774 753 1946 824 queis
1973 752 2296 828 mentionem
2338 746 2464 801 facit
2514 744 2612 799 lib.
2643 755 2716 822 μ,
2749 754 2867 808 cap.
2898 734 2953 804 6,
2997 731 3240 788 scribens
3267 725 3334 780 ad

1790 846 2046 914 Agnetem
2077 841 2398 897 abbatissam
2441 836 2523 892 his
2555 830 2734 889 verbis
2765 844 2783 885 :

1876 997 1878 999 ,
1960 934 2161 999 Te_mihi
2181 945 2274 981 non
2291 931 2395 980 aliis
2419 927 2570 999 oculis
2591 926 2848 999 animottite
2869 917 3016 999 fn‘lsse

2025 978 2330 1054 diuisores
2352 1004 2414 1041 ex
2435 998 2573 1039 utero
2589 995 2659 1048 tu,
2674 978 2882 1043 Titiana,
2904 978 3050 1028 fores.

1743 1063 1751 1072 ’
1784 1077 1917 1132 lliuc
1946 1091 2102 1146 porro
2143 1073 2357 1144 coniicit
2392 1073 2463 1128 cl.
2495 1069 2660 1125 Liruti
2705 1065 3057 1121 Fortunatum
3087 1056 3341 1114 habuisse

1784 1166 1996 1223 Patrem
2033 1165 2255 1228 Titium,
2299 1178 2397 1218 seu
2455 1159 2747 1223 Titianum,
2799 1168 2864 1209 ex
2913 1159 3094 1207 vetere
3142 1147 3347 1204 scilicet

1788 1261 1945 1316 Rom.
1977 1273 2150 1323 more,
2191 1250 2295 1325 quo
2326 1253 2564 1307 solemne
2594 1258 2706 1304 erat
2735 1245 2934 1300 eisdem
2970 1243 3098 1296 tllias
3124 1250 3340 1308 paterno

1789 1368 1855 1410 ex
1890 1311 2466 1416 nomiue'appeltare;
2516 1351 2671 1410 atque
2702 1338 2846 1393 addit
2894 1333 3024 1389 illud
3068 1311 3382 1402 proprium.

1793 1444 2000 1514 generis
2031 1457 2122 1495 seu
2169 1438 2382 1492 familiae
2431 1449 2496 1490 ex
2551 1447 2652 1502 qua
2692 1429 2736 1484 is
2767 1438 2912 1483 ortus
2956 1427 3122 1478 luerat
3150 1415 3341 1475 tlomen

1794 1534 2080 1591 exstitisse.
2113 1529 2216 1585 Sed
2240 1527 2425 1591 miror,
2447 1525 2490 1579 si
2522 1521 2655 1577 illud
2695 1529 2808 1575 erat
2833 1515 3104 1586 pmprium
3135 1508 3346 1564 familiae

1795 1638 2114 1695 cognomen,
2146 1637 2210 1676 ex
2241 1620 2331 1673 illo
2353 1629 2592 1671 sororem
2624 1599 2796 1681 potius
2819 1622 2973 1674 quam
3006 1603 3349 1658 Fortunatum

1798 1726 2038 1773 vocatum
2063 1714 2244 1774 fuisse,
2272 1723 2370 1764 nec
2411 1706 2596 1760 saltem
2621 1703 2831 1770 utrique
2860 1697 3020 1751 fuisse
3045 1683 3349 1748 commune:

1803 1807 2154 1876 Quamobrem
2187 1797 2478 1858 Sirmondo
2528 1791 2795 1850 assentior
2822 1831 2835 1855 ,
2888 1787 2975 1856 qui
3007 1784 3168 1839 citato
3192 1793 3352 1847 supra

1805 1900 1925 1953 loco
1953 1912 2016 1952 ex
2052 1891 2369 1950 testimoniis
2408 1896 2653 1942 veterum
2686 1886 3150 1936 monumentorum
3181 1880 3359 1927 osten-

1803 1990 1878 2044 dit
1909 1986 2294 2058 posterioribus
2326 1980 2534 2036 saaculis
2583 1977 2720 2031 hanc
2772 1959 3224 2042 impnnendorutn'
3264 1977 3360 2018 no-

1804 2056 2492 2139 minum'consuetudinem
2541 2068 2771 2136 viguisse
2815 2080 2829 2117 :
2889 2061 2954 2117 Ut
3001 2070 3105 2114 tum
3154 2056 3360 2129 propria

1805 2177 2065 2243 cujusque,
2109 2178 2214 2222 tum
2242 2165 2486 2238 adjuncta
2509 2199 2526 2226 ,
2574 2175 2663 2214 seu
2709 2144 3032 2226 cognomina,
3061 2164 3147 2204 seu
3175 2159 3363 2219 prono-

1808 2236 2122 2334 minalqutc
2151 2259 2317 2314 omnia
2363 2257 2417 2310 in
2453 2236 2674 2324 singulis
2712 2262 2867 2320 prope
2908 2241 3154 2314 capitibus
3199 2236 3365 2293 uaria-

1814 2329 2056 2424 bant),wa
2083 2349 2373 2421 parentibus
2402 2352 2456 2399 ut
2479 2342 2787 2416 plurimum,
2827 2333 3168 2408 cognatisque,
3210 2329 3369 2398 patri-

1815 2448 1926 2512 bus,
1948 2417 2199 2513 pannis,
2243 2439 2388 2501 ovis,
2449 2432 2689 2503 proavis,
2739 2426 3044 2495 reliquisque
3088 2417 3369 2486 affectibus,

1815 2511 2262 2593 mutuarentur...
2311 2528 2486 2594 Neque
2527 2527 2657 2578 enim
2695 2530 2831 2574 certa
2857 2529 2902 2572 et
2947 2525 3097 2580 stata,
3146 2521 3202 2565 ut
3231 2511 3373 2573 olim,

1820 2629 2012 2703 generis
2032 2637 2078 2680 et
2107 2622 2312 2694 familia
2339 2617 2586 2697 uocabula
2608 2613 2681 2703 ‘in
2722 2626 2818 2664 usu
2856 2617 2975 2661 tunc
3005 2610 3234 2674 fuerunt,
3265 2614 3380 2670 qua!

1821 2689 1866 2777 2:
1925 2715 2169 2772 matribus
2217 2710 2504 2766 communia
2559 2689 2717 2760 essent
2756 2709 2804 2754 et
2849 2697 2914 2752 ad
2953 2705 3173 2764 posteros
3214 2700 3380 2744 trans-

1754 2842 1764 2849 ι
1821 2813 1970 2876 irenr,
2001 2815 2055 2862 ut
2084 2820 2198 2860 cum
2239 2799 2458 2857 Cornelii
2483 2805 2568 2851 aut
2598 2793 2728 2849 Julii
2752 2804 2920 2845 omnes
2954 2785 3247 2855 dicebantur
3293 2781 3381 2850 qui

1824 2921 1854 2960 ιι
1885 2912 2026 2974 gente
2055 2896 2292 2954 Cornelia
2321 2901 2409 2947 aut
2453 2888 2598 2944 Julia
2654 2885 2760 2940 nati
2811 2888 2993 2943 essent,
3025 2886 3072 2931 et
3113 2872 3383 2942 Scipiones

1823 2995 1972 3062 item,
1995 2998 2082 3042 aut
2104 2985 2386 3047 Cicerones,
2416 2979 2501 3050 qui
2533 2978 2586 3031 in
2613 2976 2760 3028 domo
2789 2981 2835 3026 et
2861 2966 3058 3037 familia
3086 2961 3382 3032 Scipionum

1829 3087 1917 3137 aut
1945 3080 2262 3141 Ciceronum,
2291 3074 2376 3128 sed
2426 3069 2596 3123 omnia
2620 3081 2739 3121 mox
2785 3078 2897 3116 cum
2935 3047 3124 3112 occasu
3167 3050 3382 3122 reipubl.

1759 3171 1804 3235 C
1833 3171 2022 3227 mutari
2060 3168 2254 3230 sensim,
2289 3180 2347 3216 ac
2379 3161 2477 3215 labi
2526 3163 2798 3229 ca’perunt,
2829 3163 2882 3206 ut
2926 3164 3211 3221 quanquam
3238 3146 3386 3199 initio

1834 3262 2027 3332 antiqui
2054 3259 2208 3313 moris
2258 3257 2432 3321 aliqua
2480 3250 2714 3305 Iitvscrint
2767 3245 2976 3316 vestigia
3029 3243 3084 3294 in
3133 3237 3392 3312 gentilitiis

1839 3353 2144 3419 no'minibus,
2201 3351 2368 3420 qutea'
2397 3342 2658 3399 nonnullis
2705 3339 2913 3410 familiis
2965 3333 3392 3389 retinebantur...

1840 3447 2155 3518 postmodum
2186 3453 2350 3494 tanien
2381 3439 2475 3489 hoc
2515 3436 2680 3502 ipsum
2725 3443 2922 3499 quoque
2950 3424 3225 3491 neglectum
3272 3419 3393 3488 fuit,

1837 3509 1963 3588 adeo
2002 3543 2056 3583 ut
2087 3531 2282 3580 nullum
2327 3526 2525 3573 tandem
2565 3518 2790 3585 familias,
2825 3513 3021 3564 nullum
3050 3509 3245 3582 generis
3288 3521 3394 3574 cer-

1839 3630 1944 3672 tum
1978 3631 2156 3670 nomen
2185 3610 2353 3682 fuerit.
2390 3607 2515 3661 Filii
2553 3605 2703 3660 etiam
2734 3620 2762 3655 a
2807 3599 3030 3670 patribus
3057 3607 3104 3651 et
3153 3595 3420 3668 frntribus_

1839 3696 1972 3764 inter
1999 3691 2068 3767 se,
2118 3703 2343 3759 omnibus
2374 3714 2503 3769 sape
2548 3694 2851 3759 nominibus,
2875 3703 2962 3745 aut
2998 3691 3102 3759 fere
3149 3687 3394 3751 omnibus,

1844 3798 2193 3868 discrepurint.
3117 3764 3125 3771 ’

1915 3894 1966 3948 6.
2005 3867 2152 3958 Quod
2196 3901 2326 3942 vero
2369 3883 2560 3936 attinet
2613 3878 2678 3934 ad
2729 3867 2947 3946 patriam
2996 3869 3301 3934 Fortunati,
3357 3867 3403 3922 is

1845 3957 2123 4040 Tarvisino
2153 3979 2203 4032 in
2243 3991 2369 4046 agro
2396 3981 2548 4028 natus
2568 3979 2650 4024 est
2679 3983 2742 4022 eo
2769 3967 2818 4020 in
2853 3967 2965 4018 loco
2986 3963 3072 4029 qui
3101 3957 3398 4027 Dttplacilis,

1848 4075 1960 4132 sive
2011 4045 2308 4140 Duplabilis,
2341 4073 2428 4120 aut
2485 4059 2790 4129 Dttplauenis
2833 4052 3218 4112 nominabatur,
3248 4045 3403 4112 idque

1851 4175 2058 4222 constat
2086 4179 2153 4218 es
2187 4161 2383 4227 apertis
2409 4171 2528 4212 cum
2573 4148 2848 4207 Fortunati
2877 4144 3065 4215 ipsius,
3113 4151 3220 4194 tutu
3274 4136 3400 4188 alio‘

1854 4273 1997 4318 runt,
2029 4249 2371 4307 testimoniis.
2428 4247 2475 4300 Is
2496 4253 2676 4308 certe,
2712 4242 2802 4294 lib.
2833 4255 2881 4293 tv
2914 4237 3045 4289 Vitae
3075 4230 3241 4308 sancti
3273 4227 3405 4282 Mar-

1857 4348 1972 4414 tini,
1998 4346 2189 4399 librum
2222 4355 2398 4401 suum,
2448 4351 2602 4405 quem
2634 4349 2700 4388 ex
2725 4330 2892 4384 Gallia
2926 4328 2976 4379 in
3011 4324 3208 4378 Italiam
3237 4321 3408 4375 mitte-

1858 4413 1971 4502 bat,
2001 4421 2275 4505 alloquens
2331 4427 2546 4504 poetico
2600 4436 2772 4488 more,
2821 4435 2878 4474 se
2929 4413 3186 4498 Duplavili
3230 4418 3408 4466 natum

213 4507 539 4562 assutnebant
567 4498 759 4570 singuli
803 4496 1033 4556 nomina,
1069 4497 1168 4546 hoc
1198 4490 1334 4556 quod
1381 4488 1550 4555 primo
1583 4496 1746 4551 pone-
1779 4507 1832 4568 ι)
2003 4488 2230 4583 ἆθέῶίὼ
2282 4488 2362 4576 hi;
2391 4520 2568 4574 verbis
2594 4533 2606 4546 .

1027 4584 1034 4586 ξ
1159 4582 1168 4586 _
1223 4582 1254 4586 _
1407 4579 1418 4586 _
1672 4581 1681 4586 _
2235 4564 2250 4586 ,
2594 4557 2605 4570 .

2235 4564 2250 4590 ’
2282 4557 2362 4576 ιιιδ
2399 4557 2568 4574 *υιυιιι
2594 4557 2605 4570 ο

216 4599 355 4651 batur
402 4598 517 4649 loco
566 4585 646 4661 (ut
693 4584 1064 4643 animadvertit
1094 4582 1171 4636 vel
1223 4579 1426 4646 Bruw.)
1471 4581 1754 4629 vocaretur

218 4701 531 4756 pmnomen,
563 4683 703 4752 quod
751 4681 877 4736 inde
933 4674 1201 4745 proprium
1247 4679 1388 4726 esset
1442 4665 1614 4737 gentis
1666 4661 1757 4717 aut

219 4779 443 4843 familiae,
464 4776 673 4832 tertium
701 4781 1014 4842 cognomen,
1048 4775 1102 4821 et
1125 4762 1244 4818 huic
1275 4759 1538 4815 interdum
1569 4762 1756 4826 quarto

219 4873 328 4928 loco
354 4882 613 4941 agnomen
645 4866 948 4924 adderetur,
980 4857 1228 4912 citeriore
1275 4861 1448 4941 tamen
1499 4862 1613 4903 mvo
1643 4845 1760 4900 haec

222 4930 517 5035 promiscue
545 4957 789 5015 adhiberi
835 4959 1130 5022 coeperunt,
1162 4962 1224 5002 ac
1257 4930 1564 5016 plerumque
1620 4937 1761 5008 quod

221 5031 396 5112 ultimo
443 5053 740 5125 ponebatur
783 5047 900 5102 loco
944 5039 1279 5113 praenominis
1332 5036 1435 5090 vim
1496 5031 1756 5097 habebat,

223 5148 329 5205 sive
346 5122 463 5216 quo
491 5159 520 5199 a
549 5141 758 5198 caeteris
785 5136 1024 5207 ejusdem
1042 5136 1232 5186 domus
1251 5144 1313 5183 ac
1336 5124 1507 5197 gentis
1538 5122 1764 5177 homini-

223 5236 314 5293 bus
339 5236 527 5307 singuli
549 5231 983 5308 secernebantur.
1012 5226 1123 5290 Qua
1166 5222 1232 5276 de
1253 5235 1312 5274 re
1342 5220 1515 5284 legere
1547 5208 1767 5283 prtestat

128 5368 134 5376 .
223 5329 287 5382 cl.
317 5306 695 5389 Sirmondum‘,
743 5322 796 5376 in
847 5320 978 5372 diss.
1007 5317 1216 5384 preaﬁxa
1243 5311 1342 5377 0p.
1372 5306 1576 5362 Sidonii
1607 5306 1768 5374 Apol.

229 5417 419 5482 linaris,
450 5417 503 5472 in
539 5429 640 5485 qua
672 5414 737 5468 de
767 5425 914 5466 more
966 5407 1239 5462 interioris
1283 5403 1453 5457 intotis
1489 5399 1766 5454 hominum

228 5505 277 5560 in
304 5507 640 5563 assument‘lis
681 5503 930 5574 pluribus
985 5495 1288 5553 nominibus
1330 5491 1545 5548 disserit
1575 5491 1768 5544 fusius.

224 5597 299 5682 .‘Ex
344 5600 441 5654 bac
494 5601 602 5667 ipsa
649 5595 1030 5652 censuetudine
1085 5593 1275 5644 [actum
1326 5594 1406 5639 est
1455 5592 1513 5662 ut
1545 5583 1629 5636 hic
1671 5595 1771 5634 no-

203 5672 360 5755 ster,
383 5692 625 5757 quamvis
651 5688 835 5742 multis
879 5682 1181 5740 nominibus
1205 5678 1273 5733 sit
1300 5674 1542 5743 insignis,
1583 5672 1775 5727 Fortu-
1824 5739 1829 5744 ι

298 5797 332 5836 δ’
349 5799 483 5859 Vide
507 5811 622 5870 qua
647 5797 875 5858 diximus
897 5798 950 5856 in
976 5796 1115 5855 notis
1146 5792 1212 5850 ad
1231 5806 1336 5848 car.
1361 5790 1415 5860 9,
1442 5787 1481 5845 ι.
1507 5801 1576 5843 iv.

1951 4623 2054 4682 Qua
2080 4631 2187 4668 mea
2208 4610 2658 4682 Tarvisuiresidet,
2681 4607 2719 4655 si
2738 4604 2944 4654 molliter
2970 4603 3138 4673 intras,
3213 4647 3217 4651 ,

1951 4663 2195 4734 l‘llwu—SJe'm
2211 4663 2390 4726 socium
2412 4673 2622 4722 Felicem
2633 4663 2655 4725 ,’
2666 4663 3087 4734 quiasso,_requir_e_.

1953 4725 2298 4796 ᾗξίίίέᾶδιέω
2321 4734 2566 4798 gradiens,
2590 4737 2640 4798 et
2657 4725 2843 4798 amicos:
2858 4727 3027 4798 υυιιμξ
3041 4725 3240 4780 ileuses,

2080 4788 2239 4852 neiale
2261 4788 2414 4849 solum
2441 4803 2512 4844 est
2538 4788 2653 4842 mihi
2679 4788 3060 4865 sanguineﬁptle
3085 4791 3350 4844 parentum,

1959 4849 2270 4922 f’ioli'srorigo
2294 4867 2500 4922 patrum,
2526 4862 2698 4922 mater.
2724 4863 2871 4905 soror,
2897 4849 3011 4894 ιτηιο
3034 4853 3212 4922 nepotq
3231 4861 3276 4922 si,

1957 4905 2536 4990 biiB'i"c6io"éoiae,'udé,
2562 4917 2799 4973 breviter,
2826 4919 2956 4972 peto,
2976 4907 3124 4978 I'Otrdtle
3149 4905 3369 4960 salutem,

1867 4986 2065 5075 Paulus
2105 5009 2312 5080 quoque
2335 5005 2618 5061 Diaconus,
2651 4998 2743 5052 lib.
2777 5012 2812 5051 ιι
2844 4993 2976 5048 llist.
3010 4986 3265 5056 Longob.,
3295 4998 3416 5051 cap.

1871 5110 1958 5177 i5,
1986 5075 2242 5164 eumdem
2262 5111 2441 5157 natum
2483 5091 2742 5161 Duplavili
2767 5089 2962 5142 diserte
3011 5080 3302 5149 protitetur,
3332 5075 3417 5127 iu-

1871 5201 2098 5272 quiens:
2133 5193 2464 5251 Fortunatus,
2499 5194 2645 5237 natus
2684 5178 2884 5249 quidem
2937 5173 2988 5223 in
3031 5170 3142 5222 loco
3170 5168 3255 5235 qui
3315 5164 3420 5216 Du—
3452 5169 3460 5178 '

1871 5255 2070 5361 placitis
2111 5285 2294 5339 dicitur
2324 5282 2441 5349 fuit,
2485 5273 2739 5345 quilocus
2783 5265 2917 5319 haud
2949 5263 3092 5330 longe
3120 5276 3149 5312 a
3177 5255 3424 5311 Cenitensi

1872 5359 2036 5439 castra
2077 5377 2149 5429 vel
2188 5372 2484 5427 Tarvisiana
2525 5367 2676 5419 distat
2718 5359 2933 5411 civitate.

1945 5451 1999 5526 7.
2028 5470 2208 5536 Itaque
2239 5464 2557 5517 Fortunatus
2587 5451 2867 5507 Tarvisino
2895 5448 2948 5501 in
2993 5457 3118 5511 agro
3149 5447 3302 5493 natus
3343 5443 3426 5489 est

1878 5528 2162 5630 Duplavili,
2195 5554 2305 5610 sive
2335 5551 2421 5604 ille
2454 5559 2614 5616 pagus
2655 5551 2746 5596 aut
2799 5538 3046 5605 oppidum
3104 5531 3279 5596 luerit,
3312 5528 3433 5582 sive

1876 5625 2109 5723 regionis
2137 5654 2333 5703 tractus
2367 5637 2578 5709 aliquis,
2609 5633 2676 5690 ad
2725 5629 2928 5686 Plavim
2962 5625 3183 5682 ﬂuvium
3238 5633 3429 5688 expor-
