3820 6236
477 266 550 323 28

1003 251 1508 332 ρἠοιεοοΜεΝΑ
1549 277 1638 331 an
1683 277 1980 335 VENANTI

2096 281 2204 336 ΟΝ.
2247 282 2449 340 CLEM.
2494 287 2887 348 FORTUNATI
2926 293 3174 351 OPERA.

472 386 670 444 rectus,
700 392 729 431 a
758 393 862 449 quo
905 383 1065 437 etiam
1114 399 1302 440 nomen
1341 385 1548 442 videtur
1598 392 1890 459 accepisse.
1923 392 2030 447 llo-
2063 397 2112 457 Α
2141 409 2293 451 suum
2319 399 2616 469 alloquens,
2647 404 2857 474 inquit:

471 467 660 537 dieque
686 468 823 524 iisin
848 469 976 526 locis
1016 488 1200 543 pagus,
1227 477 1340 531 sive
1368 477 1647 547 oppidum,
1692 480 1860 550 jacet,
1885 483 2030 552 quod

472 557 678 629 vulgari
748 574 994 616 sermone
1060 563 1449 621 Valdehiadena
1529 569 1852 625 nominatur.
1917 569 2032 628 Hoc

467 641 571 705 sibi
621 651 969 710 Fortunatum
1035 669 1272 714 nosuum
1325 669 1384 714 ut
1435 663 1604 719 civem
1648 678 1798 719 suum
1841 674 1894 720 et
1945 667 2030 721 in-

469 740 711 811 digenam
738 744 993 814 vindicat,
1024 747 1524 808 honestissimorum
1570 754 1809 810 virorum
1855 757 2031 812 domi-

466 831 666 887 cilium.

541 921 595 977 8.
642 922 944 993 Cluverius,
972 937 1010 982 t.
1062 929 1083 982 l
1125 929 1238 987 ltal.
1280 933 1471 1005 antiq.,
1529 950 1648 1006 cap.
1699 939 1788 1007 l8,
1846 950 2028 997 censet

465 1009 793 1080 Duplavilem
817 1032 882 1071 eo
920 1018 970 1072 in
999 1020 1113 1075 loco
1146 1022 1306 1078 fuisse
1332 1027 1417 1080 ubi
1448 1044 1603 1096 nunc,
1641 1031 1835 1100 inquit,
1869 1035 2022 1105 oppi-

460 1097 582 1152 dum
608 1101 658 1155 in
683 1105 815 1158 edito
857 1106 966 1161 loco
995 1114 1303 1180 conspicitur
1324 1117 1391 1168 ad
1431 1118 1605 1173 larvam
1634 1124 1798 1177 amnis
1828 1125 2019 1194 ripam,

458 1191 656 1260 vulgari
681 1197 1022 1265 appellatione
1071 1203 1132 1256 8.
1164 1205 1468 1262 Salvadore.
1500 1210 1608 1266 Sed
1657 1214 1739 1268 vir
1770 1191 2019 1271 eruditis-

455 1283 640 1351 simus,
667 1297 1165 1362 ornatissimusque,
1197 1311 1382 1352 comes
1404 1299 1731 1359 Rambalbus
1750 1307 1819 1361 de
1841 1312 2015 1364 Ληο-

2253 487 2347 574 Aut
2370 490 2732 574 Aquileiensem
2755 498 2794 568 si
2819 496 2942 574 forte
2965 507 3230 574 accesseris
3251 508 3445 574 urbem,

2258 549 2502 621 gasgianos
2525 554 2710 621 Domini
2736 560 2933 621 nimium
2960 549 3226 614 venereris
3238 549 3447 621 amicos;

2252 611 2321 691 Ac
2344 611 2586 691 lj'o‘rtunati
2605 611 3161 691 benedictammartyris
3175 611 3364 691 initiis:

2252 671 2631 756 gantiﬁcemque
2654 681 2784 751 pium
2809 681 3010 756 Paulum
3029 671 3476 756 supieﬁiéi'iaou,

2253 733 2342 791 Qui
2368 748 2446 784 me
2468 733 2708 798 priinmv'is
2729 746 2942 794 converti
2963 733 3414 807 Optaliat'ab'an'tds:

2199 812 2284 867 12.
2327 815 2479 871 llisce
2507 822 2790 886 postremis
2838 838 2869 878 e
2895 827 3069 880 verbis
3099 829 3259 884 infert
3284 832 3432 890 Joan.
3456 838 3662 910 Joseplt.

2125 903 2292 959 Liruti
2324 906 2664 963 Fortunatum
2690 912 2945 982 Aquileia:
2973 931 3003 971 a
3027 916 3212 985 Paulo,
3235 923 3353 991 ejus
3384 928 3520 982 urbis
3543 903 3664 998 pon-

2125 995 2282 1061 tiflce,
2332 997 2647 1066 baptismum
2696 1006 2984 1074 accepisse,
3034 1010 3176 1077 quod
3222 1017 3499 1072 sententia
3545 995 3665 1088 sua,

2123 1101 2223 1155 qua
2255 1087 2399 1141 illum
2448 1091 2616 1145 civem
2671 1094 3063 1162 Aquileiensem
3114 1103 3363 1171 opinatur
3406 1108 3584 1178 fuisse,
3620 1114 3665 1172 in

2121 1179 2304 1247 primis
2334 1181 2608 1250 suffragari
2658 1186 2965 1246 arbitratur.

2193 1267 2275 1324 15.
2309 1269 2523 1337 Verum,
2569 1283 2623 1327 ut
2667 1274 2794 1331 illud
2843 1280 3108 1347 omittam,
3141 1301 3210 1340 ex
3242 1303 3307 1344 eo
3331 1292 3468 1358 quod
3490 1293 3664 1352 Paulus

454 1370 592 1438 niis,
645 1377 932 1435 Tarvisinae
992 1359 1246 1442 Ecclesiae
1296 1392 1581 1448 canonicus
1636 1395 1656 1465 (
1678 1359 2037 1464 quem—alias}
2117 1366 2320 1425 omam
2349 1359 3042 1465 F°.'“‘.'.““‘"."l‘.‘p'im“°"‘
3070 1377 3223 1431 annis
3253 1385 3508 1448 conveni’
3539 1387 3662 1443 haud

451 1461 737 1533 laudavi),
789 1472 838 1522 in
910 1470 1124 1529 dissert.
1184 1477 1234 1532 in
1290 1495 1390 1546 qua
1450 1482 1583 1538 Ven.
1645 1461 2011 1545 ‘F'ortunatum

446 1554 613 1619 patria
655 1555 986 1616 Tarvisinum
1016 1579 1135 1621 esse
1165 1572 1397 1625 ostendit
1425 1575 1718 1645 (quamque
1749 1579 1878 1635 mihi
1908 1582 2006 1637 be-

446 1645 776 1713 nignissime,
813 1661 867 1705 ut
892 1657 1052 1709 etiam
1082 1660 1204 1727 alia,
1236 1666 1640 1738 commodavit),
1672 1673 2006 1737 gravissimis

2116 1462 2272 1514 posse
2291 1452 2538 1506 concludi
2567 1455 2650 1509 vel
2677 1455 2840 1514 fuisse
2861 1475 3196 1531 conversum,
3234 1469 3363 1524 illud
3397 1474 3518 1528 mibi
3545 1479 3662 1531 mul-

2116 1545 2169 1588 to
2197 1542 2538 1599 verisimilius
2569 1546 2797 1614 videtur,
2830 1551 3071 1619 Paulum,
3103 1557 3490 1625 Aquileiensem
3518 1567 3659 1621 Anti-

2110 1627 2309 1693 stitem,
2342 1629 2396 1684 id
2426 1641 2640 1700 optasse
2693 1640 2886 1706 potius,
2933 1650 2988 1696 ut
3010 1644 3171 1712 idem,
3205 1661 3336 1715 puer
3360 1652 3547 1722 adhuc,
3588 1658 3659 1711 vel

445 1743 728 1794 momentis
759 1745 950 1798 evincit
999 1720 1323 1817 anlav'ilem
1375 1757 1512 1810 haud
1571 1720 2009 1827 potuisse-mam:
2042 1740 2089 1798 Β
2119 1720 2446 1827 ῗέῳθεοεῄἠ
2479 1728 3034 1827 “wells-ceterarum
3073 1752 3252 1792 rerum
3303 1755 3467 1808 cum,
3495 1759 3658 1800 mona‘

443 1824 564 1880 dem
587 1844 706 1885 esse
722 1847 784 1885 ac
801 1835 1047 1902 oppidum
1073 1839 1196 1894 illud
1213 1842 1278 1896 de
1294 1860 1397 1912 quo
1415 1824 1719 1918 Cluverius,
1743 1867 1862 1908 cum
1879 1854 2010 1908 For-

442 1920 670 1985 tunatus,
706 1923 794 1977 ubi
826 1925 959 1981 libro
985 1943 1083 1983 suo
1113 1931 1214 1986 iter
1251 1949 1316 1988 ex
1353 1937 1522 1991 Gallia
1556 1941 1607 1995 in
1638 1943 1838 1998 Italiam
1863 1960 2008 2001 com-

446 2019 726 2102 monstrat,
761 2028 824 2069 ex
858 2016 1095 2086 Aquileia
1126 2020 1500 2093 Concordiam,
1538 2041 1696 2102 atque
1721 2035 1845 2089 inde
1874 2036 2006 2091 Tar-

439 2086 649 2163 visiitm,
679 2109 787 2156 tum
843 2105 1098 2164 Ccnetam
1150 2123 1203 2166 et
1260 2115 1629 2186 Duplavilem,
1686 2128 2002 2183 veniendum

437 2195 704 2258 ostendat,
734 2197 1004 2254 Patavium
1038 2218 1221 2259 versus
1277 2211 1653 2281 proficiscenti,
1691 2227 1750 2270 nt
1781 2221 2003 2286 proinde

434 2277 748 2348 Duplavilis,
802 2290 963 2353 patria
998 2291 1297 2361 Fortunati,
1333 2313 1436 2354 non
1465 2313 1606 2357 esset
1640 2277 1826 2361 media
1861 2308 1999 2364 Tar-

432 2369 621 2423 visium
654 2371 792 2428 inter
817 2391 877 2432 ac
904 2377 1181 2450 Cenetam,
1216 2386 1309 2442 sed
1358 2391 1492 2444 ultra
1523 2391 1799 2464 Cenetam,
1846 2399 1999 2454 Pata-

435 2461 576 2514 vium
607 2478 811 2538 versus,
851 2469 949 2526 iter
977 2479 1173 2543 agenti,
1226 2479 1526 2548 cujusmodi
1577 2502 1680 2542 non
1712 2499 1795 2544 est
1846 2486 1996 2561 oppi-

431 2548 553 2603 dum
586 2553 709 2608 illud
739 2555 800 2612 S.
825 2559 1135 2631 Salvadore,
1169 2570 1309 2636 quod
1343 2582 1641 2645 utrumque,
1690 2548 1993 2638 Tarvisium

427 2642 629 2699 scilicet
677 2662 739 2702 ac
793 2652 1043 2709 Cenetam
1074 2699 1089 2720 ,
1146 2642 1550 2719 intermedinm—
1569 2669 1728 2734 jacet.
1791 2671 1994 2730 Deinde

424 2728 562 2785 istud
592 2737 841 2802 Oppidum
875 2742 1073 2797 nullum
1104 2746 1219 2799 erat
1269 2754 1464 2805 saeculo
1488 2770 1541 2806 VI
1570 2728 1634 2808 vet
1676 2758 1740 2810 ad
1789 2774 1988 2828 anpum

424 2834 590 2890 usque
638 2824 774 2877 1245
828 2831 973 2885 solus
1022 2848 1082 2888 ac
1140 2836 1384 2893 desertus
1433 2845 1627 2898 montis
1669 2848 1839 2903 clivus
1869 2867 1990 2919 per-

331 2955 335 2957 .
424 2912 637 2965 mansit.
672 2914 927 2979 Quocirca
956 2921 1174 2980 minime
1203 2927 1248 2981 is
1272 2928 1476 2984 dubitat
1508 2935 1631 3002 quin
1665 2912 1982 3009 Duplavilis,

422 3015 474 3053 tn
521 3017 623 3070 qua
657 3009 829 3062 natale
876 3009 1146 3068 Fortunati
1206 3018 1399 3086 solum,
1445 3023 1630 3080 eadem
1657 3028 1726 3082 sit
1755 3044 1817 3084 ac
1862 3048 1980 3100 quae

2117 1811 2301 1865 sticam
2324 1815 2483 1869 vitam
2514 1819 2771 1888 Aquileiae
2792 1825 3217 1894 amplecteretur,
3266 1846 3386 1886 cum
3409 1841 3574 1889 tamen
3599 1837 3655 1903 is,

2112 1901 2182 1954 ob
2234 1901 2376 1958 illam
2425 1905 2562 1963 forte
2586 1924 2819 1983 causam,
2867 1917 3008 1985 quod
3057 1918 3363 1977 Ravennam
3418 1901 3655 1994 proficisci

2107 1994 2382 2063 cogitaret,
2441 2007 2495 2052 ut
2523 2001 2663 2055 eain
2696 2002 2849 2068 urbe,
2903 2014 3145 2077 tanquam
3169 2012 3509 2071 scientiarum
3553 2034 3655 2074 o-

2107 2085 2249 2139 nium
2281 2087 2489 2158 Lycaeo,
2518 2093 2708 2148 studiis
2757 2096 3052 2153 litterarum
3088 2101 3238 2158 daret
3265 2121 3498 2174 operam,
3528 2112 3652 2167 votis

2105 2177 2369 2244 pontificis
2417 2181 2635 2237 minime
2669 2184 3071 2254 obsequendum
3110 2195 3402 2250 censuerit.
3432 2198 3582 2253 Certe
3606 2199 3652 2255 id

2101 2276 2217 2320 erat
2273 2270 2527 2324 usitatum
2578 2273 2646 2327 iis
2693 2277 3038 2344 temporibus,
3097 2291 3156 2334 ut
3200 2283 3291 2352 qui
3341 2288 3649 2344 monasticcn

2099 2357 2530 2428 amplecteretur,
2561 2362 2608 2416 is
2633 2362 2899 2420 diceretur
2927 2372 3191 2425 converti.
3222 2373 3319 2440 Ac,
3342 2385 3402 2428 ut
3429 2379 3648 2434 omittam

2097 2451 2267 2503 sancti
2315 2450 2516 2508 Bcned.
2563 2457 2708 2514 c.58
2754 2459 2908 2530 Reg.,
2947 2471 3000 2518 et
3047 2467 3460 2540 sanatiGregqr.
3488 2473 3646 2542 magni

2097 2542 2422 2618 testimonia,
2457 2544 2548 2600 lib.
2577 2562 2632 2612 tt,
2664 2550 2817 2617 epist.
2869 2550 2902 2604 4
2931 2563 2984 2607 et
3015 2551 3085 2608 66
3117 2554 3259 2610 Edit.
3311 2557 3500 2625 Paris.,
3525 2561 3649 2616 Bau-

2093 2609 2324 2694 donivia,
2357 2648 2535 2690 coatva
2579 2636 2887 2708 Fortunato,
2935 2657 2997 2696 ac
3026 2647 3446 2703 sanctimonialis
3475 2666 3644 2705 mona-

2091 2721 2236 2773 sterii
2261 2722 2628 2788 Pictaviensis,
2648 2728 2699 2803 in
2729 2727 2844 2782 Vita
2867 2730 3034 2784 beata
3052 2731 3414 2802 Radegundis,
3433 2754 3571 2793 num.
3593 2740 3642 2806 3,

2060 2811 2168 2866 ~8ic
2215 2811 2282 2866 de
2322 2815 2432 2882 ipsa
2476 2818 2745 2887 loquitur:
2799 2822 3099 2894 Postquam,
3169 2828 3360 2898 inquit,
3425 2845 3646 2901 operante

2090 2899 2263 2955 divina
2291 2909 2530 2982 potentia,
2559 2926 2591 2962 a
2618 2927 2734 2981 rege
2760 2921 2956 2970 terreno
2983 2918 3240 2984 discessit,
3267 2924 3407 2989 quod
3427 2899 3519 2976 sua
3543 2935 3646 2978 eota

2087 2995 2379 3064 poscebant,
2400 3000 2520 3052 dum
2551 3002 2774 3058 Suadas
2795 3007 2849 3060 in
2880 3008 3026 3070 villa,
3054 3027 3209 3079 quam
3235 3012 3283 3065 ei
3311 3029 3403 3067 res:
3427 3015 3641 3080 dederat,

425 3090 813 3154 Valdebiadena
839 3105 993 3174 vulgo
1021 3110 1343 3179 appellatur,
1388 3080 1557 3184 posita
1614 3120 1667 3175 in
1700 3080 1980 3182 Tarvis'itio
2011 3080 2058 3143 Ο
2087 3085 2343 3153 rwderet'
2375 3104 2428 3140 m
2465 3106 2629 3184 "mlo
2671 3109 2806 3184 gmw
2863 3113 3202 3153 conamen“
3247 3117 3377 3170 ww’
3405 3114 3508 3159 ac.
3538 3104 3642 3160 Jan

422 3194 570 3248 agro,
612 3199 728 3238 cum
778 3198 829 3243 et
879 3195 1169 3252 similitudo
1221 3204 1449 3258 nominis
1500 3209 1581 3276 (ut
1627 3225 1691 3263 ex
1750 3215 1981 3280 antiquis

425 3279 781 3334 monumentis
812 3294 927 3350 qua:
983 3287 1048 3339 ab
1094 3290 1208 3356 ipso
1254 3295 1594 3357 proferuntur
1643 3303 1809 3370 magis
1853 3319 1981 3359 con-

420 3367 562 3434 stat)
615 3369 733 3426 ltuic
784 3379 1062 3432 sententiae
1109 3383 1393 3440 admodum
1449 3391 1623 3446 favere
1678 3367 1978 3463 deprehen-

415 3455 592 3514 datur.

483 3549 533 3600 9.
569 3555 632 3604 At
660 3552 811 3607 Joan.
843 3557 1103 3624 Josephus
1147 3562 1316 3616 Liruti
1349 3580 1468 3618 cum
1520 3572 1815 3625 assentitur
1849 3578 1975 3630 Clu-

413 3641 562 3691 verio
590 3641 686 3694 bac
717 3642 768 3695 in
800 3659 876 3710 re,
903 3655 1011 3701 tum
1047 3649 1175 3704 illud
1199 3653 1265 3708 de
1313 3669 1409 3707 suo
1439 3657 1606 3724 addit,
1641 3659 1970 3729 Duplavilem

414 3731 621 3784 nonnisi
655 3733 848 3790 avitum
901 3750 993 3794 aut
1052 3754 1327 3811 paternum
1385 3748 1658 3806 Fortunati
1711 3757 1968 3823 praedium

415 3818 596 3884 fuisse,
623 3821 674 3875 in
702 3826 842 3892 quod
872 3827 987 3898 ejus
1015 3845 1278 3899 parentes,
1304 3848 1392 3892 aut
1434 3841 1541 3906 avi,
1570 3818 1725 3899 cives
1744 3848 1827 3919 (ut
1857 3851 1971 3917 ipse

410 3912 676 3986 opinatur)
709 3919 1093 3986 Aquileienses,
1120 3929 1474 3994 secesserant,
1526 3949 1628 4001 quo
1674 3912 1876 4001 Attilae,
1906 3952 1969 3991 ac

408 4015 730 4058 ceterorum
761 4009 1135 4076 Barbarorum,
1181 4017 1266 4082 qui
1315 4019 1425 4072 suis
1461 4035 1602 4089 saepe
1644 4026 1966 4082 exercitibus

405 4094 706 4160 Aquileiam
766 4096 1104 4167 infestarunt,
1167 4106 1550 4166 immanitatem
1603 4125 1654 4169 et
1695 4129 1962 4173 armorum

403 4181 633 4238 furorem
657 4186 1006 4252 declinarent.

483 4275 562 4328 19.
605 4278 708 4333 Sed
761 4281 897 4337 haud
958 4287 1068 4340 scio
1122 4299 1375 4358 quantum
1425 4294 1546 4348 huic
1577 4297 1826 4366 singulari
1864 4301 1960 4356 viri

412 4371 732 4438 caeleroquin
764 4372 1056 4430 doctissimi
1088 4380 1324 4446 Opinioni
1357 4385 1693 4441 tribuendum
1723 4390 1813 4455 sit,
1838 4406 1954 4446 cum
1987 4410 2036 4468 ο

403 4466 512 4512 tam
548 4461 822 4528 perspicue
844 4462 894 4516 in
918 4465 1076 4521 allato
1099 4473 1341 4538 superius
1363 4477 1596 4531 carmine
1618 4477 1956 4550 Fortunatus,

398 4563 504 4601 non
527 4550 694 4602 solum
718 4550 994 4607 Tarvisum
1019 4573 1164 4612 suam
1196 4577 1314 4617 csse
1340 4564 1499 4630 dicat,
1531 4578 1582 4621 ct
1612 4570 1800 4622 amicos
1825 4571 1961 4627 inter

396 4636 1004 4714 Duplavifenses’natale
1048 4650 1211 4702 solum
1241 4667 1368 4708 esse
1411 4657 1512 4710 sibi
1561 4661 1807 4730 sanguine
1845 4665 1962 4716 sede

395 4724 718 4797 Parentum,
758 4726 853 4787 sed
902 4735 1056 4788 etiam
1101 4739 1261 4804 prolis
1316 4743 1558 4811 originem
1592 4724 1824 4817 pairum,
1855 4767 1958 4822 quo

395 4814 536 4870 haud
564 4811 677 4876 scio
714 4837 782 4876 an
820 4824 1120 4880 evidentius
1170 4829 1364 4898 aliquid
1408 4834 1473 4888 ad
1523 4811 1747 4904 patriam
1776 4811 1956 4910 cujus-

406 4923 508 4975 que
531 4911 799 4979 regionem
841 4913 1182 4971 indicandam
1219 4922 1385 4986 possit
1433 4925 1670 4990 proferri.

470 5001 554 5054 Η.
612 5002 739 5058 Illud
772 5015 946 5061 tamen
979 5008 1115 5062 haud
1147 5009 1342 5065 invitus
1372 5014 1510 5078 dem,
1539 5020 1782 5076 eumdem
1815 5024 1951 5078 haud

396 5091 488 5144 diu
512 5100 727 5159 paterna
761 5097 812 5148 in
843 5098 1002 5153 domo
1033 5114 1095 5153 ac
1122 5102 1342 5170 regione
1361 5104 1680 5170 subsedisse,
1714 5114 1801 5180 qui
1842 5115 1948 5181 pri-

394 5183 578 5235 marvis
633 5182 700 5236 ab
749 5188 902 5248 annis
945 5189 1171 5256 spatium
1249 5195 1501 5259 temporis
1556 5197 1808 5266 aliquod,
1867 5203 1950 5258 vel

393 5274 671 5341 Aquileia,
717 5278 1098 5343 potentissimae
1148 5284 1413 5351 quondam
1470 5284 1716 5353 civitatis,
1756 5293 1949 5347 vixisse

390 5363 834 5432 deprehendatur,
878 5376 933 5421 ut
963 5369 1075 5438 ipse
1104 5372 1169 5426 de
1195 5388 1253 5427 se
1286 5374 1544 5442 affirmat,
1593 5378 1687 5432 lib.
1723 5396 1770 5433 tv
1817 5382 1947 5435 Vita.-

392 5455 560 5508 sancti
617 5455 848 5523 Martini,
880 5459 1026 5514 hisce
1076 5462 1292 5527 verbis,
1341 5467 1529 5533 quibus
1579 5467 1703 5522 item
1757 5470 1943 5524 librum

461 5597 484 5622 ι
522 5588 856 5671 νὶιιεγέιεξη
887 5591 1058 5671 Ruﬁni
1105 5596 1376 5665 praefisam
1405 5599 1640 5667 ejusdem
1668 5601 1765 5671 Op.
1802 5604 1938 5659 Edit.

393 5658 579 5712 Veron.
616 5658 772 5724 1745,
803 5660 838 5716 Ι.
871 5675 908 5729 t,
940 5677 993 5717 n.
1019 5664 1071 5718 5.

2084 3187 2212 3228 vero
2237 3186 2436 3233 certum
2467 3190 2547 3236 est
2575 3182 2977 3255 Badegundem,
3031 3189 3334 3246 Christiana
3376 3194 3430 3249 in
3460 3194 3641 3264 pietate

2084 3265 2151 3317 ab
2180 3277 2408 3322 extrema
2439 3274 2662 3338 pueritia
2689 3277 2990 3343 educatam,
3017 3294 3140 3333 cum
3170 3297 3199 3333 a
3234 3284 3473 3340 Clotario
3502 3302 3634 3355 rege,

2083 3356 2304 3427 conjuge
2325 3373 2442 3426 suo,
2489 3363 2843 3432 discessisset,
2878 3379 2934 3423 ut
2965 3371 3097 3425 infra
3125 3373 3346 3429 dicetur
3373 3375 3633 3445 (Fortium,

2081 3446 2133 3499 in
2169 3447 2279 3501 Vita
2298 3450 2356 3504 S.
2389 3451 2548 3515 Hart,
2570 3471 2621 3507 η.
2655 3455 2764 3524 η),
2792 3460 3068 3515 confestim
3096 3461 3408 3536 Noviomagt
3436 3483 3464 3520 a
3495 3467 3636 3524 beato

2078 3535 2330 3604 Medardo
2377 3542 2628 3613 episcopo
2704 3549 3053 3605 monasticam
3113 3553 3287 3608 velum
3343 3535 3628 3626 accepisse,

2079 3633 2235 3691 atque
2267 3625 2349 3678 hic
2381 3631 2602 3694 proinde
2640 3647 2810 3688 annus
2859 3644 2968 3707 ejus
2991 3648 3334 3699 conversionis
3384 3651 3584 3715 primus
3607 3665 3632 3706 ι

2078 3713 2395 3770 Baudonivia
2452 3723 2766 3789 appellatur.
2842 3726 2989 3784 Haud
3059 3746 3214 3787 secus
3287 3713 3625 3805 Fortunatus,

2073 3805 2164 3860 lib.
2196 3823 2270 3876 iv,
2312 3825 2427 3879 cap.
2473 3813 2560 3881 23,
2608 3817 2824 3886 loquens
2867 3822 2936 3876 de
2964 3826 3214 3894 .quodam
3261 3827 3495 3900 Juliano,
3547 3833 3628 3904 qui

2071 3905 2224 3948 antea
2270 3909 2617 3957 mercaturam
2672 3920 2999 3977 exercuerat,
3038 3907 3185 3981 tum,
3216 3917 3314 3972 hac
3343 3919 3546 3988 relicta,
3574 3936 3626 3978 se

2076 3990 2241 4036 totum
2301 3987 2407 4041 Deo
2453 4005 2868 4062 consecraverat,
2901 4048 2905 4051 .
2936 4011 3085 4070 parta
3139 4005 3378 4065 tribuens
3429 4012 3622 4083 egenis,

2071 4073 2236 4143 inquit
2270 4096 2281 4130 :

2193 4186 2430 4268 Merhcator
2452 4194 2706 4268 quondam,
2735 4210 2996 4268 conversus
3011 4201 3287 4268 ﬂnerbeato,

2282 4249 2542 4317 ilaptus'ab
2566 4256 2651 4303 hoc.
2674 4249 2846 4307 mundo
2864 4249 3070 4311 crimine
3084 4249 3392 4317 liber‘homo.

2191 4308 2396 4391 Coll'egit
2420 4317 2632 4391 nimimn,
2658 4320 2744 4391 sed
2769 4308 2937 4380 sparsit
2957 4308 3222 4384 egenti—hos
3234 4308 3426 4391 "inﬁxis,

2285 4370 2537 4422 Prtemittit
2555 4370 2748 4427 cunctas
2762 4370 2878 4442 quas
2896 4370 3348 4449 seqtiér'éiiiibié'si

2141 4478 2228 4532 M.
2271 4479 2396 4533 Erat
2416 4492 2587 4537 autem
2616 4489 2919 4553 percelebre
2941 4495 3194 4562 Aquileia:
3210 4501 3603 4568 monasterium,

2066 4566 2150 4621 vel
2183 4568 2294 4635 ipsa
2323 4571 2494 4626 Ruﬁni
2523 4582 2702 4642 aetate,
2755 4581 2842 4646 qui
2900 4588 3194 4642 monachus
3221 4590 3361 4646 ineo
3389 4566 3604 4662 vixerat,

2065 4673 2186 4712 cum
2221 4661 2440 4726 interea,
2495 4666 2540 4719 si
2597 4683 2751 4721 unmn
2807 4671 3137 4731 Vercellense
3175 4681 3432 4748 excipias,
3477 4686 3610 4742 aliud

2064 4749 2175 4802 fere
2220 4750 2272 4804 in
2302 4751 2446 4806 Italia
2500 4766 2642 4809 esset
2699 4758 2898 4814 nullum
2939 4773 2986 4814 ⁸.
3028 4763 3288 4823 Credibile
3336 4771 3612 4840 itaqueest

2061 4838 2128 4891 ad
2153 4842 2252 4893 hoc
2277 4842 2616 4910 Aquileiense
2661 4853 3034 4906 monasterium
3066 4854 3410 4924 Fortunatum
3429 4838 3556 4919 tunc
3579 4878 3610 4919 a

2057 4926 2225 4984 Paulo
2252 4933 2526 4987 invitatum
2571 4936 2752 5004 fuisse,
2800 4955 2904 5010 quo
2942 4943 3076 5000 forte
3097 4957 3150 5001 et
3179 4951 3324 5004 clero
3355 4952 3471 5023 (qui
3500 4955 3609 5012 fere

2057 5030 2271 5087 semper
2319 5022 2617 5091 adjunctam
2679 5037 2801 5084 tunc
2857 5035 3105 5102 temporis
3153 5022 3461 5098 monastic:
3491 5045 3608 5100 vita

2020 5108 2441 5177 professionem
2509 5113 2760 5186 habebat)
2812 5122 3026 5188 ascitus,
3089 5128 3284 5194 majora
3357 5131 3606 5202 deinceps

2056 5204 2381 5272 Aquileiensi
2426 5211 2672 5266 Ecclesia:
2715 5215 2912 5280 ofﬁcia,
2962 5234 3056 5286 pro
3102 5220 3187 5274 illa
3218 5239 3318 5292 qua
3346 5234 3464 5281 erat
3490 5226 3608 5284 vita

2052 5293 2374 5372 innocentia,
2406 5310 2454 5355 et
2479 5302 2668 5369 ingenii
2699 5308 2831 5371 acie,
2861 5321 3133 5376 pra-Staret
3169 5311 3216 5368 δ.

2126 5388 2211 5440 15.
2253 5389 2582 5459 Quanquam,
2615 5410 2730 5449 cum
2777 5397 2902 5453 illud
2945 5402 3321 5469 animadverto,
3365 5404 3606 5476 Paulam.

2048 5475 2165 5529 sive
2189 5476 2460 5532 Paulinum
2485 5483 2576 5548 (de
2600 5499 2704 5551 quo
2729 5486 2872 5553 plura
2898 5489 3144 5560 Ugliellus
3169 5494 3218 5547 in
3240 5492 3399 5548 Italia
3421 5494 3606 5574 Sacra)

2122 5606 2146 5641 ιι
2194 5607 2318 5664 Vide
2348 5611 2530 5680 Rnin.,
2573 5614 2623 5666 in
2651 5619 2795 5684 prmf.
2836 5622 2932 5690 0p.
2965 5625 3021 5680 S.
3052 5625 3206 5695 Grcg.
3233 5625 3387 5694 Tun,
3407 5645 3462 5684 tt.
3485 5628 3580 5690 35s
