3796 6368
81 371 129 425 25
1154 364 1312 421 VITA
1353 362 1677 420 VENANTII
1721 362 2135 420 FURTUNATI.‘
3200 362 3271 420 2.

82 481 380 555 Aquileiensis
424 479 681 537 Ecclesiae
738 476 920 536 sedem
949 490 1055 533 non
1103 486 1230 533 ante
1259 487 1441 533 tenere
1472 491 1585 531 coc-
1618 482 1666 538 Α
1694 477 1845 543 alius,
1878 476 2419 542 certe'l‘lteodericus,
2454 476 2694 545 quamvis
2716 470 2979 532 interdum
3010 490 3185 531 samrs
3206 490 3268 535 ac

80 581 183 647 pisse
204 589 353 646 quam
403 588 547 628 anno
576 572 703 638 558,
738 571 821 626 vel
870 569 997 636 559,
1051 571 1205 625 facile
1235 569 1489 636 adducor,
1540 577 1598 624 ut

78 668 268 734 credam,
296 666 640 733 Fortunatnm
670 679 775 720 non
807 675 912 719 tam
936 665 1221 719 immatura
1249 670 1405 718 (etate
1434 661 1597 732 Aqui-

78 762 164 815 leia:
208 767 583 813 commoratum
644 755 809 810 fuisse
877 758 924 809 α.
982 756 1111 809 Nam
1168 757 1215 810 si
1269 756 1381 824 ipse
1440 763 1596 808 natus

76 849 264 905 creditur
300 848 439 902 circa
498 847 695 900 annum
744 844 868 911 550,
896 844 1114 915 jamque
1165 859 1330 899 senex
1362 843 1594 897 Pictavis

76 940 189 1003 obiit,
213 938 401 993 sarculo
432 939 664 1006 septimo
687 937 854 992 ferme
907 938 1143 1001 ineunte,
1196 936 1240 989 is
1282 933 1592 1003 vigesimum

76 1012 294 1092 octavum,
330 1038 421 1082 aut
448 1029 928 1098 undetrigesimum
976 1042 1171 1082 annum
1202 1027 1414 1094 agebat,
1448 1039 1592 1087 cum,

73 1122 148 1176 sub
182 1121 388 1176 Paulino
427 1122 698 1190 pontiﬁce,
733 1119 991 1190 Aquileiae
1021 1118 1291 1173 habitabat
1317 1115 1345 1153 ι)
1391 1156 1405 1170 .
1437 1114 1591 1183 Quod

71 1214 104 1267 si
126 1214 239 1267 idem
283 1221 481 1276 narrat,
535 1212 674 1281 quod
728 1213 978 1279 primazvis
1003 1213 1066 1264 ab
1094 1210 1241 1264 amris
1270 1223 1327 1263 se
1357 1206 1591 1281 invitarit

72 1299 228 1371 Paulus
272 1310 329 1354 ut
376 1279 803 1363 converteretur,
863 1307 953 1353 aut
1011 1298 1065 1353 id
1118 1309 1270 1366 poeta
1316 1279 1596 1365 scripsisse

70 1391 283 1446 dicendus
307 1402 387 1447 est
415 1408 482 1447 eo
508 1403 748 1461 spectato
780 1402 1019 1460 tempore
1047 1391 1288 1461 quoillos
1320 1390 1385 1443 de
1419 1385 1594 1449 sancti

70 1482 234 1535 Martini
258 1481 369 1535 Vita
400 1484 567 1537 libros
594 1484 990 1544 conscribebat,
1024 1492 1149 1537 ante
1176 1496 1373 1535 annum
1407 1479 1597 1532 videli-

68 1575 241 1628 cet576
276 1584 320 1638 ⁸,
361 1587 453 1629 aut
479 1591 607 1629 vero
643 1576 854 1640 l'aulus,
901 1582 1185 1643 antequam
1238 1571 1596 1641 Aquileiensis

69 1665 259 1731 pontifex
280 1676 418 1719 esset
443 1675 679 1731 creatus,
705 1680 826 1719 cum
857 1665 1001 1720 idem
1031 1674 1206 1718 tamen
1247 1664 1384 1718 forte
1413 1663 1596 1717 Eccle-

66 1752 277 1808 siazillius
302 1754 550 1819 clericus,
574 1765 664 1809 aut
684 1753 978 1810 monachus
997 1764 1162 1818 esset,
1184 1753 1249 1808 2d
1267 1768 1447 1822 parem
1471 1753 1596 1805 vitae

1700 568 2007 636 vehemens,
2035 582 2155 623 cum
2182 568 2352 623 doctis
2380 567 2681 622 hominibus
2705 567 2849 634 favit,
2871 576 2977 621 tum
2995 566 3109 634 ipse
3134 567 3273 623 litte-

1698 675 1875 715 rarum
1894 659 2315 716 studiosissimus
2337 660 2452 714 fuit.
2481 659 2550 714 Ut
2571 661 2713 721 enim
2740 659 2786 713 is
2807 659 2874 714 de
2890 674 2949 713 se
2975 660 3273 726 prolitetur,

1698 750 1939 807 scribens
1988 752 2051 805 ad
2108 751 2479 806 Cassiodorum
2512 766 2527 802 :
2560 747 2753 802 Gratus
2794 760 2865 803 est
2916 748 3058 803 nobis
3098 763 3274 803 eorum

1697 858 1893 912 semper
1913 853 2165 912 aspectus,
2222 843 2309 909 qui
2331 841 2516 894 nostris
2573 840 2780 903 animis,
2838 839 3075 911 gloriosis
3116 839 3276 893 actio.

1699 932 1862 998 nibus,
1894 933 2208 997 insederunt,
2239 932 2479 1000 quoniam
2534 940 2833 998 perpetuum
2864 928 3083 981 obsidem
3111 928 3266 981 dede-

1698 1025 2029 1076 runtamoris
2054 1025 2156 1087 sui,
2188 1023 2273 1089 qui
2322 1021 2461 1089 apud
2512 1037 2604 1075 nos
2652 1022 2850 1087 probati
2902 1030 3022 1073 sunt
3069 1020 3270 1073 studere

1698 1119 1872 1171 virtuti
1914 1118 2104 1190 (Epist.
2156 1116 2315 1185 28,}.
2342 1117 2445 1188 ιιι).
2502 1117 2765 1185 Ejusdem.
2802 1133 2928 1172 vero
2958 1118 3009 1172 in
3037 1115 3274 1171 colendis

1698 1209 1993 1265 litterarum
2026 1210 2216 1264 studiis
2264 1209 2593 1278 diligentiam
2624 1220 2677 1262 et
2705 1208 3074 1263 assiduitatem
3103 1206 3274 1263 Atha-

1699 1298 1915 1365 laricus,
1945 1301 2032 1368 qui
2062 1297 2207 1352 illum
2238 1300 2289 1353 in
2322 1313 2489 1368 regno
2527 1298 2757 1364 excepit,
2803 1297 3158 1362 commendat,
3192 1296 3275 1351 his

1700 1390 1881 1453 verbis
1932 1390 2173 1444 scribens
2225 1390 2289 1443 ad
2347 1390 2594 1445 eumdem
2647 1388 3022 1444 Cassiodorum
3075 1405 3088 1441 :
3147 1387 3274 1442 Cum

1698 1490 1826 1537 esset
1872 1482 2073 1550 publica
2123 1498 2246 1536 cura
2284 1492 2556 1549 vacuatus,
2608 1483 2879 1535 sententias
2911 1481 3274 1548 prudentumtt

1698 1574 1800 1626 tuis
1851 1573 2039 1641 fabulis
2084 1574 2334 1642 exigebat,
2385 1584 2440 1626 ut
2489 1575 2640 1643 factis
2689 1577 2907 1640 propriis
2959 1589 3012 1625 se
3048 1579 3271 1638 atquaret

1697 1663 1935 1731 antiquis.
1968 1663 2249 1717 Stellarum
2275 1679 2475 1728 cursus,
2497 1664 2653 1715 maris
2673 1666 2837 1726 sinus,
2867 1662 3085 1722 fontium
3111 1660 3268 1726 mira-

1699 1752 1836 1818 cula,
1889 1756 2101 1806 rimator
2144 1754 2493 1815 acutissimus,
2544 1751 2846 1820 inquirebat,
2873 1759 2949 1814 ut,
2977 1765 3146 1804 rerum
3175 1764 3268 1802 rra-

67 1850 280 1903 rationem
300 1849 727 1918 amplectendam
750 1847 1116 1911 Fortunatam,
1139 1845 1312 1900 adhuc
1340 1859 1585 1914 puerum,
1620 1836 1666 1895 B
1697 1845 1824 1896 turis
1893 1844 2185 1914 diligentius
2260 1845 2609 1915 perscrutatis,
2664 1844 2872 1912 quidam
2952 1852 3268 1913 purpuratus

65 1941 127 1994 vel
144 1941 539 2007 adolescentem,
573 1943 829 1998 dicendus
854 1942 1126 1997 invitasse.

122 2030 194 2083 16.
224 2031 398 2097 Neque
427 2042 607 2086 tamen
637 2032 691 2085 in
722 2045 786 2086 eo
812 2045 1128 2101 repugnem,
1170 2029 1426 2097 Aquileia:
1456 2018 1590 2079 For-

66 2132 262 2177 lunatum
292 2124 345 2177 in
377 2126 573 2192 pietate
600 2134 653 2178 et
683 2138 866 2178 earum
896 2137 1073 2176 rerum
1117 2120 1337 2199 scientia
1374 2132 1491 2187 qua:
1523 2114 1588 2169 ad

63 2213 300 2267 colendam
338 2214 652 2282 religionem
704 2213 971 2283 pertinent
1029 2210 1289 2280 proﬁcere
1332 2206 1587 2277 potuisse,

62 2316 109 2356 ac
130 2303 318 2359 l’aulini
348 2320 512 2372 Opera
539 2305 605 2359 ad
635 2320 753 2360 eam
781 2319 894 2359 rem
936 2318 1090 2358 usum
1132 2300 1359 2356 fortasse
1402 2299 1583 2379 fuisse.

60 2394 180 2456 Quod
211 2411 333 2451 vero
370 2396 485 2464 ejus
534 2396 608 2449 rei
660 2394 908 2449 indicium
955 2393 1085 2448 illud
1140 2391 1339 2463 profert
1378 2390 1586 2444 clariss.

62 2483 219 2548 Liruti,
267 2486 407 2549 quod
456 2486 729 2556 Expositio
779 2485 1041 2556 Symboli,
1100 2498 1255 2557 quam
1284 2482 1451 2537 edidit
1476 2482 1590 2549 ipse

60 2574 370 2642 Fortunatus,
398 2577 557 2644 plane
586 2580 871 2632 sententiis
898 2588 1152 2645 congruat
1180 2591 1297 2629 cum
1322 2574 1409 2627 illa
1431 2586 1588 2641 quam

59 2666 272 2732 Ruﬁnus,
328 2667 683 2735 Aquileiensis
712 2665 969 2722 Ecclesiae
1010 2666 1289 2736 presbyter
1315 2680 1377 2719 ac
1404 2678 1589 2718 mona-

56 2759 183 2822 chus,
210 2771 329 2813 ante
358 2760 620 2823 ediderat,
648 2758 698 2813 id
724 2760 854 2812 mihi
876 2758 1153 2813 declarare
1177 2758 1387 2813 videtur
1485 2756 1589 2809 tius

56 2852 303 2915 (utdicam
332 2867 428 2906 suo
452 2851 591 2921 loco)
623 2850 993 2914 Fortunatam,
1027 2865 1146 2904 cum
1178 2850 1293 2919 ejus
1320 2849 1373 2902 in
1402 2859 1591 2902 manus

54 2941 128 2994 illa
166 2942 334 2997 ltuﬁni
378 2942 650 3014 Expositio
693 2941 931 3012 Symboli
959 2941 1217 3005 venisset,
1252 2938 1492 2996 eamdem
1521 2937 1588 2992 ad

55 3030 281 3087 Ecclesia
311 3031 655 3086 Pictaviensis
686 3031 894 3099 plebem
917 3030 1261 3085 erudiendam
1289 3043 1588 3083 accommo-

52 3122 187 3178 dasse
208 3138 359 3193 quam
390 3132 446 3175 ut
468 3121 591 3177 inde
614 3120 787 3175 evinci
834 3118 1001 3189 possit
1037 3131 1291 3189 utrosque
1318 3118 1503 3173 eadem
1532 3118 1585 3171 in

54 3210 263 3268 Ecclesia
322 3212 493 3280 prima
555 3209 869 3266 Christiana:
940 3210 1211 3279 religionis
1285 3208 1585 3263 rudimenta

50 3303 309 3373 accepisse.
372 3302 675 3358 Praesertim
720 3315 840 3355 cum
900 3300 1207 3371 Symbolum
1250 3300 1589 3369 Aquileiense

50 3393 130 3459 (uti
174 3395 318 3449 testis
351 3403 433 3449 est
481 3392 729 3458 Ruﬁnus,
791 3392 882 3447 lib.
908 3407 946 3457 ι,
999 3392 1193 3446 lnvect.
1246 3393 1296 3445 in
1346 3399 1587 3445 sanctum

48 3482 422 3555 Hieronymum)
477 3499 542 3540 ex
574 3483 828 3539 Ecclesiae
875 3483 1019 3538 illius
1069 3483 1351 3537 traditione
1379 3491 1435 3537 et
1459 3497 1589 3536 con-

44 3576 304 3629 suetudine
351 3575 591 3639 haberet,
615 3585 661 3628 et
713 3575 880 3627 carnis
938 3574 1096 3641 hujus
1144 3575 1582 3637 resurrectionem,

46 3662 177 3728 cujus
202 3660 345 3716 verbi
374 3661 624 3717 indicium
656 3661 855 3715 nullum
888 3660 940 3714 in
965 3648 1226 3730 Symbolo
1252 3658 1390 3729 quod
1420 3672 1587 3727 expo-

43 3752 108 3804 nit
134 3752 468 3827 Fortunatus.

105 3846 183 3899 l'l.
223 3846 270 3901 ls
297 3846 473 3913 itaque
499 3846 582 3913 (ut
608 3858 675 3899 eo
701 3844 841 3898 unde
884 3842 1195 3897 delleximus
1232 3839 1586 3909 revertamur)

44 3935 173 3989 Pauli
202 3937 457 3992 voluntati
482 3952 545 3990 ac
572 3940 710 3991 votis
740 3937 958 3991 minime
979 3936 1239 4004 acquievit
1263 3934 1331 3988 ob
1360 3949 1500 4004 eam,
1532 3943 1590 3988 ut

38 4026 156 4091 dixi,
215 4042 427 4082 causam
465 4026 862 4108 .verisimiliter,
913 4027 1054 4095 quod
1090 4060 1095 4065 ι
1132 4026 1244 4096 ipse
1297 4026 1439 4081 aliud
1489 4026 1589 4081 sibi

38 4119 348 4174 domicilium
405 4134 468 4174 ac
518 4120 726 4185 sedem,
776 4120 827 4173 in
879 4135 983 4187 qua
1038 4120 1333 4175 litterarum
1399 4119 1590 4174 studiis

41 4211 249 4268 liberius
290 4223 344 4267 et
387 4214 740 4281 Opportunius
807 4227 999 4268 vacare
1056 4221 1253 4283 posset,
1308 4212 1585 4279 cogitaret.

38 4302 153 4357 Erat
178 4314 377 4370 autem,
406 4320 467 4360 ea
506 4313 681 4366 aetate.
712 4303 986 4373 aptissima
1030 4304 1166 4359 inter
1193 4313 1412 4358 caeteras
1442 4300 1586 4355 illam

36 4395 91 4445 ad
121 4411 233 4450 rem
278 4396 556 4461 Ravenna,
599 4394 946 4451 celeberrima
992 4395 1200 4460 civitas,
1241 4394 1293 4447 in
1319 4407 1419 4463 qua
1451 4392 1587 4461 jam-

1695 1936 1948 1990 videretur
1976 1953 2083 1991 esse
2108 1938 2465 2007 philosophus.
2511 1936 2767 2003 Quocirca
2805 1937 3022 1990 minime
3069 1934 3268 1990 miran-

1695 2026 1819 2079 dum
1874 2038 1957 2083 est
2005 2028 2105 2080 sub
2165 2030 2360 2082 talibus
2430 2030 2643 2097 regibus
2702 2028 3046 2082 scientiarum
3093 2026 3265 2083 studia

1694 2114 1960 2172 Ravennae
2018 2119 2071 2172 in
2124 2119 2313 2187 primis
2367 2118 2633 2185 ﬂoruisse,
2700 2133 2869 2187 eaque
2935 2117 3156 2187 publicis
3208 2118 3263 2173 in

1693 2210 1982 2277 gymnasiis
2005 2210 2261 2278 praeclare
2311 2211 2624 2275 constituta,
2652 2209 2734 2263 vel
2759 2212 2821 2261 ad
2857 2210 3102 2266 citeriora
3127 2218 3264 2261 tem-

1695 2312 1821 2366 pora
1845 2300 2121 2367 pervenire
2149 2300 2409 2369 potuisse,
2430 2301 2495 2353 ad
2518 2315 2635 2369 quae
2659 2299 2974 2373 addiscenda
2998 2298 3260 2365 homines,

1695 2389 1987 2444 litterarum
2017 2391 2216 2460 cupidi,
2257 2391 2489 2461 undique
2512 2396 2875 2446 convenirent.

1768 2480 1853 2536 l8.
1891 2481 2003 2535 lluc
2033 2482 2209 2548 itaque
2230 2497 2289 2536 se
2316 2482 2636 2536 Fortunatus
2667 2482 2913 2548 contulit,
2963 2480 3264 2550 inrdemque
3334 2528 3339 2539 τ

1694 2570 1876 2624 tandiu
1903 2580 2265 2625 commoratus
2284 2582 2384 2635 est,
2412 2571 2587 2640 quoad
2620 2572 2837 2627 uberem
2871 2572 3265 2640 pretiosamque

1692 2660 1989 2716 liberalium
2016 2665 2208 2716 artium
2257 2663 2639 2733 supellectilem
2689 2664 2812 2718 inde
2842 2670 3161 2732 exportaret.
3194 2662 3265 2719 Ut

1693 2756 1833 2809 enim
1865 2754 1933 2809 de
1957 2756 2072 2824 ipSo
2117 2756 2305 2811 scribit
2354 2756 2544 2809 Paulus
2578 2757 2743 2820 Diac:,
2804 2755 2892 2810 lib.
2927 2772 2985 2820 ll,
3016 2771 3135 2824 cap.
3170 2755 3255 2821 15,

1694 2845 1828 2901 Hist.
1860 2845 2025 2919 Long.
2054 2863 2068 2900 :
2102 2846 2373 2916 Ravennce,
2426 2848 2617 2918 inquit,
2661 2848 2881 2902 nutritus
2908 2856 2953 2900 et
3001 2848 3179 2903 doctus
3208 2849 3263 2901 in

1692 2947 1800 2989 arte
1851 2942 2203 3007 grammatica,
2249 2940 2349 2992 sive
2379 2939 2651 3004 rhetorica,
2709 2956 2797 2993 seu
2837 2941 2986 2992 etiam
3034 2940 3263 3004 metrica,

1690 3032 2002 3085 clarissimus
2041 3032 2256 3085 exstitit.
2308 3032 2425 3100 lpse
2453 3033 2637 3097 etiam,
2682 3034 3073 3087 modestissime
3115 3032 3180 3087 de
3205 3047 3266 3088 se

1692 3120 1938 3189 loquens,
1964 3121 2157 3188 quibus
2184 3121 2387 3176 artibus
2411 3123 2463 3176 in
2495 3122 2684 3191 primis
2729 3123 2997 3176 Ravenna:
3045 3123 3263 3178 studue-

1694 3210 1781 3274 rit,
1813 3219 1992 3264 narrat
2019 3209 2109 3263 lib.
2144 3225 2180 3263 ι.
2212 3208 2281 3264 de
2311 3209 2427 3263 Vita
2466 3211 2633 3264 sancti
2666 3210 2874 3264 Martini
2923 3210 3003 3263 his
3042 3210 3262 3266 verbis:

1784 3302 1872 3351 Ast
1894 3312 1988 3362 ego
2011 3312 2184 3351 sensus
2209 3301 2366 3363 ineps,
2394 3298 2526 3363 Italae
2549 3292 2692 3363 quota
2720 3302 2878 3361 portio
2902 3300 3111 3361 linguae?

1788 3361 2131 3424 Ftcce’gravis,
2157 3361 2387 3411 sermbne
2413 3361 2769 3419 levis,‘ratione
2805 3364 3106 3424 plgrescens,

1788 3424 1953 3473 Mente
1980 3425 2155 3483 hebes,
2184 3432 2290 3471 arte
2312 3435 2501 3478 carens,
2524 3436 2611 3472 usu
2635 3424 2786 3479 rudis,
2809 3436 2897 3472 ore
2916 3435 3007 3471 nec
3030 3433 3231 3483 expers,

1786 3484 1939 3533 Parva
1965 3486 2292 3544 grammaticae
2318 3484 2537 3544 lambens
2557 3484 2834 3531 reﬁuamina
2858 3491 3028 3544 gutta,

1758 3552 1761 3555 '
1784 3541 2057 3591 Rhetorica:
2084 3548 2318 3601 exiguum
2346 3543 2601 3601 praelibans
2625 3544 2835 3603 gurgitis
2859 3541 3105 3603 haustum,

1783 3603 1902 3652 Cote
1927 3615 1989 3651 ex
2012 3603 2235 3662 juridica,
2257 3603 2332 3649 cui
2362 3604 2435 3648 vix
2464 3603 2639 3662 rubigo
2654 3604 2877 3661 recessit,

1785 3664 1902 3721 Qum
1928 3666 2058 3724 prius
2079 3663 2613 3720 addidici,-dedisceus,
2639 3670 2691 3711 et
2712 3664 2791 3711 cui
2815 3669 2997 3714 tantum

1782 3725 1980 3773 Artibus
2005 3738 2063 3773 ex
2089 3724 2182 3772 illis
2204 3725 2325 3772 odor
2350 3732 2425 3771 est
2447 3727 2490 3770 in
2530 3725 2725 3773 naribus
2751 3725 2856 3773 istis
2883 3737 2895 3771 :

1788 3785 1894 3847 lion
1922 3792 2163 3847 praetexta
2183 3786 2301 3847 mihi
2328 3785 2489 3831 rutilat
2514 3794 2644 3843 toga,
2669 3786 2877 3847 pennula
2904 3784 3059 3847 nulla;

1786 3846 1887 3892 Jam
1912 3857 2021 3893 mea
2049 3845 2172 3892 nuda
2194 3845 2347 3893 fames
2372 3853 2601 3905 superest
2624 3845 2686 3893 de
2713 3858 2929 3908 paupere
2951 3845 3138 3909 lingua.

1763 3946 1847 3999 l9.
1894 3946 2023 3999 llinc
2050 3946 2295 4015 Opinatur
2327 3946 2628 4011 Browerus,
2663 3961 2712 4000 c.
2749 3947 2782 3998 2
2810 3947 2943 4003 Vitae
2990 3950 3162 4014 Fort.,
3190 3961 3263 4004 ita

1692 4038 1836 4092 illuni
1873 4037 2044 4089 leviter
2071 4034 2248 4089 litteris
2294 4035 2539 4089 imbutum
2582 4026 2763 4101 fuisse,
2814 4044 2868 4088 ut
2892 4051 3050 4104 neque
3094 4045 3261 4106 togam

1691 4138 2007 4195 pratextam,
2065 4127 2263 4197 publice
2314 4126 2440 4194 gesti
2514 4128 2733 4179 muneris
2782 4125 2998 4197 insigne,
3044 4142 3262 4196 unquam

1692 4220 1904 4283 adeptus
1928 4219 2014 4282 sit,
2042 4232 2201 4285 neque
2229 4217 2503 4283 pennulam
2532 4216 2747 4268 docendi
2788 4233 2943 4271 causa
2966 4220 3255 4285 sumpserit.

1692 4310 1761 4363 At
1791 4309 1957 4362 multo
2006 4307 2344 4361 verisimilius
2392 4318 2473 4362 est
2518 4307 2887 4371 Fortunatum,
2939 4322 3047 4376 pra:
3096 4311 3259 4363 animi

1691 4400 1950 4455 modestia
1978 4414 2040 4454 ac
2069 4400 2354 4468 prepositte
2381 4400 2503 4453 vitae
2535 4400 2799 4462 instituto,
2844 4399 2983 4451 ultro
3023 4399 3091 4451 ab
3131 4400 3258 4464 illis,

36 4485 231 4551 Pridem
260 4488 550 4551 HonoriuS,
580 4484 881 4540 Οϐείάθηιῖε
924 4484 1136 4552 impero.
1184 4482 1381 4551 regiam
1405 4481 1585 4537 κάδω
1616 4511 1666 4571 ι)
1691 4492 1736 4546 si
1765 4492 1853 4561 qui
1874 4500 2042 4555 erant,
2084 4489 2372 4544 honoribus
2412 4488 2753 4553 abstinuisse,
2780 4503 2938 4556 quam
2986 4490 3255 4543 hominem

36 4576 391 4642 constituerat,
426 4585 560 4639 tum,
590 4573 846 4629 Romanis
875 4576 1047 4642 victis,
1092 4590 1153 4630 ac
1180 4576 1343 4643 pulsis
1371 4575 1584 4641 itnper.,

36 4668 264 4723 Udoacer
289 4679 385 4723 rex
414 4665 727 4732 Gothorum,
753 4679 817 4721 ac
843 4680 1051 4732 rursus,
1083 4666 1184 4721 hoc
1207 4666 1379 4735 pulso,
1408 4665 1585 4719 Theo-

36 4760 260 4826 doricas,
280 4758 583 4821 ‘Gothorum
607 4771 709 4811 una
737 4765 793 4813 et
822 4757 1050 4811 Roman.
1084 4773 1198 4823 rex,
1232 4768 1285 4812 et
1314 4756 1401 4810 alii
1433 4756 1586 4811 dein-

36 4868 168 4921 reps,
220 4869 316 4907 sua
356 4852 630 4908 domicilia
682 4851 1000 4907 habuerunt.
1027 4851 1226 4906 Solent
1274 4863 1400 4904 vero
1430 4849 1588 4918 regite

36 4946 267 4997 :ivitates
308 4956 429 4998 cum
469 4953 781 4997 cmterarum
835 4955 1012 4996 rerum
1058 4941 1368 5011 Opportunis
1418 4940 1590 5005 copiis

36 5033 316 5097 'diundre,
343 5043 453 5087 tum
483 5035 595 5088 fere
616 5033 696 5088 vel
726 5033 1081 5088 litteratorum
1108 5032 1378 5086 hominum
1406 5046 1590 5085 nurne-

36 5140 163 5179 mac
185 5124 533 5183 scientiarum
590 5124 796 5177 cultura
837 5123 1044 5178 caeteris
1088 5122 1428 5187 antecellere,
1458 5136 1589 5191 quos

36 5218 274 5275 nimirum
306 5229 492 5283 regum
540 5214 847 5279 liberalitas,
876 5223 929 5268 et
957 5213 1217 5267 honorum
1264 5211 1506 5278 ambitio,
1538 5220 1592 5266 et

36 5307 307 5362 unnmoda
335 5306 436 5360 alia
464 5319 531 5360 ex
557 5304 807 5359 omnibus
833 5303 945 5358 fere
974 5305 1132 5359 terris
1154 5318 1428 5359 accersere
1457 5318 1587 5357 con-

36 5405 338 5462 sueverant,
381 5396 678 5464 praesertim
708 5408 835 5449 vero
862 5394 909 5449 si
936 5392 983 5448 is
1010 5394 1101 5463 qui
1122 5408 1299 5449 rerum
1319 5408 1590 5460 summam

46 5498 167 5541 ruet
200 5503 311 5543 non
341 5487 547 5542 alienus
574 5502 602 5541 a
634 5486 825 5541 litteris
865 5485 1126 5542 videatur.
1156 5486 1224 5540 At
1254 5484 1300 5539 si
1330 5486 1589 5555 quiSpiam

89 5656 114 5681 ἰ
157 5644 306 5712 Lege
353 5645 392 5698 P
464 5644 590 5708 ium,
638 5644 703 5697 ad
740 5657 829 5698 an.
860 5644 984 5709 559,
1014 5660 1069 5698 ιι.
1100 5645 1157 5708 9,
1189 5651 1244 5698 et
1273 5644 1492 5712 Murat.,
1524 5646 1588 5701 ad

272 5723 328 5769 et
356 5660 490 5775 5%;
526 5714 741 5768 Paulum
767 5712 939 5779 Diac.,
966 5717 1001 5769 Ι.
1036 5730 1095 5782 ιι,
1128 5715 1196 5770 de
1229 5714 1360 5768 Bell.
1396 5717 1588 5786 Long,

36 5802 62 5839 ξ.
95 5802 187 5838 ξε).

464 5643 590 5708 ἰιιηι,
638 5642 703 5697 ad
740 5657 829 5698 an.
860 5644 984 5709 559,
1014 5660 1069 5698 ιι.
1100 5645 1157 5708 9,
1189 5651 1244 5698 et
1273 5644 1492 5712 Murat.,
1524 5646 1589 5701 ad
1666 5626 1673 5634 ’

1693 4598 1797 4636 non
1824 4581 2027 4649 vulgari
2056 4579 2273 4648 ingenio
2321 4578 2704 4634 nec-mediocri
2735 4579 2973 4633 doctrina
2998 4588 3256 4647 praestan-

1690 4681 1795 4727 tem
1818 4672 1906 4725 illa
1938 4671 2197 4724 honorum
2224 4668 2474 4740 insignia,
2523 4684 2642 4740 quae
2672 4669 2938 4739 plerisque
2986 4669 3256 4735 patebant,

1691 4777 1787 4832 pro
1832 4760 2071 4815 scientiae
2123 4762 2377 4816 tenuitate
2406 4770 2463 4815 et
2502 4762 2801 4816 litterarum
2847 4760 3021 4829 inopia
3045 4761 3256 4831 assequi

1692 4867 1797 4907 non
1832 4852 2093 4921 potuisse.
2134 4852 2437 4907 Praesertim
2466 4868 2597 4908 vero
2620 4868 2741 4907 cum
2792 4852 3006 4907 aliunde
3048 4861 3259 4907 constet

1697 4946 1943 5010 eumdem
1976 4945 2158 4999 laudes
2180 4959 2302 4999 suas
2330 4943 2653 4998 extenuandi
2693 4958 2907 5013 semper
2935 4944 3262 4999 studiosissi-

1691 5053 1836 5092 mum
1866 5038 2046 5102 fuisse,
2080 5044 2137 5089 ut
2168 5044 2447 5103 propterea
2482 5034 2775 5090 mirandum
2807 5050 2910 5087 non
2943 5035 3011 5088 sit
3035 5035 3085 5087 id
3112 5034 3252 5103 quod

1670 5117 1786 5184 'suo
1836 5130 2061 5198 quodam
2134 5128 2376 5183 instituto
2420 5139 2475 5184 et
2520 5129 2682 5183 animi
2729 5126 2989 5182 sententia
3034 5128 3256 5197 adipisci

1693 5219 2039 5288 neglexisset,
2070 5215 2135 5270 ad
2165 5218 2308 5271 illam
2332 5232 2449 5285 quae
2471 5217 2538 5273 de
2568 5219 2683 5286 ipso
2706 5225 2821 5270 erat
2842 5215 3036 5284 ingenii
3059 5213 3253 5270 famam

1692 5319 1747 5365 et
1777 5310 2030 5364 doctrinm
2060 5308 2470 5375 imminuendam
2502 5308 2818 5363 traduxisse.

1762 5401 1940 5456 20.15
2004 5399 2165 5471 igitur
2222 5401 2489 5456 Ravennae
2548 5417 2668 5456 cum
2742 5403 3101 5472 grammaticae,
3157 5404 3259 5457 siue

1693 5496 1975 5559 νιιειονὶειιν,
2004 5496 2108 5549 sive
2133 5496 2353 5551 metrica:
2378 5495 2563 5551 sedulo
2594 5496 3071 5566 operam_navavit,
3105 5497 3255 5567 cujus

1766 5646 1793 5686 ι’
1832 5648 2047 5701 Auctor.
2079 5648 2212 5701 llist.
2247 5648 2436 5704 Litter.
2467 5651 2720 5707 Francor.

1769 5730 1790 5755 ο
1834 5717 1969 5785 Lege
2006 5734 2123 5786 quae
2153 5720 2543 5790 adnotavimus
2588 5723 2653 5776 ad
2683 5722 2718 5775 Ι.
2769 5736 2843 5788 ιν,
2901 5722 3034 5779 Vitte
3088 5725 3256 5790 sancti

1698 5788 1923 5853 Martini,
1958 5802 2073 5856 pag.
2112 5789 2235 5843 470.
