3796 6404
121 572 181 628 ss
1144 540 1147 547 ’
1235 560 1394 618 γιτΑ
1430 558 1755 617 γεΝΑΝτιι
1792 556 2205 639 rearumrt.

3256 556 3324 625 so

119 699 255 741 suum
304 691 507 747 votum,
535 680 784 743 Turonis.
829 678 894 734 ad
926 676 1229 743 sepulcrum
1280 678 1448 734 sancti
1505 677 1657 731 Mart.
1687 679 1741 737 Α
1764 689 1882 731 esse
1910 675 2161 754 Felicem,
2192 674 2448 743 aequalem
2481 642 2793 740 Fortunato,
2816 681 2973 743 atque
3009 672 3146 729 adeo
3170 673 3323 741 juve-

122 774 423 832 exsolvisset
473 770 694 836 (Paulus
726 774 835 822 loco
863 768 1046 838 saepius
1075 767 1273 845 citato).

180 868 261 921 29.
302 854 467 921 Addit
486 866 765 925 Browerus
807 863 1006 917 laudari
1042 862 1366 929 Si‘gibertum
1403 860 1666 914 a'Fortu-

120 966 232 1019 nato
259 958 293 1009 l.
338 972 394 1020 It,
429 971 478 1010 c.
514 956 607 1017 l7;
633 954 772 1023 quod
804 954 846 1006 is
878 954 1145 1007 basilicam
1201 951 1369 1005 sancti
1409 951 1663 1020 Medardi,

119 1049 383 1102 aCiotario
415 1054 639 1113 emptam
673 1044 1010 1105 exaediﬁcari,
1044 1056 1252 1095 summo
1291 1039 1466 1094 studio
1515 1055 1666 1093 com-

122 1138 269 1207 pleret
292 1148 451 1203 atque
471 1135 639 1189 eidem
670 1132 933 1201 fastigium
958 1133 1067 1200 jam
1098 1131 1457 1199 imposuisset.
1487 1129 1664 1197 Ipsum

123 1229 247 1283 enim
267 1235 503 1281 sanctum
531 1226 833 1278 Medardum
867 1224 1151 1292 alloquitur
1179 1231 1334 1292 poeta
1379 1221 1444 1274 ad
1490 1228 1667 1276 ειη-δέ

124 1334 251 1373 nium
280 1319 552 1382 carminis,
586 1318 685 1369 hoc
714 1315 872 1369 modo
896 1331 911 1367 :

231 1410 297 1458 En
320 1417 399 1457 tua
418 1408 594 1465 templa
613 1407 727 1457 colit
752 1407 897 1454 nimio
915 1404 1193 1465 Sigibertus
1218 1414 1403 1464 amore,
1429 1434 1437 1436 ν

292 1470 529 1517 Insistens
551 1471 688 1525 aperi
712 1473 957 1529 promptus
981 1478 1146 1529 amore
1172 1470 1257 1529 tui.

233 1531 443 1580 Culmina
467 1524 668 1589 comedi,
695 1524 777 1589 qui
800 1528 977 1581 templa
1001 1529 1049 1575 in
1069 1526 1278 1589 culmine
1300 1524 1457 1589 duxit,

293 1593 506 1653 Protege
523 1605 610 1654 pro
629 1585 817 1639 meritis
836 1591 917 1650 qui
943 1590 1027 1638 tibi
1040 1586 1227 1649 templa
1251 1585 1404 1635 dedit.

128 1674 184 1727 At
206 1674 456 1729 credibile
479 1682 582 1738 est,
629 1674 819 1741 inquit,
852 1668 1171 1736 Sieibertum
1203 1683 1309 1723 non
1342 1666 1508 1722 multo
1552 1674 1672 1735 post

127 1766 329 1829 Clotarii
375 1771 577 1822 obitum
608 1770 660 1822 in
689 1767 821 1821 illud
856 1764 1033 1833 operis
1083 1761 1409 1823 incubuisse,
1464 1760 1533 1814 de
1570 1773 1674 1827 quo

129 1842 313 1923 patrem
345 1868 451 1911 tam
474 1857 757 1911 sollicitum
784 1863 839 1927 et
862 1853 1097 1922 ejusdem
1130 1850 1434 1920 perﬁciendi
1469 1840 1673 1903 studio-

130 1960 231 2001 sum
260 1956 500 2007 noverat,
534 1955 589 1999 et
615 1960 722 2013 quo
748 1944 799 1997 in
826 1944 941 1997 loco
973 1931 1177 1995 humari
1203 1931 1458 1992 velnerat.
1528 1962 1531 1965 ν

1754 766 1859 818 ιιὶΙί
1890 773 2062 826 rotate,
2087 765 2151 818 iis
2180 763 2512 834 temporibus
2536 774 2770 821 creatum
2800 762 2963 818 fuisse
2992 764 3323 821 Tarvisinum

1767 856 2091 923 episcopum,
2123 855 2312 923 quibus
2331 853 2398 908 ad
2426 855 2565 908 illum
2607 852 2913 920 supremum
2966 854 3183 910 honoris
3209 870 3329 925 gra-

1766 946 1891 1000 dum
1921 946 2127 999 nonnisi
2158 955 2357 999 matura
2382 946 2490 1013 jam
2519 954 2676 1015 aetate
2712 959 2961 999 ascensus
3003 946 3329 1014 pedetentim

1768 1050 1863 1105 per
1887 1049 2072 1089 omnes
2096 1035 2355 1091 honorum
2384 1037 2578 1107 gradus
2608 1028 2841 1109 patebat,
2873 1046 2929 1092 ut
2975 1037 3108 1091 nihil
3152 1038 3325 1091 dicam

1766 1124 1836 1181 de
1857 1127 2079 1184 illorum
2102 1136 2394 1195 temporum
2423 1128 2719 1197 disciplina,
2750 1130 2939 1195 quibus
2973 1142 3115 1198 smpe
3161 1130 3328 1186 virtus

1768 1216 1935 1282 magis
1962 1231 2119 1283 quam
2144 1228 2274 1270 tetas
2297 1218 2657 1286 spectabatur,
2695 1226 2752 1271 ut
2788 1218 3023 1287 pluribus
3067 1220 3331 1287 exemplis

1768 1322 1976 1376 possem
2007 1308 2309 1374 ostendere,
2351 1300 2423 1362 ‘ut
2470 1307 2600 1362 illud
2655 1310 2813 1363 etiam
2843 1310 3157 1379 concedam,
3191 1311 3331 1366 Feli-

1768 1412 1883 1452 ccni
1935 1398 2089 1466 plane
2133 1398 2389 1467 aequalem
2438 1397 2707 1451 Fortunati
2749 1397 2931 1465 fuisse,
2976 1383 3110 1455 hinc
3158 1401 3347 1470 potius.

1768 1490 2029 1545 evincitur
2052 1489 2192 1543 hunc
2219 1488 2356 1543 haud
2379 1489 2446 1541 ita
2467 1490 2717 1556 juvenem
2748 1490 2802 1543 in
2834 1474 3028 1546 Gallias
3050 1506 3329 1561 migrasse,
3396 1474 3397 1477 η

1766 1588 1829 1633 ut
1859 1580 1902 1631 is
1927 1579 1997 1643 si,
2025 1589 2077 1632 ut
2103 1579 2356 1644 creditur,
2378 1594 2517 1633 anno
2543 1579 2754 1633 circiter
2778 1578 2879 1633 530
2906 1588 3057 1636 natus
3103 1574 3207 1648 est,
3239 1596 3335 1637 an-

1772 1686 1898 1725 num
1948 1678 2131 1739 ageret
2177 1670 2501 1737 trigesimum
2544 1669 2783 1737 quintum
2811 1709 2827 1737 ,
2874 1679 2967 1726 aut
3003 1672 3330 1742 trigesimum

1771 1770 2007 1823 sextum,
2036 1771 2155 1811 cum
2186 1757 2237 1811 in
2264 1757 2489 1811 Galliam
2513 1767 2595 1810 est
2622 1757 2911 1827 profectus.
2944 1784 2953 1791 ε

1843 1847 1932 1903 53.
1963 1847 2071 1901 Cur
2097 1858 2273 1901 autem
2326 1851 2427 1903 iter
2458 1848 2743 1903 Fortunati
2765 1850 2818 1903 in
2865 1850 3087 1905 Galliam
3129 1853 3196 1906 ad
3240 1866 3330 1908 an.

1779 1940 1880 1997 567
1904 1942 2238 1996 referendum
2270 1942 2356 2006 sit,
2385 1942 2483 1995 bac
2511 1943 2716 1996 ratione
2747 1942 3076 2011 potissimum
3101 1945 3179 1998 vir
3200 1946 3329 2000 clar.

188 2034 273 2090 30.
307 2039 373 2090 Αι
394 2036 466 2091 Cl.
492 2036 570 2090 vir
596 2009 751 2089 Ιιιειη.
777 2032 1039 2102 Joseplius
1062 2030 1227 2105 Liruti
1252 2044 1280 2081 2
1319 2028 1564 2080 Browero
1591 2025 1678 2079 ali-
1703 2009 1752 2071 Β
1780 2033 1992 2088 ducitur
2014 2074 2027 2099 ,
2074 2033 2213 2099 quod
2267 2042 2449 2087 narret,
2493 2009 2815 2087 Fortunatus
2862 2047 2921 2087 se
2987 2043 3111 2088 tunc
3150 2050 3335 2088 nouum

132 2127 241 2199 quid
262 2138 312 2183 et
337 2128 497 2196 Pagio
527 2126 790 2187 dissentit,
814 2124 939 2178 dum
960 2122 1073 2176 Vult
1094 2114 1375 2175 adve'ntum
1402 2119 1679 2180 Fortunati

131 2220 177 2275 in
202 2216 392 2275 Callias
414 2219 482 2291 ad
501 2233 589 2271 an.
614 2218 741 2281 567,
776 2217 1047 2270 minimum
1098 2228 1224 2267 vero
1273 2213 1339 2271 ad
1393 2209 1517 2273 566,
1559 2223 1677 2264 esse

132 2312 471 2369 referendum.
498 2309 679 2378 Neque
700 2309 929 2363 alienum
974 2316 1053 2361 est
1087 2306 1305 2373 hujusce
1334 2302 1673 2367 sententiam,

132 2418 273 2473 quam
301 2403 383 2455 vel
416 2396 894 2455 aliis'comnninem
918 2410 1037 2451 esse
1068 2393 1244 2473 video,
1279 2393 1455 2461 paucis
1477 2406 1677 2459 expeno

124 2470 261 2561 dere,
287 2506 403 2561 qua:
435 2495 497 2545 ad
539 2506 656 2546 eam
689 2506 802 2544 rem
826 2487 895 2545 de
922 2504 1023 2556 qua
1065 2470 1270 2551 agimus
1317 2483 1677 2538 illustrandum

135 2587 328 2639 luminis
359 2586 564 2656 aliquid~
606 2585 799 2638 alierre
823 2594 1064 2652 possunt.
1100 2580 1427 2650 lpse~igitur
1474 2578 1681 2633 dubitat

136 2675 337 2745 primum
361 2686 610 2729 utrumne
640 2676 958 2729 Fortunatus
1006 2672 1160 2741 paulo
1214 2681 1495 2738 antequam
1536 2668 1680 2723 Lon-

135 2764 333 2835 gobardi
388 2764 588 2817 Italiam
623 2754 1009 2816 invaderentin
1040 2761 1240 2814 Gallias
1290 2759 1557 2828 prolicisci
1584 2772 1678 2824 po-

137 2858 294 2910 tuerit.
318 2854 447 2909 Nam
478 2867 623 2920 cum,
648 2854 835 2907 eodem
869 2852 1029 2906 Paulo
1058 2852 1290 2906 Diacono
1335 2858 1487 2915 teste,
1531 2848 1681 2904 Felix

136 2947 295 3003 socius
315 2944 614 3011 Fortunali,
642 2937 929 3012 etquidem
964 2943 1042 3014 (ut
1070 2926 1185 3010 ipse.
1210 2940 1500 3005 existimat)
1525 2941 1681 2994 itinc-

138 3038 204 3091 ris
230 3041 420 3104 socius,
447 3046 660 3092 creatus
684 3038 790 3105 jam
819 3035 1123 3090 Tarvisinus
1146 3034 1423 3103 episcopus
1442 3074 1457 3097 ,
1500 3032 1682 3087 Alboi-

137 3143 216 3193 oo,
245 3131 349 3199 regi
397 3128 892 3198 Longobardorum‘,
924 3128 991 3181 ad
1023 3126 1245 3192 Plavim,
1279 3135 1336 3178 ut
1354 3139 1511 3194 supra
1539 3123 1685 3177 dice-
1716 3148 1721 3149 ί

139 3230 328 3284 bamus,
356 3220 674 3286 occurrerit,
705 3219 788 3271 vix
823 3218 934 3272 fieri
969 3218 1137 3286 potuit
1171 3225 1227 3269 ut
1280 3225 1388 3268 tam
1439 3212 1683 3283 perbrevi

140 3310 289 3380 spatio
315 3308 461 3364 Felix
489 3309 592 3361 iret
614 3309 663 3361 in
694 3306 939 3375 Galliam,
966 3322 1027 3360 ac
1054 3307 1180 3360 inde
1203 3305 1253 3358 in
1278 3305 1475 3358 Italiam
1505 3312 1684 3381 rever;

139 3408 342 3464 teretur,
374 3409 483 3453 tum
525 3407 737 3456 creatus
777 3398 1086 3451 Tarvisinus
1134 3395 1411 3463 episcOpiis
1454 3390 1684 3448 Alboino

140 3491 687 3559 obviamprocederet.
719 3488 973 3557 Quocirca
995 3491 1239 3555 Opinatur
1274 3472 1495 3540 Paulum
1518 3485 1569 3540 in
1601 3498 1686 3539 re-

142 3581 380 3637 busasna
409 3572 704 3650 praesertim
750 3590 907 3635 tetate
938 3580 1157 3633 remotis
1210 3577 1492 3631 narrandis
1545 3589 1688 3645 saepe

140 3672 299 3725 minus
322 3673 656 3741 diligentem,
682 3672 764 3743 vel
794 3672 891 3725 hac
918 3671 969 3725 in
993 3686 1051 3725 re
1077 3684 1107 3722 a
1138 3680 1435 3737 temporum
1466 3669 1688 3722 veritate

141 3762 370 3813 aberrare
401 3764 657 3825 potuisse.

202 3851 284 3904 5|.
308 3850 438 3915 Sed,
462 3858 523 3903 ut
553 3849 685 3902 nihil
714 3847 802 3902 hic
832 3846 1047 3902 Paulum
1074 3846 1220 3899 Diae.
1248 3859 1460 3912 purgem
1505 3850 1558 3895 et.
1596 3842 1690 3895 de-

150 3938 367 4003 fendam,
399 3953 545 3995 certe
564 3953 669 3993 non
697 3946 813 3993 erat
840 3937 932 3992 cur
960 3938 1201 3990 laudatus
1224 3932 1448 4001 scriptor
1476 3942 1691 4002 promer

145 4045 249 4085 eam
277 4046 492 4107 causam
522 4044 679 4097 quam
730 4029 886 4081 aliert
924 4028 990 4080 de
1029 4025 1265 4092 ejusdem
1296 4024 1561 4089 diligentia
1603 4031 1690 4072 ant

148 4125 239 4177 lidc
261 4124 542 4177 dubitaret.
569 4121 723 4174 Nullo
744 4121 935 4189 quippe
964 4135 1028 4171 ex
1081 4115 1381 4170 testimonio
1421 4124 1513 4168 aut
1554 4115 1694 4168 litte‘

146 4226 305 4267 rarum
339 4221 687 4266 monumento
714 4220 919 4264 constat
952 4210 1227 4277 (quantum
1279 4205 1521 4273 equidem
1551 4218 1694 4257 asse-

149 4302 225 4369 qui
248 4306 413 4370 potui)
451 4301 681 4356 Felicem
718 4315 823 4353 una
868 4313 990 4353 cum
1051 4297 1341 4351 Fortunato
1392 4294 1443 4346 in
1500 4293 1697 4346 Gallias

149 4395 425 4461 proiectum
457 4392 665 4446 fuisse:
699 4406 803 4445 non
837 4390 1027 4457 Paulus
1058 4389 1320 4441 Diaconos
1350 4384 1401 4438 id
1446 4384 1693 4447 affirmat,

148 4483 272 4537 licet
289 4493 465 4538 narret
488 4497 788 4551 utrumque,
814 4480 1040 4534 Felicem
1085 4493 1146 4531 ac
1193 4477 1560 4539 Fortunatum,
1609 4487 1700 4525 ea-

152 4575 260 4629 dem
289 4576 563 4629 oculorum
594 4571 907 4643 aegritudine
944 4569 1168 4621 afflictos
1221 4567 1399 4627 fuisse,
1460 4575 1511 4619 et
1542 4564 1699 4641 simili

1782 2125 2013 2181 Pictavis
2053 2124 2236 2192 fuisse,
2294 2140 2413 2178 cum
2461 2124 2581 2178 illac
2626 2125 2927 2191 pertransiit
2958 2123 3334 2192 Gelesuintha,

1738 2248 1739 2251 η
1779 2211 2081 2281 Cliilperic’o
2122 2224 2370 2280 nuptura.
2430 2213 2485 2267 ld
2532 2228 2661 2267 vero
2693 2229 2832 2268 anno
2876 2216 3095 2284 contigit
3124 2215 3248 2282 567,
3282 2226 3337 2272 ut

1780 2317 1937 2371 supra
1970 2302 2340 2358 indicavimus.
2386 2301 2455 2355 At
2481 2300 2658 2355 statim
2683 2311 2839 2370 atque
2873 2303 3189 2359 Fortunatus
3219 2320 3337 2374 per-

1779 2394 1923 2449 venit
1964 2394 2017 2447 in
2048 2392 2292 2457 Galliam,
2320 2393 2384 2448 ad
2416 2393 2585 2447 sancti
2624 2392 2830 2447 Martini
2860 2395 3157 2464 sepulcrum
3209 2388 3337 2463 per-

1780 2483 1988 2549 rexisse
2037 2482 2292 2537 dicendus
2338 2492 2439 2548 est,
2479 2482 2604 2537 inde
2659 2497 2783 2537 vero
2833 2484 3008 2538 statim
3069 2484 3339 2540 Pictavutn

1783 2577 2009 2641 venisse,
2043 2576 2131 2645 qui
2163 2576 2244 2645 (ut
2277 2576 2342 2630 de
2371 2576 2487 2644 ipso
2513 2574 2697 2629 scribit
2741 2575 2934 2631 Paulus
2982 2575 3152 2644 Diae.)
3204 2585 3343 2643 post-

1780 2676 1933 2739 quam
1954 2667 2169 2721 Turonis
2190 2666 2338 2737 juxta
2368 2677 2538 2720 votum
2579 2666 2840 2735 praprium
2868 2668 3085 2739 advenit,
3123 2666 3342 2721 Pictavi:

1784 2761 2125 2830 pertranst'ens
2153 2758 2258 2812 illic
2286 2758 2544 2813 habitavit.
2576 2757 2834 2824 Quocirca
2879 2732 3196 2813 Fortunatus
3222 2774 3343 2813 non-

1782 2852 1882 2906 nisi
1911 2867 2000 2905 an.
2024 2851 2147 2914 567,
2174 2860 2266 2905 aut
2295 2850 2596 2916 minimum,
2624 2864 2712 2904 an.
2740 2849 2877 2917 566,7
2918 2852 2970 2904 in
3002 2851 3197 2905 Gallias
3224 2865 3343 2918 per-

1784 2944 1945 3000 venit.
1979 2943 2101 2996 “th
2129 2943 2238 2997 ille.
2738 2974 2739 2989 χ
2956 2930 2961 2941 ’

1854 3032 1945 3089 54.
1974 3033 2167 3087 Verum
2198 3046 2301 3087 non
2350 3030 2506 3087 video
2553 3045 2648 3086 cur
2691 3029 2792 3085 hac
2836 3030 2985 3103 Pauli
3031 3030 3345 3087 auctoritate

1785 3124 1987 3179 moveri
2037 3124 2117 3178 vir
2166 3122 2235 3177 cl.
2284 3121 2497 3188 debeat,
2554 3123 2667 3191 qui,
2709 3121 2846 3190 ipso
2878 3129 3030 3186 teste,
3081 3121 3133 3175 in
3184 3119 3344 3176 rebus

1785 3214 2077 3268 referendis
2100 3213 2166 3266 ab
2193 3220 2349 3266 aetate
2378 3196 2473 3265 sita
2511 3213 2729 3266 remotis
2758 3226 3135 3281 nonnunquam
3165 3227 3345 3269 errore

1786 3308 1997 3372 labitur,
2026 3316 2085 3360 ut
2103 3309 2146 3360 si
2172 3309 2215 3359 is
2238 3306 2293 3360 iii
2311 3305 2617 3360 delinieudo
2641 3313 2881 3374 tempore
2902 3323 3005 3374 quo
3026 3307 3345 3362 Fortunatus
3396 3322 3403 3328 ‘

1788 3401 1839 3453 in
1871 3397 2090 3452 Galliam
2148 3397 2415 3479 prolectus
2462 3396 2675 3450 circiter
2730 3407 2811 3450 est
2858 3410 3038 3451 errare
3093 3399 3344 3464 potuerit,

1787 3488 1953 3542 multo
1980 3482 2225 3557 magis’in
2257 3486 2536 3540 statuendo
2562 3486 2903 3555 quandonam
2944 3487 3234 3549 Pictavum,
3291 3496 3347 3541 ut

1787 3581 1893 3635 illic
1923 3580 2205 3646 habitaret,
2231 3580 2581 3643 concesserit.
2632 3578 2734 3634 Sed
2784 3590 2838 3633 ut
2868 3578 2967 3634 hoc
3019 3577 3344 3644 omittamus,

1787 3687 1905 3726 cum
1936 3672 2064 3726 illml
2095 3673 2348 3726 credibile
2396 3682 2499 3733 est,
2549 3670 2893 3724 Fortunatam
2944 3685 3047 3722 non
3094 3668 3349 3725 continuo

1788 3772 1907 3829 post
1932 3756 2209 3814 adventum
2241 3775 2391 3813 suum
2418 3762 2467 3812 in
2499 3757 2714 3811 Galliam
2749 3759 2976 3812 Turonis
3024 3758 3347 3828 perrexisse,

1788 3854 1879 3905 sed
1902 3852 2152 3918 temporis
2172 3851 2398 3919 spatium
2420 3850 2630 3919 aliquod
2657 3850 2789 3917 apud
2811 3847 3127 3919 Sigibcrtum
3148 3864 3349 3917 regem,

1788 3942 1981 4006 Mettis,
2003 3952 2092 3995 aut
2116 3942 2335 3995 Rlieniis
2364 3943 2577 4009 (quibus
2603 3943 2654 3994 in
2687 3941 2901 3994 urbibus
2924 3940 3178 3994 sedebant
3201 3954 3353 4011 reges

1791 4032 2108 4097 Austrasiac)
2133 4031 2458 4093 substitisse,
2488 4030 2681 4096 quippe
2727 4031 2810 4083 cui
2837 4028 3235 4100 epithalamium
3266 4045 3355 4086 ce-

1792 4121 1939 4182 cinit,
1963 4129 2016 4173 et
2042 4136 2068 4172 a
2096 4135 2199 4187 quo
2224 4119 2451 4185 itineris,
2478 4119 2616 4186 quod
2647 4135 2739 4185 per
2770 4118 2995 4174 Galliam
3035 4133 3147 4175 erat
3175 4135 3355 4187 susce-

1794 4221 1998 4280 plurus,
2035 4212 2279 4267 comitem
2323 4208 2401 4278 (ut
2428 4208 2563 4263 infra
2594 4208 2801 4263 dicetur
2831 4207 2872 4277 ),
2903 4219 2956 4261 et
2984 4209 3174 4263 ducem
3205 4223 3355 4265 acce-

1798 4303 1909 4369 pit;
1949 4310 2056 4355 tum
2080 4316 2144 4355 ex
2178 4301 2267 4355 illo
2297 4300 2446 4355 Pauli
2471 4300 2773 4357 testimonio
2800 4317 2902 4355 non
2930 4300 3135 4354 videtur
3163 4299 3354 4355 saltem
3379 4322 3383 4331 ε

1796 4393 2089 4445 luculenter
2117 4391 2326 4446 ostendi
2357 4407 2515 4462 posse
2572 4392 2929 4446 Fortunatum‘
2972 4395 3149 4445 statim
3200 4401 3356 4459 atque

1796 4480 2023 4535 Turonis
2051 4480 2309 4536 abscessit
2357 4482 2624 4537 Pictavutn
2671 4486 2900 4547 venisse,
2943 4496 3060 4536 cum
3095 4483 3144 4535 id
3184 4483 3355 4536 solum

1800 4574 1991 4627 Paulus
2014 4582 2307 4646 assevcret,
2335 4573 2603 4639 eumdem,
2636 4584 2972 4647 poslenqtta'
3002 4573 3227 4626 Turonis
3268 4586 3359 4626 v0-

153 4664 300 4720 m0d0
323 4683 387 4721 ex
415 4665 712 4736 paerCiIliO
754 4662 817 4715 Do
867 4660 1069 4715 Mamili
1104 4660 1383 4723 Ιίῦετθιοδῖ
1407 4656 1497 4711 ³εά
1530 4656 1699 4723 Ροῑῖυε
1726 4682 1779 4741 D
1804 4674 1910 4718 tum
1942 4679 2091 4723 suum
2117 4665 2226 4732 jam
2254 4663 2571 4725 absolverat,
2604 4662 2892 4725 Pictavum,
2927 4662 3133 4715 itineris
3173 4677 3353 4727 causa,

151 4758 213 4813 de
259 4757 549 4821 Fortunato
591 4764 645 4808 et
673 4753 786 4822 ejus
807 4758 929 4806 voto
975 4756 1025 4805 in
1054 4750 1276 4806 Galliam
1326 4746 1691 4817 proficiscendi

156 4850 222 4903 ita
242 4848 491 4917 loquitur,
523 4853 581 4899 ut
608 4840 836 4899 Felicem
891 4843 1046 4912 plane
1093 4843 1369 4909 sejungcre
1419 4839 1693 4903 videatur;

158 4952 254 4993 non
286 4934 444 5005 Greg.
493 4934 840 4996 Turonensis,
893 4932 1013 4986 licet
1064 4932 1303 4985 eamdem
1362 4944 1473 4985 rem
1520 4937 1698 4983 narret

156 5042 303 5096 quam
332 5028 525 5082 Paulus
554 5024 723 5091 Diac.,
751 5024 842 5078 lib.
876 5040 889 5077 I
914 5022 981 5077 de
1011 5022 1191 5075 Mirac.
1220 5020 1389 5076 sancti
1438 5019 1615 5086 Marb,
1644 5034 1693 5074 c.

160 5112 252 5180 15;
280 5125 547 5185 postremo
577 5130 681 5169 non
705 5113 1020 5168 Fortunatus
1071 5114 1181 5179 ipse
1209 5114 1260 5167 id
1308 5115 1510 5180 uspiam
1566 5112 1699 5164 indi-

159 5218 255 5271 cat,
287 5207 406 5261 licet
435 5207 631 5275 saepius
656 5207 803 5261 locus
829 5207 880 5260 in
907 5205 1146 5274 ejusdem
1196 5206 1406 5271 scriptis
1453 5220 1515 5258 ac
1565 5215 1699 5257 tem-

164 5311 255 5365 pus
274 5297 322 5349 id
351 5296 681 5369 signiﬁcandi
716 5296 781 5367 (si
810 5298 1017 5363 quidem
1043 5304 1216 5349 actum
1248 5294 1535 5362 contigerat
1561 5296 1580 5363 )
1626 5296 1705 5346 in-

162 5388 386 5444 cidisset.
417 5389 685 5455 Quinimo,
709 5389 761 5443 in
792 5388 1011 5455 cpistola
1055 5388 1116 5439 ad
1147 5386 1303 5453 Greg.
1330 5386 1483 5450 Tur.,
1526 5386 1617 5438 lib.
1663 5401 1701 5449 i,

164 5495 210 5533 c.
242 5481 514 5544 Linullum
545 5494 602 5532 se
626 5480 873 5532 habuisse
904 5477 1109 5529 itineris
1138 5475 1239 5543 sui,
1272 5476 1409 5544 quod
1460 5490 1527 5529 ex
1562 5475 1703 5541 Italia

166 5571 213 5625 in
237 5572 451 5627 Galliam
502 5572 868 5631 contenderat,
920 5570 1139 5627 socium.
1184 5570 1312 5619 satis
1358 5566 1594 5619 declarat
1644 5567 1707 5617 iis

169 5662 332 5716 verbis
362 5683 376 5718 :
401 5663 536 5728 Quid
563 5665 692 5715 inter
724 5665 829 5715 Iiwc
859 5673 1083 5725 extensa,
1127 5661 1307 5713 viatica
1356 5659 1579 5710 consulte
1608 5659 1707 5710 dici

169 5757 394 5821 potuerit,
422 5770 595 5809 censor
636 5755 741 5821 ipse
785 5769 1041 5820 mensura,
1102 5752 1182 5804 ubi
1229 5767 1326 5803 non
1384 5751 1585 5818 urgebat
1636 5749 1711 5802 vel

171 5856 315 5900 -ιιειιιε
339 5836 650 5913 exjudicc...
687 5861 773 5897 nec
800 5844 1040 5896 inuitabat
1072 5844 1214 5912 favor
1238 5856 1300 5894 ea:
1337 5843 1535 5905 comite,
1569 5849 1671 5893 etc.

231 5935 315 5997 32.
348 5922 503 6005 Quod
534 5950 668 5995 vero
718 5937 857 5997 idem
899 5934 1063 6005 addit,
1119 5933 1335 5992 minime
1387 5931 1707 5993 credendum

1797 4756 2107 4816 accessisse,
2135 4763 2292 4820 atque
2340 4752 2446 4805 illic
2500 4752 2787 4819 habitasse,
2821 4751 2946 4821 quin
2994 4761 3197 4805 certum
3246 4760 3356 4819 sta;-

1798 4856 1906 4901 tuat
1930 4854 2135 4914 tempus
2160 4844 2299 4911 quod
2323 4850 2604 4912 utrumque
2643 4843 2957 4897 interfuerit.
2988 4840 3103 4894 Jam
3148 4856 3277 4894 vero
3306 4850 3355 4895 ct

1799 4934 1924 4989 illud
1947 4936 2207 4989 incertum
2232 4944 2331 4999 est,
2365 4946 2619 5004 quantum
2675 4936 2928 5005 temporis
2955 4934 3181 4987 'l'urouis
3234 4920 3356 5001 per-

1799 5026 2076 5091 manserit,
2127 5043 2244 5080 cum
2294 5041 2417 5096 erga
2448 5028 2614 5081 sancti
2648 5028 2853 5081 Martini
2894 5027 3098 5081 cineres
3148 5026 3357 5093 pietatis

1800 5132 1862 5170 ac
1914 5118 2183 5185 religionis
2212 5131 2396 5181 causa,
2448 5127 2557 5170 tum
2612 5116 2694 5170 vel
2743 5117 3075 5183 Euptironii,
3126 5115 3359 5184 episcopi

1801 5210 1998 5264 Turnn.
2032 5210 2138 5279 (cui
2161 5213 2273 5277 ipse
2294 5209 2755 5276 conjunctissimus
2785 5210 2928 5277 fuit),
2962 5209 3149 5261 olliciis
3176 5220 3230 5261 et
3260 5208 3361 5261 hu-

1804 5302 2058 5353 manitate
2110 5301 2375 5352 detentus.
2411 5300 2718 5367 Quanquam
2763 5300 2883 5367 quid
2916 5300 2996 5351 vel
3028 5299 3150 5351 illud
3186 5300 3337 5366 probi

1804 5393 1892 5445 bet
1920 5390 2196 5458 scripsisse
2224 5388 2566 5443 Fortunatam
2596 5404 2652 5443 se
2675 5403 2796 5442 tunc
2820 5404 3005 5440 nouunt
3036 5389 3212 5451 fuisse,
3242 5397 3364 5443 cum

1807 5483 1923 5535 illac
1944 5481 2287 5535 Geicsuintlia
2314 5481 2635 5548 pertransiit,
2652 5498 2717 5535 eo
2737 5490 2973 5546 Spectato
3000 5492 3237 5547 tempore
3259 5496 3364 5549 quo

1806 5572 2037 5624 funebre
2070 5588 2282 5625 caimcn
2305 5571 2571 5637 scribebat
2602 5571 2651 5622 in
2681 5570 2794 5638 ejus
2824 5583 3067 5637 mortem,
3092 5588 3207 5639 quae
3238 5585 3368 5624 sane

1808 5665 2076 5726 aliquanto
2106 5674 2223 5731 pust
2253 5664 2443 5715 accidit
2470 5664 2492 5713 ?
2522 5662 2667 5728 Quod
2702 5679 2827 5715 vero
2860 5680 3106 5731 magnum
3143 5662 3224 5716 his
3254 5679 3369 5716 mo-

1810 5767 2046 5805 mentum
2078 5753 2238 5813 :iddit,
2275 5755 2395 5805 illud
2428 5764 2526 5814 est,
2578 5753 2715 5821 quod
2750 5762 2869 5805 ante
2899 5770 3091 5805 ηιιιιυιιι
3125 5748 3225 5807 ὅθ’]
3275 5768 3369 5808 Ite-

1814 5844 2045 5899 cessatio
2074 5847 2121 5897 in
2148 5843 2311 5897 Gallia
2348 5844 2660 5903 Fortunatus
2688 5847 2802 5912 fuit,
2828 5846 2914 5915 qui
2960 5856 3012 5898 ct
3043 5848 3251 5912 nuptias
3280 5846 3369 5900 Si-

1814 5933 2004 6004 giberti
2024 5949 2143 5995 cunt
2166 5933 2526 6007 Bruuicliildc,
2550 5951 2636 5993 an.
2668 5935 2792 6008 566,
2817 5939 3092 6013 ut_smjiius
3112 5934 3364 6009 diximus,
