3820 6236
493 292 557 349 Si
1028 276 1537 367 PROLEGOMENA
1579 310 1669 369 AD
1710 314 2030 373 VENANTII
2070 315 2229 377 HON.
2272 320 2471 381 CLEM.
2508 329 2906 389 'FORTUNATI
2946 333 3198 392 OPERA.
3637 339 3693 395 5!

495 409 679 478 initas,
721 414 959 473 carmine
984 414 1298 488 ce'lebrarit,
1331 434 1385 480 et
1440 442 1559 482 cum
1606 427 1810 484 Nicetio
1863 428 2056 486 Trevi-
2084 434 2135 494 Α
2162 436 2307 503 puta,
2369 438 2585 496 brumali
2639 446 2729 508 sub
2780 447 2993 516 frigore,
3048 446 3206 502 trum
3254 449 3509 519 hortante,
3555 459 3691 514 nescio

495 504 643 560 rensi
671 505 924 578 episcopo
968 512 1277 582 conjunctus
1323 517 1553 573 amicitia
1595 519 1773 588 fuerit,
1806 522 1873 577 ad
1898 538 2056 594 quem
2104 546 2111 549 -

490 593 666 651 adhuc
697 604 1036 668 superstitem
1056 607 1269 676 scripsit
1296 624 1511 668 carmen
1540 614 1599 683 lt
1648 614 1744 672 lib.
1803 631 1884 670 Ill.
1935 616 2054 674 Jam

488 701 618 743 vero
644 688 877 749 Nicetius
904 709 993 750 an.
1026 694 1243 753 circiter
1260 699 1364 754 566
1392 704 1602 779 labente
1627 708 1779 771 obiit,
1810 718 1867 763 ut
1882 709 2055 779 conji-

484 778 557 834 cit
574 779 813 839 Cointius
844 786 910 840 ad
940 785 1083 844 hunc
1110 806 1328 860 annum,
1358 809 1413 847 n.
1444 774 1533 850 (3'0.

562 871 650 926 35.
679 873 752 929 Ex
783 876 863 930 Itis
894 877 1056 946 igitur
1078 882 1323 938 omnibus
1351 887 1686 942 statuendum
1718 890 1928 947 videtur
1945 892 2049 948 iter

491 961 769 1021 Fortunati
820 968 874 1023 in
906 968 1130 1043 Ga‘lliam
1186 975 1237 1028 in
1276 990 1470 1033 annum
1518 978 1623 1035 565
1667 982 2050 1051 conjiciendum

487 1069 640 1123 esse;
668 1068 813 1115 certe
839 1075 938 1117 nec
958 1071 1082 1120 ante
1107 1079 1300 1121 annum
1346 1059 1470 1137 564,
1506 1086 1603 1126 nec
1635 1082 1754 1140 post
1780 1074 1903 1135 566.
1933 1090 2051 1132 esse

487 1148 816 1215 ponendum.
848 1151 1015 1219 Quam
1043 1166 1217 1211 autem
1240 1157 1355 1225 ipse
1378 1159 1538 1226 viam,
1570 1162 1622 1217 in
1656 1163 1852 1219 Gallias
1880 1168 2051 1237 proﬁ-

482 1240 710 1306 ciscens,
739 1248 984 1312 tenuerit,
1017 1263 1133 1318 qua:
1158 1250 1269 1305 loca
1293 1252 1503 1321 adierit,
1535 1257 1663 1310 satis
1708 1257 1845 1313 idem
1895 1274 2050 1315 enar-

486 1340 590 1397 rat,
617 1333 853 1389 scribens
892 1338 956 1391 ad
989 1337 1149 1410 Greg.
1179 1341 1331 1407 Tun,
1366 1345 1459 1399 lib.
1489 1360 1529 1413 ι,
1580 1363 1696 1417 cap.
1726 1350 1774 1414 1,
1821 1350 1902 1406 his
1931 1367 2048 1408 ver-

488 1420 608 1476 bis:
644 1421 933 1481 Pra'sertim
957 1432 1098 1499 quod
1133 1448 1227 1501 ego
1250 1434 1514 1504 imperitus
1554 1439 1615 1491 de
1650 1438 1893 1495 Ravenna
1930 1460 2048 1513 pra-

480 1514 737 1581 grediens.
792 1516 1016 1586 Padum,
1067 1523 1309 1587 Athesim,
1353 1524 1648 1594 Brintham,
1693 1528 1921 1597 Plavem,
1961 1533 2047 1586 Li-

481 1609 762 1674 quentiam,
792 1607 1251 1682 Tiliomentumque
1277 1625 1502 1684 trandus,
1531 1635 1618 1688 per
1645 1619 1825 1687 Alpem
1852 1621 2047 1678 Juliam

479 1698 731 1762 pendulus
746 1703 999 1756 montanis
1018 1705 1351 1773 anfractibus,
1372 1705 1601 1761 Dravum
1615 1708 1665 1762 Ν
1671 1713 1824 1777 arica,
1840 1713 2042 1767 (Euam

2159 526 2328 597 gelida
2373 535 2534 603 inagis
2566 552 2632 591 an
2674 538 2829 605 ebria,
2876 554 3033 594 nouus
3080 540 3312 612 Orpheus
3340 541 3550 613 Lyrictts
3581 548 3691 606 silua

2158 635 2306 675 voces
2348 624 2554 692 dabam,
2613 630 2738 683 silva
2791 632 3049 688 reddebat.
3098 634 3143 688 A
3202 626 3444 691 barbaris
3486 638 3630 695 etiam
3649 654 3691 700 et

2158 713 2457 779 agrestibus
2483 716 2808 786 hominibus,
2841 736 2938 790 per
2964 738 3095 792 quos
3122 724 3223 778 iter
3249 720 3498 791 faciebat,
3528 726 3688 806 invita-

2162 809 2270 869 tus,
2301 811 2354 858 et
2381 804 2611 876 hospitio
2639 819 2915 880 exceptus,
2963 828 3149 869 eorum
3193 830 3339 883 saepe
3385 817 3439 871 in
3468 804 3687 878 conviiiit

2155 896 2388 951 carmina
2420 899 2689 969 fundebat,
2724 901 2830 969 ubi,
2860 905 2952 970 ait,
2984 905 3095 960 sala
3132 922 3270 977 stirpe
3296 907 3579 964 bambicans
3598 911 3688 964 bar-

2155 983 2302 1039 baras
2332 987 2509 1042 lendas
2538 991 2703 1059 Itarpa
2719 992 2984 1047 relidebat.
3009 998 3185 1066 Atque
3210 997 3258 1051 is
3278 997 3412 1052 lianc
3435 998 3485 1053 in
3506 1014 3685 1057 causam

2155 1076 2443 1132 relertcur
2490 1081 2732 1147 quadam
2782 1098 2875 1138 sua
2934 1096 3177 1154 poemata
3232 1090 3407 1142 minus
3453 1090 3685 1159 eleganter

2153 1165 2349 1232 scripta
2380 1177 2583 1237 essent,
2626 1186 2691 1225 ac
2728 1173 2904 1228 minus
2960 1175 3141 1230 limata
3168 1185 3223 1231 et
3253 1178 3523 1245 perpolita.
3573 1180 3684 1247 Quid

2151 1256 2307 1322 enim,
2345 1259 2536 1329 inquit,
2566 1262 2655 1315 tibi
2701 1262 2895 1329 alfabre
2946 1266 3138 1320 dictum
3192 1268 3280 1331 sit,
3313 1268 3399 1321 ubi
3426 1270 3532 1335 quis
3556 1287 3683 1327 usus

2151 1360 2251 1398 non
2276 1348 2524 1414 creditur,
2558 1351 2657 1404 nisi
2685 1369 2853 1407 secum
2882 1357 3073 1421 pariter
3118 1358 3395 1426 insanitur,
3419 1376 3513 1429 quo
3536 1370 3682 1430 grata-

2150 1434 2248 1488 lari
2274 1440 2436 1505 magis
2463 1450 2535 1494 est
2559 1439 2603 1494 si
2631 1438 2792 1497 viuere
2809 1445 3068 1516 licet‘post
3096 1448 3300 1505 bibere?

2221 1527 2312 1581 38.
2351 1529 2527 1599 Atque
2555 1531 2609 1585 in
2643 1533 2741 1588 hoc
2764 1534 2887 1605 ipso.
2922 1553 3016 1605 per
3043 1538 3387 1596 Germaniam
3416 1551 3469 1597 et
3486 1542 3679 1601 Galliam

2150 1616 2343 1674 itinere
2388 1636 2510 1676 cum
2543 1626 2892 1683 nobilissimis
2930 1644 2995 1685 ac
3025 1632 3222 1688 virtute
3271 1645 3327 1689 et
3356 1635 3545 1691 honore
3567 1650 3681 1706 pra-

2147 1715 2412 1769 stantibtts
2442 1717 2568 1772 viris
2598 1721 2887 1775 amicitiam
2944 1723 3102 1790 inire,
3135 1741 3198 1781 ac
3226 1742 3409 1782 eorum
3454 1729 3546 1785 sibi
3580 1746 3678 1799 gn-

475 1783 712 1854 Brcunis,
747 1790 953 1845 Liccam
980 1793 1211 1864 Bojaria,
1241 1798 1535 1853 Danubium
1564 1800 1884 1869 Alemannia,
1910 1804 2045 1875 Rhe-
2073 1784 2122 1843 Β
2150 1804 2274 1857 liam
2301 1810 2612 1875 promereri,
2648 1811 2799 1866 facile
2838 1816 3027 1882 potuit,
3060 1830 3181 1869 eum
3213 1818 3282 1871 ob
3306 1821 3426 1871 vita:
3452 1818 3676 1875 innocen-

479 1889 601 1927 num
629 1875 904 1934 Germania
924 1886 1192 1949 transiens,
1240 1904 1301 1940 ac
1348 1900 1459 1954 post
1498 1890 1788 1958 Musellam,
1822 1893 2043 1967 Mosam,

478 1963 733 2035 Axonam,
777 1980 823 2024 et
849 1971 1160 2042 Sequanam,
1192 1977 1413 2046 Ligerim
1441 1990 1489 2033 et
1530 1980 1861 2052 Garumnam,
1890 1963 2047 2057 Aqui;

474 2059 628 2113 tanite
673 2064 895 2118 maxima
933 2069 1155 2135 fluenta,
1223 2070 1485 2141 Pyremris
1541 2094 1841 2146 occurrens,
1896 2081 2042 2137 Julia

474 2166 641 2207 mense
678 2157 884 2220 nivosis,
934 2176 1060 2229 pene
1107 2174 1193 2216 aut
1236 2167 1532 2233 equitando,
1569 2182 1657 2224 aut
1695 2173 2037 2236 dormitanda.

472 2245 879 2315 conscripserim.
909 2250 1125 2306 Brevius
1156 2254 1330 2307 adhuc
1384 2256 1579 2311 Paulus
1626 2260 1769 2315 Diae.
1816 2262 1915 2317 boc
1940 2264 2042 2319 iter

475 2332 749 2388 Fortunati
780 2341 1169 2407 complectitur,
1204 2344 1446 2409 inquiens
1499 2364 1510 2397 :
1559 2349 1660 2412 Qui
1703 2350 1799 2403 sibi
1826 2349 2040 2419 (Fortu-

471 2428 670 2492 natus),
698 2437 751 2477 ut
803 2430 854 2479 in
884 2430 987 2482 suis
1019 2432 1123 2501 ipse
1152 2434 1458 2488 carminibus
1487 2441 1659 2511 refert,
1708 2440 1828 2492 illuc
1857 2458 2037 2512 prope-

472 2516 611 2566 ranti
632 2533 721 2584 per
747 2518 1000 2585 [luentilia
1036 2524 1188 2575 menti
1213 2523 1231 2591 1
1244 2523 1466 2593 Forsan,
1496 2527 1687 2595 ﬂuenta
1730 2528 2035 2605 Tiliamenti]

468 2614 513 2656 et
545 2605 794 2672 Ilounam,
846 2627 1033 2681 perque
1082 2613 1333 2681 Osnpum,
1388 2626 1436 2669 et
1483 2634 1574 2686 per
1601 2620 1778 2690 Alpem
1819 2619 2031 2688 Iuliam,

468 2709 651 2762 perque
698 2699 951 2768 Aguntuin
1004 2699 1261 2767 Castrum,
1317 2703 1666 2776 Dravumque,
1716 2719 1763 2762 et
1812 2709 2032 2781 Byrrum

464 2786 669 2853 ﬂuuios,
697 2797 742 2840 et
767 2787 994 2857 Brioncs,
1019 2805 1063 2846 ct
1088 2799 1365 2864 Augustam
1389 2796 1662 2862 civitatem,
1694 2817 1845 2868 quam
1874 2801 2030 2858 Virdo

468 2885 512 2928 et
545 2875 672 2929 Lech
703 2879 776 2948 (id
808 2892 907 2946 est,
946 2882 1111 2937 i'imlo
1133 2898 1178 2937 et
1203 2883 1429 2955 Lycians)
1453 2889 1718 2955 ﬂuentant,
1752 2890 1848 2942 iter
1877 2892 2033 2960 fuisse

462 2968 714 3024 describit.
1554 2998 1561 3039 t

536 3059 624 3114 56.
671 3062 747 3116 Ex
801 3064 881 3116 bis
926 3067 1082 3134 igitur
1125 3068 1459 3135 perspicuum
1510 3078 1593 3123 est
1623 3070 1888 3139 eumdem,
1921 3070 2024 3125 Ra-

466 3167 631 3206 venna
654 3155 971 3226 digressum,
994 3159 1285 3227 Patavium,
1303 3163 1612 3243 continuato
1635 3163 1843 3229 itinere,
1864 3174 2023 3234 atque
2052 3132 2095 3193 Ο

467 3242 590 3299 inde
615 3247 934 3313 Tarvisinm,
959 3250 1166 3304 venisse
1192 3251 1357 3318 (cum,
1391 3261 1448 3304 ut
1490 3242 1774 3307 verisimile
1797 3264 1899 3320 est,
1921 3253 2029 3308 Du-

457 3335 688 3404 plavilim
744 3342 1045 3395 divertisset
1091 3341 1155 3395 ad
1209 3358 1333 3397 suos
1390 3343 1748 3416 invisendos),
1792 3357 1899 3400 tum
1934 3362 2028 3417 per

459 3427 624 3496 Alpes
646 3430 882 3493 Noricus.
921 3434 1254 3491 Germaniam
1291 3439 1605 3509 ingressum,
1656 3440 1778 3495 hinc
1827 3444 1877 3496 in
1908 3442 2028 3497 Gal-

458 3512 557 3570 lias
606 3522 767 3588 (qunti
823 3534 947 3578 tunc
998 3535 1111 3581 erat
1143 3530 1321 3583 tritum
1345 3540 1397 3585 et
1428 3532 1676 3586 usitatum
1708 3533 1761 3586 in
1806 3548 2025 3602 regnum

459 3607 583 3660 illud
618 3611 739 3680 iter)
781 3617 1072 3687 trajecisse.
1122 3620 1381 3687 Quocirca
1428 3621 1593 3690 idem,
1643 3623 1736 3678 lib.
1790 3639 1841 3678 tv
1892 3624 2024 3679 Vita:

455 3704 624 3769 sancti
680 3706 907 3771 Martini,
961 3711 1139 3764 libello
1186 3726 1283 3764 suo
1318 3714 1561 3766 eamdem
1610 3714 1766 3778 viam,
1816 3729 1847 3767 e
1897 3714 2024 3768 Gal-

454 3792 521 3846 lia
558 3794 607 3847 in
644 3795 841 3851 italiam
894 3802 1270 3869 proﬁciscenti,
1321 3814 1708 3861 commonstrat
1768 3805 1850 3861 bis
1904 3821 2021 3860 ver-

452 3884 596 3939 sibus
640 3904 653 3939 :
1537 3899 1545 3908 ‘

514 3974 571 4051 ἓξ.
591 3976 675 4051 tibi
698 3979 968 4051 barbaricos
992 3986 1271 4035 conceditur
1296 3990 1369 4038 ire
1394 4002 1482 4051 per
1505 4002 1689 4045 amnes,

516 4036 781 4111 yt'plaCtde
809 4040 1028 4092 Rhenum
1049 4036 1379 4111 transmittere
1395 4036 1609 4111 Γμὸέῑςίςεξί
1630 4036 1866 4105 Histrum,

496 4100 687 4169 ~l_’_crgis
704 4106 763 4169 ad
788 4112 1068 4169 augustam,
1093 4122 1233 4166 quam
1260 4100 1706 4169 Yitidti,.l.ycusque
1732 4100 1987 4169 fluentum,

513 4162 563 4227 §i
592 4174 724 4227 vacat
747 4164 817 4209 ire
843 4168 987 4224 viain,
1013 4162 1175 4227 neque
1196 4177 1245 4214 te
1270 4162 1514 4223 Bajoarins
1532 4162 1706 4227 obstat,

512 4222 615 4291 Qua
641 4226 790 4291 vicina
812 4222 986 4291 sedent
1010 4222 1248 4273 Brennum
1279 4222 1397 4285 loca,
1421 4240 1576 4291 perge
1597 4222 1903 4291 per'Alpem,

512 4280 805 4347 ingrediens
829 4286 994 4347 rapith
1017 4299 1107 4345 qua
1136 4294 1330 4347 gurgite
1356 4280 1562 4337 volvitur
1581 4280 1767 4339 Olinus.

517 4297 567 4329 In
608 4297 805 4329 rediens
829 4297 994 4343 rapiuo
1017 4299 1107 4345 qua
1136 4297 1330 4347 gurgite
1356 4297 1562 4337 volvitur
1581 4297 1631 4339 Ul

517 4297 637 4412 ipse
666 4342 906 4392 Valentini
928 4344 1064 4395 Bene
1086 4348 1180 4412 firtj
1206 4351 1384 4412 templa
1411 4353 1631 4411 require,

509 4401 679 4465 δοτῆρι
703 4418 811 4453 rura
834 4414 1023 4465 petens,
1052 4410 1128 4457 ubi
1156 4401 1321 4459 Βᾶτε·υέ
1341 4401 1545 4461 vertitur
1566 4401 1722 4463 undis.

511 4462 608 4536 iter
628 4462 958 4536 Dravuq‘itur
981 4462 1092 4536 iter,
1112 4486 1203 4533 qua
1224 4486 1277 4521 se
1303 4475 1499 4524 castella
1525 4477 1764 4536 supinant.

625 4524 851 4577 montana
869 4532 1046 4597 sedens
1066 4524 1259 4597 incolo
1285 4538 1506 4597 SUpPrbil
1531 4524 1766 4597 Aguntus.
1830 4539 1838 4545 ’

508 4586 632 4661 ῌξηρ
656 4598 771 4650 pete
798 4601 935 4654 rapte
958 4596 1073 4654 vias,
1103 4597 1183 4643 tibi
1208 4596 1333 4645 Julia
1350 4586 1769 4661 'pan:,titurUAlpes,

512 4651 967 4722 'Altiusassurgens,
991 4651 1201 4705 etinous
1224 4674 1266 4706 ιιι
1307 4651 1464 4708 nubila
1496 4651 1675 4722 pergit:

509 4710 629 4781 inde
657 4714 779 4763 Foro
802 4710 915 4781 Julii
940 4710 1003 4766 de
1031 4722 1225 4767 nomine
1252 4710 1584 4781 principis'exi

510 4773 609 4841 ger
634 4788 799 4836 rupes,
820 4780 1001 4840 USOpe,
1024 4787 1148 4833 luris.
1178 4773 1282 4841 qua
1300 4773 1472 4829 latiit'ur
1495 4785 1655 4841 undis,

506 4835 568 4900 Et
590 4852 739 4900 super
765 4835 1064 4895 instataqnis
1087 4835 1584 4891 Iteuiiia'liliameuti.
1644 4835 1652 4841 ’
1722 4891 1730 4900 ,

511 4898 899 4971 ﬁrmaverim.qu
919 4900 1392 4971 saltushcatnpcstriu
1420 4916 1571 4971 perge
1591 4918 1683 4971 per
1713 4898 1820 4955 arva
1849 4909 2012 4971 (etc.),

508 4960 605 5031 Aut
626 4960 986 5031 Aquileiensem
1016 4967 1057 5010 si
1084 4963 1208 5031 forte
1240 4960 1505 5031 accesseris
1533 4960 1702 5031 urbem
1726 4960 1889 5031 (etc),

512 5021 611 5088 Qua
636 5032 745 5088 mea
776 5020 1229 5088 'l'artisus‘resi-lct,
1252 5028 1291 5071 si
1318 5023 1525 5088 molliter
1552 5028 1717 5088 intras,

510 5079 862 5154 Fer‘Ct‘nctam
883 5079 1123 5152 gradiens,
1153 5094 1197 5154 et
1218 5079 1403 5154 inuictis
1430 5079 1827 5154 anlavene'nses
1849 5090 2013 5154 (etc),

508 5142 559 5215 ξί
583 5143 813 5215 Palatina
838 5147 921 5190 tibi
949 5153 1121 5215 pateat,
1140 5148 1213 5194 via
1250 5150 1413 5215 pergis
1437 5142 1688 5215 εξᾱίιιτιιριλη
1718 5142 1889 5215 (etc);

506 5202 627 5252 inde
652 5202 979 5253 ﬂavi-nuarum
1008 5207 1221 5267 placitam
1247 5202 1363 5268 pcto
1383 5210 1569 5257 dulcius
1598 5202 1765 5261 urbem
1792 5202 1952 5275 (eié.).

527 5285 617 5338 37.
671 5284 781 5339 lluc
821 5299 993 5340 autem
1026 5289 1251 5352 itineris,
1277 5290 1414 5358 quod
1444 5306 1535 5360 per
1562 5294 1671 5346 sola
1707 5296 2015 5365 plerumque

452 5390 515 5432 ac
544 5377 751 5431 deserta
780 5379 892 5432 loca
926 5381 1144 5435 iaciebat
1178 5379 1523 5445 Fortunatus,
1542 5386 1862 5443 carminibus
1886 5404 2009 5457 pan-

452 5470 657 5539 gendis,
692 5472 841 5539 quasi
874 5474 1098 5538 qut-dam
1125 5473 1392 5528 Musarum
1426 5475 1758 5533 condimento
1782 5495 1845 5535 ac
1875 5491 2007 5535 tem-

442 5565 737 5631 peratione,
763 5566 1057 5621 solabntur.
1089 5567 1140 5620 ιιι
1166 5568 1231 5621 de
1257 5582 1315 5621 se
1359 5568 1651 5637 prolitetur,
1685 5571 1924 5627 scribens
1947 5572 2011 5627 ad

441 5650 601 5716 Greg.
633 5654 855 5721 Turon.,
894 5658 985 5711 lib.
1019 5673 1054 5724 ι,
1108 5674 1225 5727 cap.
1288 5660 1338 5726 l,
1390 5658 1671 5728 inquiens:
1710 5660 1851 5716 Inter
1873 5661 2007 5715 Bar-

436 5739 1271 5821 baros,longotractu,gradieus,
1321 5758 1408 5803 aut
1453 5752 1532 5805 via
1560 5752 1740 5823 fessus,
1786 5764 2008 5807 antcra-

2148 1892 2295 1959 tiam,
2326 1911 2389 1950 ac
2417 1912 2623 1953 tuorum
2657 1892 2993 1971 suavitatem,
3026 1912 3133 1956 tum
3162 1904 3233 1957 ob
3274 1904 3479 1959 laudem
3507 1906 3675 1963 littera-

2147 1997 2262 2037 rum
2292 1994 2344 2038 et
2373 1988 2601 2063 ingenii,
2626 1990 2676 2043 in
2712 1991 2900 2058 primis
2947 2007 3072 2047 vero
3094 2008 3156 2047 ex
3188 1995 3416 2062 quadam
3448 1995 3671 2052 Musarum

2144 2077 2640 2143 commendatione,
2672 2096 2793 2149 quae
2828 2080 2910 2136 v‘el
2949 2084 3259 2152 peregrinos
3300 2090 3354 2136 et
3384 2081 3575 2151 ignotos
3598 2083 3672 2139 bo-

2144 2165 2315 2220 tnines
2339 2170 2541 2223 exteris
2568 2166 2870 2225 uatidnibus
2895 2167 3121 2240 probare
3171 2188 3386 2243 semper
3414 2177 3670 2230 consuevit.

2140 2253 2300 2310 Certe
2325 2261 2707 2326 quamplurimi
2730 2264 3038 2331 occurrunt,
3074 2263 3141 2317 de
3168 2265 3362 2333 quibus
3390 2264 3671 2319 Fortunatus

2098 2347 2250 2400 'suis
2299 2348 2352 2401 in
2407 2351 2730 2408 carminibus
2760 2356 3087 2412 mentionem
3120 2356 3268 2423 facit,
3319 2354 3407 2425 qui
3460 2358 3668 2413 eumdem

2138 2447 2237 2503 per
2266 2435 2606 2495 Germaniam
2658 2443 2888 2511 hospitio
2938 2446 3239 2516 excepisse,
3273 2456 3327 2501 et
3352 2461 3445 2501 sua
3472 2448 3668 2503 amicitia

2136 2526 2353 2598 dignum
2401 2530 2689 2598 judicasse,
2744 2544 2799 2589 et
2842 2534 3034 2590 ofﬁciis
3082 2538 3201 2591 aliis
3242 2540 3504 2607 prosecuti
3550 2552 3665 2605 esse,

2136 2620 2386 2675 videntur
2419 2639 2432 2675 :
2466 2638 2599 2691 quos
2630 2624 2770 2679 inter
2799 2628 3033 2682 eminent
3056 2628 3235 2695 Lupus
3269 2641 3325 2683 et
3354 2629 3514 2699 Gogo,
3542 2629 3663 2698 pria-

2137 2709 2283 2778 cipes
2308 2714 2447 2781 apud
2474 2728 2653 2784 regem
2677 2716 2963 2771 Austrasia:
2993 2716 3249 2785 dignitate
3299 2719 3417 2782 viri,
3461 2716 3661 2785 Magnul-

2135 2801 2290 2870 phus,
2331 2803 2464 2869 Lupi
2516 2805 2702 2868 frater,
2760 2806 2978 2859 Jovinus
3032 2805 3334 2873 pra-fectus,
3386 2807 3661 2876 Bodigisilus

2131 2889 2257 2955 dux,
2292 2900 2347 2945 et
2394 2891 2501 2955 alii,
2535 2908 2666 2960 quos
2707 2893 2759 2945 in
2810 2890 3091 2946 Germania
3121 2909 3179 2947 se
3230 2896 3440 2958 vidisse,
3471 2906 3518 2948 et
3542 2896 3656 2963 apud

2129 2994 2223 3033 eos
2254 2980 2424 3034 fuisse
2447 2985 2795 3049 diversatum,
2832 2999 3207 3055 nonnunquam
3242 2995 3475 3039 testatur.
3504 2986 3656 3055 Itaque

2129 3069 2194 3123 ad
2229 3070 2433 3141 Lupum
2456 3075 2713 3138 scribens,
2740 3076 2833 3128 lib.
2858 3091 2952 3139 vn,
2980 3091 3099 3145 cap.
3129 3075 3161 3128 8
3195 3092 3210 3129 :

2254 3182 2367 3249 cum
2389 3189 2643 3246 peregrina
2657 3187 2765 3249 (ait)
2779 3200 2915 3237 meos
2937 3190 3092 3238 tenuit
3112 3188 3365 3239 Germania
3394 3189 3529 3247 visus,

2313 3246 2385 3295 Tu
2405 3256 2559 3307 pater,
2589 3258 2638 3296 et
2664 3246 2829 3309 patria:
2848 3252 3173 3299 mnsutiturus
3196 3262 3324 3301 eras.

2253 3306 2702 3375 Conseruiquotiés
2720 3319 2878 3375 vestro
2892 3323 3118 3375 sermone
3147 3311 3379 3375 loquelas,

2312 3368 2504 3418 Credidi
2532 3372 2581 3416 in
2602 3370 2853 3418 ambrosiis
2872 3384 2951 3420 me
2970 3368 3373 3423 recubare'rosis.

2131 3470 2273 3525 Idem
2301 3471 2539 3526 scribens
2571 3471 2633 3526 ad
2662 3471 2924 3540 Jovinum,
2958 3468 3087 3544 cap.
3112 3474 3199 3540 l3,
3228 3475 3394 3545 inquit
3422 3494 3438 3532 :

2248 3570 2351 3635 Non
2372 3571 2434 3619 ita
2458 3571 2602 3635 rebar
2625 3584 2790 3633 ovans,
2811 3577 3055 3635 postquam
3082 3574 3337 3625 Germania
3354 3584 3530 3627 nostros

2309 3631 2588 3682 Contulerat
2611 3634 2755 3693 visus,
2777 3631 2839 3682 'u‘t
2856 3631 3072 3691 resiliret
3093 3648 3245 3685 arnor.

2198 3714 2291 3766 39.
2329 3714 2721 3779 Sigismundum
2752 3731 2960 3785 quoque
2989 3728 3041 3771 et
3069 3718 3382 3788 Aregisilum
3412 3720 3582 3775 fratres
3598 3720 3643 3774 in

2128 3815 2187 3855 se
2215 3800 2460 3854 liberales
2485 3814 2546 3853 ac
2587 3800 2857 3853 beneﬁcos
2896 3803 2961 3854 iis
3009 3803 3061 3853 in
3096 3803 3229 3854 locis
3261 3806 3419 3859 fuisse
3442 3818 3647 3872 testatur,

2123 3906 2257 3962 quos
2285 3900 2563 3959 propterea
2597 3904 2699 3941 non
2730 3890 2933 3942 dubitat
2958 3890 3273 3958 parentibus
3304 3890 3413 3949 suis
3442 3893 3650 3961 proelia-

2125 3974 2282 4036 ritate
2306 3997 2367 4035 ac
2394 3979 2741 4034 beneﬁcentia
2772 3993 3070 4047 exaequare.
3102 3980 3192 4034 Sic
3213 3981 3354 4035 enim
3381 3981 3445 4035 ad
3459 3978 3647 4059 eosdem

2122 4074 2328 4137 scribit,
2358 4071 2449 4126 lib.
2475 4086 2566 4135 vn,
2592 4085 2708 4140 cap.
2734 4071 2794 4124 2i
2832 4090 2842 4122 :

2244 4182 2447 4248 Nomina
2467 4186 2730 4248 amicorum
2753 4184 2864 4231 mihi
2883 4182 3039 4248 dulcis
3061 4184 3265 4248 epistola
3290 4187 3465 4248 pandit,

2304 4244 2744 4308 Hinc,Sigtmtiude
2760 4248 2934 4308 nitens,
2958 4245 3066 4308 liiue
3084 4244 3312 4308 Aregislé
3335 4244 3524 4297 decens.

2245 4307 2354 4370 Post
2383 4305 2526 4366 Italas
2549 4314 2707 4370 terras
2725 4306 2874 4353 mittis
2898 4306 3031 4366 mibi,
3058 4305 3246 4367 Rhene,
3277 4317 3519 4370 parentes;

2305 4367 2526 4416 Adventu
2550 4366 2768 4427 fratrum,
2788 4379 2879 4414 non
2904 4370 3195 4431 peregrinus
3212 4366 3317 4418 ero.

2040 4472 2095 4534 ι)
2187 4471 2278 4526 40.
2321 4469 2397 4524 Ex
2424 4470 2506 4524 bis
2532 4478 2707 4525 autem
2733 4471 2968 4540 proclive
3010 4480 3096 4527 est
3140 4472 3403 4543 conjicere
3425 4469 3639 4528 eumdem

2119 4562 2330 4633 aliquod
2360 4563 2584 4631 Spatium
2635 4561 2887 4631 temporis
2938 4566 2991 4631 in
3046 4563 3327 4620 Germania
3353 4574 3402 4621 et
3427 4556 3647 4635 proiitn'l

2116 4656 2427 4725 regionibus
2455 4666 2845 4711 commoratum
2898 4656 3083 4724 fuisse,
3122 4660 3300 4728 quoad
3341 4658 3645 4737 scilicet

2117 4747 2387 4813 rissimos,
2410 4762 2541 4817 quos
2582 4762 2727 4815 saepe
2756 4750 2865 4803 suis
2895 4750 3219 4806 carminibus
3259 4751 3501 4818 celebrat,
3529 4750 3645 4804 viros

2117 4837 2347 4893 invisere
2398 4850 2451 4893 et
2494 4842 2773 4897 commode
2810 4841 2979 4906 adire,
3010 4852 3065 4896 et
3093 4842 3453 4911 frequentibus
3478 4837 3643 4895 ciliciis

2115 4945 2301 4985 eorum
2331 4933 2381 4985 in
2410 4946 2469 4986 se
2494 4934 2777 4987 amicitiam
2824 4934 3130 4999 conciliare,
3191 4942 3384 5002 posset,
3431 4939 3503 4986 tot
3526 4942 3641 4998 prt-

2119 5031 2258 5076 terea
2293 5025 2449 5089 urbes
2470 5034 2523 5078 et
2554 5026 2822 5095 regiones,
2856 5031 3081 5092 quarum
3108 5024 3335 5095 diligens
3357 5036 3408 5079 et
3426 5025 3640 5077 accursu

2119 5112 2170 5165 in
2197 5112 2436 5182 ejusdem
2462 5117 2798 5185 poematibus
2815 5116 3107 5186 descriptio
3124 5117 3373 5178 occurrit,
3388 5119 3640 5182 οοιυυωε·

2118 5212 2198 5257 ret
2225 5220 2287 5257 ac
2310 5215 2636 5275 peragraret.

2188 5295 2277 5348 4|.
2312 5297 2476 5351 νοιἰύ
2500 5296 2842 5351 Fortunatuni
2890 5297 2941 5351 in
2970 5297 3169 5351 Gallias
3198 5294 3487 5350 venientem
3508 5301 3635 5346 esce-

2116 5388 2193 5455 pit
2224 5387 2267 5440 is
2287 5389 2437 5457 cujus
2475 5402 2613 5455 szepe
2646 5390 3008 5453 meminimus,
3044 5386 3359 5456 Sigibertus,
3386 5378 3636 5439 Austmic

2115 5493 2231 5543 rex,
2285 5493 2346 5532 ac
2395 5478 2537 5531 omni
2569 5478 2883 5533 liberalitate
2909 5486 2963 5529 et
2992 5474 3172 5531 ofﬁcio
3212 5485 3296 5530 est
3338 5476 3634 5545 prosecuta.

2115 5584 2234 5622 cum
2290 5570 2642 5639 plurimorum
2674 5609 2689 5634 ,
2741 5580 2797 5622 ut
2842 5566 3099 5647 credibile
3152 5577 3257 5633 est,
3312 5564 3632 5640 [instantiam

2113 5658 2372 5729 dignitate
2419 5663 2653 5716 virorum
2710 5660 2865 5730 (quos
2911 5658 3009 5713 sibi
3061 5675 3157 5729 per
3203 5661 3521 5729 Gennapiaai
3554 5655 3631 5712 do-

2111 5753 2382 5827 vinxerat)
2430 5753 2621 5808 litteris
2647 5766 2707 5806 ac
2739 5750 3056 5808 testimoniis
3089 5756 3521 5837 commendatum,
3541 5754 3632 5804 tu
