3820 6236
470 152 542 208 .55
999 138 1504 199 PROLEGOMENA
1537 139 1637 196 AD
1674 133 2003 195 VENANTII
2041 119 2197 197 ΗΟΝ.
2242 134 2443 193 CLEM.
2487 131 2873 204 FORTUNATI
2904 131 3163 227 .OPERA.
3590 137 3657 197 36

473 262 751 318 Pictavum
779 257 1036 321 venisset,
1067 273 1126 312 ea
1155 258 1207 311 in
1251 257 1379 311 urbe
1418 254 1741 310 domicilium
1774 268 1923 306 suum
1971 267 2034 309 ae
2060 258 2108 315 Α
2134 252 2441 307 exsolverat
2466 256 2604 321 (quae
2631 265 2892 319 prmctpua
2945 251 3114 303 fuerat
3141 263 3298 304 causa
3343 262 3405 303 ex
3433 249 3566 307 Italia
3603 255 3659 311 ιιι

479 355 662 410 sedem
693 353 984 406 constituit.
1012 351 1063 404 Id
1094 366 1212 405 cum
1243 366 1306 404 ex
1338 349 1485 404 Pauli
1539 348 1752 403 Diaconi
1798 352 2038 402 testimo-

479 449 567 501 tiio
612 443 886 507 discimus,
939 451 1045 496 tum
1076 443 1190 510 ipse
1218 441 1537 496 Fortunatus
1562 439 1628 496 de
1653 453 1710 494 se
1734 437 2034 508 profitetur,

477 538 515 594 ι.
544 538 656 601 vni,
680 551 728 590 c.
763 538 812 596 I,
847 536 922 588 sic
952 535 1193 589 scribens
1224 551 1234 585 :

568 626 854 676 Fortunatus
879 638 973 687 ego
998 625 1297 687 itincriiumili
1322 637 1488 684 prece,
1516 635 1634 673 voce
1658 621 1812 672 saluto
1839 637 1851 671 :

626 687 771 735 Italiae
797 686 1014 747 genitum
1034 686 1208 733 Gallici
1235 701 1344 733 rura
1371 694 1559 732 tenent.

571 749 771 802 Pictavis
797 745 1148 807 resideiis,-qua
1167 757 1360 794 sanctus
1387 747 1593 794 Hilarius
1616 745 1728 793 olim

627 810 778 859 Natus
801 812 849 858 in
871 810 992 858 urbe
1011 809 1116 870 fuit,
1139 817 1280 857 notus
1300 809 1344 854 iu
1364 811 1484 865 orbe
1511 809 1672 856 Pater.

476 891 722 962 Quinimo
777 891 826 944 id
889 894 1138 959 deinceps
1187 889 1518 959 promeruit,
1570 898 1635 966 ut
1687 888 1826 942 illius
1883 885 2040 941 Urbis

477 984 644 1050 clero,
689 983 928 1050 quamvis
974 982 1204 1048 advena,
1238 975 1612 1045 ascriberetur,
1646 995 1706 1034 ac
1736 978 2040 1034 sacerdotio

479 1074 810 1141 itiitiaretur,
863 1073 1001 1144 quod
1053 1089 1183 1128 sane
1231 1088 1420 1141 magno
1446 1082 1527 1128 est
1557 1073 1695 1126 illius
1730 1071 1946 1125 virtutis
1980 1085 2042 1126 ac

479 1165 599 1217 vitae
630 1165 948 1234 integritatis
977 1172 1032 1220 et
1057 1157 1374 1217 innocentiae
1405 1172 1736 1229 argumento.
1764 1163 1880 1227 Quo
1909 1175 2042 1217 vero

479 1269 619 1308 anno
670 1255 1019 1309 I’ictaviensis
1075 1252 1323 1310 Ecclesiae
1379 1253 1657 1322 presbyter
1724 1253 1893 1306 lactus
1939 1253 2040 1318 sit,

483 1346 618 1398 Itau'tl
651 1345 718 1398 ita
764 1330 918 1400 facile
956 1350 1036 1401 est
1063 1353 1319 1399 statuere.
1354 1328 1546 1400 Paulus
1580 1342 1875 1408 Diaconus,
1917 1342 2042 1397 dum

480 1445 658 1489 narrat
701 1436 768 1490 de
816 1436 1005 1490 eodem
1058 1435 1197 1504 quod
1254 1435 1519 1488 novissime
1558 1435 1608 1486 in
1637 1435 1806 1488 eadem
1844 1435 2044 1488 civitate

480 1525 721 1595 (scilicet
752 1526 1014 1593 Pictavis)
1048 1526 1269 1596 primum
1311 1525 1590 1596 presbyter,
1621 1525 1804 1578 deinde
1843 1526 2040 1592 episco-

2136 342 2357 397 Galliam
2401 342 2690 408 veniendi),
2744 341 2914 393 adhuc
2941 339 3234 393 subsﬁterit
3279 342 3332 393 in
3366 340 3549 404 Gallia,
3574 360 3662 402 nec

2135 434 2199 488 ad
2223 449 2346 488 suos
2374 433 2642 488 remearit.
2679 419 2741 487 l".
2769 434 3068 496 Browerus,
3096 431 3214 498 cap.
3248 432 3282 485 2
3313 431 3379 484 de
3405 431 3512 486 Vita
3550 435 3662 492 Ευτ.

2139 527 2326 592 tunati,
2361 526 2478 595 ejus
2512 525 2586 579 rei
2618 539 2827 577 causam
2864 521 3023 576 refert
3070 523 3121 576 in
3179 523 3399 576 belliCos
3441 527 3662 581 tumultus

2138 618 2328 685 quibus
2374 616 2522 670 Italia
2572 614 3037 683 Longobardorum
3085 614 3250 665 armis
3302 624 3424 664 tunc
3465 615 3663 671 maxime

2139 707 2333 760 afflicta
2374 717 2473 762 est.
2506 706 2618 772 Quo
2647 720 2772 760 sane
2804 714 3042 772 tempore
3069 704 3390 768 Tarvisium,
3416 704 3658 762 Fortunati

2075 861 2086 876 ι
2142 799 2339 865 patria,
2372 808 2422 852 et
2452 799 2758 866 propinqua:
2790 799 3051 867 regiones.
3085 800 3266 865 positae
3301 800 3349 851 in
3373 800 3525 865 ipsius
3541 800 3665 856 Ger-

2141 893 2334 944 maniae
2385 904 2479 945 ore
2509 905 2568 943 ac
2598 891 2857 954 faucibus,
2910 891 3187 944 hostilibus
3218 892 3598 946 excursimiibus
3619 902 3666 947 et

2141 979 2348 1048 injuriis
2370 979 2420 1032 in
2454 979 2635 1046 primis
2664 989 2898 1047 patuere.
2937 979 2983 1033 Is
3028 980 3230 1033 interea
3280 980 3378 1032 sibi
3429 979 3477 1034 in
3521 981 3665 1034 Gallia

2143 1069 2519 1126 subsidendum
2564 1069 2735 1133 duxit,
2788 1071 2993 1134 donec,
3036 1084 3164 1136 pace
3210 1079 3265 1123 et
3322 1069 3668 1136 tranquillitate

2143 1161 2304 1215 italiae
2342 1161 2561 1225 reddita,
2593 1171 2704 1214 tuto
2735 1173 3004 1228 paternam
3034 1161 3100 1214 ad
3129 1161 3395 1228 regionem
3421 1169 3564 1227 atque
3587 1159 3668 1213 do-

2145 1269 2290 1308 mum
2323 1251 2618 1322 remigrare
2641 1261 2842 1320 posset.
2863 1252 3001 1306 Sane
3033 1250 3170 1306 haud
3204 1251 3319 1319 ipse
3348 1266 3491 1318 atquo
3515 1251 3668 1304 animo

2144 1343 2198 1399 in
2247 1344 2410 1398 Gallia
2451 1344 2906 1408 commorabatur,
2943 1356 3040 1396 nec
3088 1353 3367 1410 propterea
3410 1341 3596 1412 videtur
3615 1355 3669 1394 ex

2145 1437 2306 1491 animi
2337 1427 2609 1505 p’r0posito
2659 1438 2884 1489 alienam
2936 1431 3204 1500 regionem
3260 1431 3435 1499 patriae
3481 1447 3534 1486 ac
3577 1433 3671 1486 suis

2144 1533 2529 1601 anteposuisse,
2561 1532 2646 1599 qui
2671 1530 2908 1584 scribens
2933 1529 2999 1583 ad
3021 1527 3248 1596 Lupum,
3284 1525 3373 1578 lib.
3392 1538 3603 1592 vu,cap.
3623 1522 3669 1590 9,

482 1633 576 1692 pus
613 1619 876 1669 ordinatus
915 1618 1011 1682 sit,
1068 1617 1277 1670 videtur
1309 1617 1374 1670 ad
1404 1627 1698 1671 extremum
1729 1616 1843 1684 ejus
1872 1618 2044 1672 artatis
2073 1612 2120 1671 B
2148 1623 2264 1678 hazc
2290 1625 2356 1677 de
2386 1638 2441 1676 se
2471 1622 2700 1688 loquitur
2721 1638 2738 1672 :

481 1716 693 1773 tempus
725 1709 773 1760 id
807 1707 1000 1761 factum
1050 1707 1276 1764 referre.
1331 1711 1400 1763 At
1456 1724 1578 1764 cum
1629 1709 1784 1780 Greg.
1843 1710 2043 1766 Turon.

483 1798 829 1853 Fortunatum
861 1802 970 1853 Silis
1001 1801 1052 1853 in
1099 1801 1244 1856 libris
1295 1803 1666 1871 presbyterum
1702 1803 1900 1870 passim
1954 1811 2047 1872 ap;

481 1891 666 1960 pellet,
700 1892 852 1946 aliter
886 1891 1093 1947 videtur
1113 1892 1481 1964 judicandum.
1503 1891 1633 1949 Nam
1664 1895 1698 1950 l.
1727 1911 1742 1948 ι
1769 1897 1833 1950 de
1859 1895 2045 1952 Mirac.

466 1983 649 2036 .sancti
687 1982 928 2046 Martini,
985 1998 1036 2038 c.
1067 1981 1172 2048 15,
1233 1985 1475 2040 eitmdem
1531 1997 1710 2051 aperte
1756 2004 2050 2041 conservum

482 2091 669 2141 suum,
727 2075 1067 2131 Fortunatam
1130 2080 1469 2147 presbyterum
1497 2091 1669 2133 v‘ocat.
1706 2084 1771 2134 At
1824 2081 2045 2149 Gregor.
2087 2121 2091 2126 ι

481 2165 685 2220 Turon.
720 2166 884 2221 libros
916 2168 980 2220 de
1001 2167 1179 2222 Mirac.
1203 2160 1370 2223 san'cti
1398 2170 1606 2224 Martini
1632 2173 2046 2242 conscripserat,

481 2263 765 2322 antequam
799 2254 1121 2310 Fortunatus
1159 2270 1286 2314 suos
1337 2257 1470 2312 illus”
1509 2273 1561 2312 tv
1616 2259 1682 2313 de
1714 2260 1828 2315 Vita
1881 2263 2048 2316 sancti

487 2341 695 2399 Martini
729 2346 966 2400 versibus
997 2358 1260 2414 exararet,
1290 2362 1408 2402 cum
1443 2349 1493 2403 in
1520 2350 1745 2418 epistola
1778 2352 1878 2406 illis
1908 2367 2049 2421 prte-

483 2441 583 2496 lea
626 2441 823 2495 scribat
856 2440 1133 2511 Gregorio,
1166 2452 1244 2511 ut,
1288 2457 1406 2496 cum
1444 2445 1682 2515 jussisset
1738 2461 1863 2515 Opus
1917 2445 2050 2500 illud

482 2535 617 2604 quod
667 2534 779 2603 ipse
810 2533 1098 2602 Gregorius
1129 2533 1190 2587 de
1236 2534 1503 2589 virtutibus
1529 2536 1689 2589 sancti
1722 2534 1934 2590 Martini
1963 2554 2052 2591 ea:-

483 2630 732 2694 plicuerat
758 2626 998 2680 versibus
1025 2625 1270 2694 exprimi,
1325 2605 1437 2680 sibi.
1475 2625 1606 2679 illud
1648 2624 2049 2693 transmitteret,

482 2718 624 2788 quod
654 2718 890 2771 carmine
918 2716 1382 2784 complecteretur.
1407 2714 1522 2769 Jam
1557 2730 1685 2770 vero
1719 2716 2041 2771 Fortunatus

485 2806 813 2863 elucubravit
843 2804 1004 2858 libros
1034 2819 1085 2856 tv
1110 2804 1176 2856 de
1207 2803 1323 2855 Vita
1353 2806 1519 2856 sancti
1573 2803 1807 2870 Martini,
1851 2812 2053 2858 sancto

487 2899 776 2961 Germano,
811 2892 1095 2949 Parisiensi
1121 2893 1380 2959 antistite,
1414 2892 1586 2960 adhuc
1614 2893 1919 2961 superstite,
1961 2894 2051 2963 qui

489 3005 577 3044 an.
611 2989 712 3044 576
741 3003 1047 3057 supremum
1084 2987 1228 3042 diem
1257 2989 1408 3054 obiit,
1442 2990 1514 3042 uti
1563 2975 1930 3044 adnotavimus
1985 2990 2051 3044 ad

491 3083 584 3139 lib.
625 3097 676 3136 tv
721 3082 830 3137 Vit.
877 3083 1048 3136 sancti
1095 3083 1325 3146 Martini,
1372 3098 1486 3150 pag.
1537 3081 1662 3135 470.
1722 3082 1804 3136 Ex
1863 3082 2055 3151 quibus

491 3172 768 3229 conficitur
820 3173 932 3240 jam
963 3187 1030 3226 ex
1065 3171 1157 3226 illo
1190 3179 1427 3240 tempore
1461 3170 1809 3225 Fortunatum
1837 3172 2056 3242 presby-

493 3274 663 3321 terum
695 3264 881 3318 fuisse.
931 3262 1068 3329 Quin
1099 3273 1154 3317 ut
1183 3263 1281 3317 hac
1326 3265 1380 3317 in
1423 3277 1481 3317 re
1528 3264 1664 3333 quod
1705 3259 1878 3318 sentio
1933 3277 2057 3332 pro-

494 3357 684 3418 feram,
717 3355 925 3409 videtur
954 3354 1078 3407 milii
1127 3353 1446 3408 Fortunatus
1495 3353 1604 3424 jam
1661 3362 1786 3408 tunc
1832 3355 2057 3409 clericus

495 3447 680 3510 fuisse,
705 3460 823 3501 cum
853 3447 921 3499 ab
952 3445 1098 3499 Italia
1127 3453 1210 3498 est
1230 3444 1530 3508 profectus;
1559 3444 1714 3509 idque
1737 3459 1801 3495 ex
1830 3458 1894 3494 eo
1922 3459 2056 3496 con-

497 3538 638 3607 jicio,
670 3536 808 3602 quod
841 3536 906 3586 ab
929 3533 1044 3601 ejus
1073 3547 1249 3586 comvo
1283 3531 1442 3600 Grcg.
1477 3531 1600 3585 Tur.
1632 3528 1904 3600 Presbyter
1944 3529 2059 3582 Ita-

499 3628 629 3680 licus
660 3627 854 3693 passim
882 3625 1208 3693 nominetur,
1238 3623 1394 3693 quem
1427 3622 1633 3678 titulum
1658 3623 1737 3678 vel
1766 3621 1879 3692 ejus
1903 3635 2062 3692 opera

502 3733 611 3789 pra:
643 3734 700 3773 se
735 3718 934 3775 ferunt.

573 3812 660 3867 49.
690 3811 856 3866 Multo
879 3823 1007 3863 vero
1032 3807 1301 3862 difficilius
1319 3815 1405 3861 est
1424 3813 1656 3860 statuere
1676 3818 1906 3872 quonam
1930 3810 2066 3859 tem-

500 3921 632 3975 pore
678 3905 820 3957 idem
865 3901 978 3966 ipse
1021 3899 1249 3963 hospitio
1289 3911 1411 3948 usus
1440 3896 1596 3947 fuerit
1649 3895 1935 3962 Agricolas,
1973 3910 2064 3948 seu

504 3994 827 4063 Agrméulte,
877 3987 1108 4056 episcopi
1136 3987 1540 4055 Cabillonensis,
1592 3986 1722 4051 sive,
1778 3995 1836 4040 ut
1881 3989 2067 4043 verisi-

505 4087 684 4141 militis
733 4082 965 4147 videtur,
1022 4078 1385 4141 Nivernensis,
1438 4078 1573 4132 sicut
1605 4080 1972 4138 adnotavimus
2002 4081 2067 4138 ad

508 4191 625 4245 cap.
652 4173 721 4227 24
752 4172 842 4228 lib.
869 4187 923 4226 lli
949 4171 1046 4240 Op.
1073 4170 1216 4224 Fort.
1240 4171 1286 4225 Is
1302 4169 1440 4224 enim
1464 4170 1697 4224 scribens
1717 4171 1781 4224 ad
1803 4175 2068 4238 eumdem,

2272 1711 2309 1760 E
2348 1711 2420 1759 sul
2439 1712 2498 1758 ab
2523 1711 2650 1760 Italia
2677 1719 2819 1768 nono,
2848 1713 2982 1768 puto,
3006 1707 3166 1756 volvor
3186 1718 3235 1753 in
3255 1717 3397 1764 anno,

2316 1726 2526 1819 ¥Littoris
2551 1773 2730 1819 Oceani
2755 1772 3064 1819 contiguante
3095 1767 3211 1815 salu.

2376 1776 2526 1821 ittoris
2551 1773 2730 1821 Oceani
2755 1767 3064 1829 conliguante
3095 1767 3211 1815 salu.

2269 1833 2507 1895 Tempora
2527 1842 2596 1882 tot
2618 1831 2830 1895 fugiunt,
2853 1839 2903 1879 et
2921 1832 3072 1877 adhuc
3099 1843 3184 1890 per
3200 1831 3372 1886 scripta
3391 1833 3622 1890 parentum

2331 1892 2503 1945 Nullus
2534 1896 2590 1942 ab
2609 1892 2822 1943 exclusis
2843 1906 2918 1940 me
2945 1895 3184 1944 recreavit
3207 1904 3349 1951 apex.

2147 1968 2335 2038 Adhuc
2361 1992 2485 2031 vero
2517 1976 2874 2030 miserabilius
2910 1990 3061 2027 suum
3100 1974 3167 2027 ab
3214 1974 3361 2029 Italia
3407 1973 3670 2042 digressum

2150 2069 2466 2124 lamentatur
2495 2065 2589 2119 lib.
2623 2083 2692 2131 \‘I,
2717 2080 2822 2131 cap
2851 2065 2934 2127 l0,
2967 2066 3047 2117 liis
3076 2065 3294 2118 verbis?

2243 2157 2450 2205 Tristius
2474 2168 2584 2203 erro
2608 2155 2767 2213 nimis,
2799 2155 2962 2214 patriis
2984 2165 3133 2212 vagus
3156 2152 3297 2202 exsul
3321 2153 3378 2199 ab
3399 2154 3507 2214 oris,

2301 2216 2454 2274 Quam
2478 2219 2541 2264 sit
2558 2215 2820 2277 Apolloniis
2839 2213 3096 2276 naufragus
3120 2216 3297 2275 hospes
3316 2216 3458 2275 aquis.

2221 2299 2311 2354 5f.
2359 2301 2539 2368 Neque
2579 2301 2737 2352 altera
2772 2300 3136 2369 praetereunda
3165 2311 3322 2351 eausa
3352 2307 3429 2352 est
3449 2296 3512 2349 ob
3539 2310 3673 2364 quam

2149 2391 2192 2447 is
2235 2392 2288 2446 in
2327 2390 2506 2446 Gallia
2532 2391 2903 2461 permanserit,
2934 2404 3032 2456 nec
3075 2389 3139 2442 ad
3182 2403 3310 2444 suos
3355 2388 3565 2458 amplius
3598 2401 3674 2442 re-

2148 2500 2334 2541 versus
2365 2487 2454 2540 sit.
2488 2485 2631 2539 Ilanc
2663 2493 2835 2538 autem
2867 2484 2980 2551 ipse
3008 2483 3160 2537 nobis
3183 2481 3414 2536 declarat
3448 2483 3536 2536 lib.
3563 2495 3662 2545 vui,

2150 2590 2268 2644 cap.
2295 2577 2348 2641 I,
2374 2577 2615 2642 inquiens
2641 2593 2653 2626 :

2247 2665 2496 2714 Martinum
2521 2667 2735 2723 cupiens,
2763 2669 2872 2712 voto
2905 2660 3217 2724 Radegundis
3241 2661 3431 2722 adhaesi,

2301 2727 2454 2784 Quam
2474 2726 2645 2786 genuit
2666 2724 2789 2774 coelo
2808 2732 2934 2773 terra
2956 2724 3163 2786 'I‘oringa
3188 2736 3344 2773 sacro.

2154 2810 2209 2870 id
2234 2819 2350 2874 est,
2395 2809 2512 2863 cum
2553 2823 2624 2863 eo.
2659 2809 2957 2863 consilio'in
3007 2808 3233 2863 Galliam
3288 2808 3541 2874 venisset,
3590 2821 3677 2876 quo

2155 2904 2324 2958 sancti
2344 2900 2546 2956 Martini
2576 2902 2879 2970 Sepulcrum
2904 2884 3174 2967 inviseret,
3197 2915 3258 2955 ac
3282 2916 3389 2955 sure
3415 2916 3531 2970 erga
3553 2901 3676 2954 illum

2160 2995 2336 3063 pietati
2365 2994 2694 3049 satisfaceret
2727 3033 2742 3058 ,
2787 2993 3145 3063 Radegundis,
3175 2995 3428 3063 piissimae
3475 2993 3672 3057 feminae,

2157 3087 2399 3154 precibus
2444 3101 2506 3140 ac
2541 3086 2676 3142 v0tis
2721 3094 2958 3141 retentus
2986 3095 3089 3149 est,
3118 3088 3401 3154 quominus
3432 3088 3479 3139 in
3503 3085 3677 3139 Italiam

2156 3187 2542 3238 reverteretur;
2574 3191 2636 3229 ac
2674 3175 2798 3229 inde
2839 3175 3035 3229 factum
3078 3187 3134 3229 ut
3161 3176 3215 3230 in
3259 3175 3425 3230 Gallia
3453 3176 3678 3244 reliquum

2157 3268 2277 3322 vitm
2307 3281 2416 3321 suae
2441 3268 2670 3335 spatium
2693 3265 3009 3320 traduceret.

2229 3360 2627 3428 52..Quoniam
2686 3373 2817 3430 vero
2863 3359 2932 3413 de
3000 3357 3323 3428 Radegunde
3379 3352 3562 3411 mentio
3615 3362 3682 3407 est

2160 3452 2318 3512 facta,
2340 3452 2491 3515 cujus
2515 3449 2744 3503 maxime
2774 3464 2936 3515 opera
2960 3450 3011 3503 id
3036 3450 3324 3518 prastitum
3356 3449 3469 3515 fuit,
3498 3455 3548 3501 ut
3573 3447 3681 3500 For-

2163 3546 2374 3592 tunatus
2429 3538 2483 3589 in
2531 3536 2699 3590 Gallia
2742 3547 3065 3598 remaneret,
3115 3552 3379 3603 quemque
3425 3541 3508 3589 illa
3545 3535 3683 3590 coluit

2163 3643 2398 3698 semper,
2430 3635 2589 3696 atque
2617 3626 2864 3679 omnibus
2897 3613 3228 3678 liberalitatis
3255 3635 3311 3680 et
3340 3624 3682 3679 benevolentia

2165 3719 2355 3776 officiis
2389 3728 2468 3777 est
2498 3726 2792 3788 prosecuta,
2827 3717 2966 3770 baud
3016 3716 3118 3769 erit
3175 3717 3406 3770 alienum
3459 3714 3522 3769 de
3564 3713 3683 3782 regio

2164 3812 2279 3882 ejus
2310 3825 2504 3881 genere
2533 3824 2595 3863 ac
2622 3806 2856 3873 fortuna,
2893 3822 2990 3860 nec
3019 3821 3121 3860 non
3165 3808 3233 3861 de
3275 3806 3478 3878 egregia
3519 3806 3682 3858 virtute

2167 3920 2228 3960 ac
2261 3905 2628 3969 sanctimoitia,
2674 3903 2922 3956 nonnulla
2955 3901 3154 3967 dicere,
3177 3900 3422 3970 equibus
3452 3899 3512 3952 ad
3543 3899 3684 3953 Vitam

2169 3997 2442 4052 Fortunati
2463 4007 2516 4051 et
2545 3999 2788 4065 pleraque
2832 3995 2946 4064 ejus
2983 4003 3223 4063 poemata
3254 3991 3550 4047 illustranda
3593 3991 3685 4060 piu-

2170 4088 2360 4147 rimum
2407 4088 2537 4141 lucis
2594 4087 2715 4140 addi
2768 4085 2949 4153 poSsit.
2999 4085 3121 4138 Fuit
3173 4085 3350 4152 itaque
3393 4080 3685 4153 Radegundis

2175 4180 2453 4246 Bei-tliarii,
2484 4182 2620 4249 regis
2645 4179 3055 4248 Tliuriugorum,
3087 4177 3218 4243 lilia,
3260 4191 3416 4246 quem
3443 4190 3552 4230 cum
3583 4174 3685 4226 lier-

510 4285 614 4326 non
646 4269 815 4322 solum
847 4281 904 4322 se
931 4280 1048 4322 cum
1083 4265 1173 4318 illo
1203 4263 1396 4324 vixisse
1426 4279 1530 4331 prze
1553 4277 1609 4318 se
1638 4263 1758 4331 fert,
1788 4266 1880 4319 sed
1910 4264 2070 4318 etiam
2097 4288 2149 4354 υ
2176 4273 2517 4345 menelridus,
2551 4286 2832 4341 germanus
2864 4272 3104 4339 ejusdem
3132 4271 3313 4336 frater,
3358 4269 3683 4339 Oppressisset,

509 4364 576 4418 ab
603 4364 804 4431 optimo
831 4359 1069 4428 ejusdem
1116 4365 1334 4425 parente
1378 4358 1621 4423 doctum,
1674 4357 1970 4416 institutum
2011 4370 2075 4416 ac
2175 4363 2540 4446 Radegundis,
2571 4365 2743 4418 adhuc
2775 4363 2970 4432 puella,
3003 4375 3154 4432 patre
3180 4366 3333 4431 orba,
3367 4361 3527 4432 patrui
3555 4362 3598 4415 in
3623 4369 3686 4413 itt-

511 4465 724 4524 pastum
759 4453 943 4524 fuisre,
977 4458 1198 4503 testatur
1229 4448 1373 4506 hisce
1400 4449 1642 4504 versibus
1678 4467 1691 4503 :

639 4563 753 4624 Cum
776 4573 881 4609 mea
908 4566 1204 4624 terramanu
1230 4560 1409 4624 meruit
1425 4560 1665 4624 genitoris
1687 4562 1833 4624 arari,

697 4621 942 4671 Reddatur
966 4623 1061 4667 nati
1088 4633 1285 4668 vomere
1317 4621 1441 4668 culta
1467 4623 1557 4669 sui.

635 4686 755 4743 Nam
778 4692 936 4745 pater,
957 4681 1133 4732 utiocto
1150 4681 1298 4745 dulci,
1317 4681 1648 4730 memorabilis
1665 4680 1791 4743 orbi,

704 4743 1046 4796 Me'vobiscum
1072 4753 1168 4791 uno
1189 4743 1302 4790 fovit
1324 4754 1487 4797 amore
1512 4745 1650 4798 duos.

638 4807 791 4872 corde
820 4817 1010 4872 parens,
1039 4813 1171 4862 paStu
1192 4805 1374 4872 nutrix,
1394 4804 1652 4872 bonusore
1675 4805 1927 4872 magister,

704 4864 906 4924 Dileait,
931 4866 1104 4924 nolint,
1129 4866 1279 4922 rexit,
1305 4865 1509 4924 bone-sta
1528 4864 1681 4914 dedit.
1754 4864 1758 4874 “

640 4900 742 4980 1υέ
746 4900 888 4990 ἱᾲῖοέῖ
893 4900 1214 4990 ἰιιὶῶἒίῌοὲῖἕ
1225 4900 1518 4990 Eii-3155;}
1527 4900 1593 4981 ἶιῖς

705 4985 1010 5049 οὗοάΡειιετ
1034 4985 1223 5050 effudit,
1248 4987 1338 5035 hoc
1360 4986 1477 5033 mihi
1499 4998 1539 5033 st
1558 4999 1670 5037 men
1691 4987 1786 5039 ale.

524 5095 635 5150 Hoc
681 5096 859 5163 itaque
902 5095 1134 5165 hospitio
1179 5107 1332 5156 usum
1384 5092 1697 5151 crediderim
1740 5095 2086 5154 Fortunatam

527 5197 806 5253 antequam
843 5186 1148 5254 Radegundi
1187 5185 1287 5257 (de
1331 5198 1429 5252 qua
1477 5199 1598 5243 mox
1632 5188 1744 5243 .erit
1771 5185 1988 5256 sermo)
2034 5194 2089 5243 et

528 5278 641 5345 ejus
690 5275 917 5345 negotiis
963 5277 1323 5334 conficiendis»
1362 5291 1421 5332 se
1477 5277 1690 5344 penitus
1732 5279 1898 5345 daret,
1930 5294 1960 5333 a
1987 5292 2088 5349 qua

528 5369 715 5422 deinde
741 5370 881 5423 haud
908 5369 1104 5426 diutius
1136 5373 1342 5424 videtur
1371 5368 1628 5426 abfuisse.

602 5459 688 5512 50.
721 5461 852 5515 Illud
883 5478 1011 5517 vero
1042 5460 1141 5517 hoc
1171 5464 1272 5519 loci
1294 5465 1460 5534 quatri
1491 5463 1653 5527 solet,
1679 5465 1993 5532 quibusnam
2024 5463 2092 5521 de

527 5550 706 5610 causis
736 5549 1074 5621 Fortunatus,
1105 5565 1447 5627 posteaquam
1478 5563 1656 5611 votum
1681 5571 1832 5610 suum
1857 5557 2088 5614 Turonis

2179 4455 2286 4509 tela
2311 4456 2496 4509 relicta
2528 4463 2610 4508 est
2639 4452 2816 4524 (Greg.
2847 4453 3040 4508 Turon.
3076 4469 3132 4509 Ill
3159 4453 3301 4509 Hist.
3332 4452 3540 4518 Frena,
3563 4468 3602 4505 c.
3627 4449 3685 4518 Α).

2173 4545 2369 4601 Postea
2398 4560 2528 4600 vero
2559 4543 2962 4600 Hermenefr’ido
3015 4549 3130 4614 ipso
3182 4561 3210 4598 a
3243 4545 3558 4602 Fracorutn.
3578 4541 3688 4608 regi-

2178 4635 2276 4691 bus
2329 4635 2562 4693 Clotario
2607 4640 2662 4689 et
2691 4635 3045 4691 .Theedorico
3093 4644 3346 4702 superato
3398 4641 3449 4688 et
3493 4629 3688 4691 devicto,

2182 4723 2364 4778 eadem
2389 4724 2439 4777 in
2464 4710 2699 4780 Gallianr
2730 4724 2952 4798 adducta
2977 4724 3186 4794 captiva
3214 4732 3329 4790 est;
3370 4722 3438 4778 de
3472 4735 3564 4793 qua
3598 4730 3691 4774 eum

2183 4817 2568 4874 Theodoricum
2621 4820 2758 4876 inter
2813 4835 2876 4874 ac
2919 4819 3216 4875 Clutarium
3260 4817 3525 4876 contentio
3544 4811 3693 4870 fuisset

2185 4920 2390 4976 exorta,
2443 4911 2547 4964 utri
2615 4897 2748 4964 uxbr
2792 4912 3111 4982 obtingeret,
3171 4913 3301 4967 vicit
3353 4909 3613 4971 Cloatius,
3647 4918 3692 4958 ac

2182 5002 2379 5068 eidem,
2406 5003 2582 5058 statim
2607 5012 2763 5071 atque
2793 5017 2887 5071 per
2907 5012 3116 5060 atatem
3143 5005 3331 5074 puella:
3354 5002 3516 5068 licuit,
3536 4997 3690 5067 nupsit.

2184 5103 2305 5143 cum
2334 5103 2454 5143 eam
2486 5091 2686 5142 interea
2717 5088 2858 5157 regia
2885 5088 2950 5143 in'
2978 5090 3100 5142 villa
3153 5089 3478 5160 educandam
3524 5100 3578 5139 ac
3616 5097 3689 5134 nu-

2185 5181 2452 5236 trieudam
2500 5181 2812 5236 custodibus
2845 5181 3149 5235 tradidisset
3191 5178 3395 5248 (ἴοι-ιη
3441 5195 3490 5232 η.
3517 5175 3550 5229 2
3593 5173 3692 5228 Vite

2192 5270 2372 5342 καφ).
2409 5272 2598 5328 Verum
2627 5273 2836 5340 regales
2879 5271 3074 5339 nuptia
3121 5269 3434 5339 deliciaque
3469 5267 3589 5323 aula
3619 5277 3692 5335 p0-

2193 5368 2500 5423 tentissimae
2529 5364 2657 5421 illud
2688 5363 2898 5434 pietatis
2925 5375 2988 5416 ac
3031 5361 3306 5430 religionis
3347 5360 3562 5417 studiutl
3583 5351 3692 5428 41οοῦ

2195 5466 2245 5517 in
2277 5463 2498 5529 puellula
2527 5463 2636 5533 jam
2676 5462 2944 5524 eluserat,
2980 5458 3136 5519 solita
3167 5457 3279 5520 suis
3307 5459 3542 5514 manibus
3567 5454 3693 5508 illi!

2195 5557 2440 5611 altarium
2473 5566 2671 5626 partem
2705 5563 2930 5624 tergere,
2977 5560 3029 5608 et
3073 5565 3353 5620 puerorum
3400 5550 3593 5610 clior“.
3631 5536 3693 5596 έί·
