3796 6354
1627 47 1657 75 χ

94 263 144 318 37
301 321 312 330 κ
1207 251 1358 308 Vl'l‘A
1401 248 1723 307 VENANTII
1762 249 2178 308 FORTUNATI.

1645 17 1761 24 -α

3218 248 3287 306 38

94 373 213 428 vinas
260 369 438 424 laudes
485 365 872 422 celebrantium
899 409 915 436 ,
973 365 1168 422 ducere
1188 405 1203 430 ,
1250 365 1379 419 nihil
1439 364 1613 419 immi-
1640 366 1689 428 Α
1717 380 1818 418 uno
1841 365 2068 418 residens
2090 363 2220 426 loco,
2241 377 2291 416 se
2315 361 2499 416 habere
2525 361 2740 434 gloriam
2765 370 2859 420 est.
2893 361 2969 418 Ad
2998 362 3296 432 petitionem‘

93 471 306 524 nuerunt,
350 458 442 512 sed
501 458 681 528 potius
729 457 1084 520 illustrarunt,
1135 455 1323 525 ntjain
1358 455 1624 511 diceretur

93 553 289 611 Clutario
313 567 340 604 a
370 551 483 603 suis
509 549 699 603 aulicis
729 550 910 602 habere
933 564 1045 602 eum
1071 557 1238 617 potius
1257 545 1491 616 jugalem
1515 562 1624 599 mo-

95 648 272 701 audiant
298 659 447 712 quam
476 644 723 712 reginam,
757 641 898 695 unde
925 649 1048 695 erat
1082 641 1135 694 in
1193 641 1332 693 illam
1382 653 1624 694 nonnun-

93 752 221 806 quain
248 732 499 802 asperior.
551 732 754 785 Interea
786 745 914 784 vero
942 728 1287 800 Radeguudis
1319 729 1502 795 frater,
1537 731 1621 783 in-

95 828 210 894 iuste
258 839 286 877 a
339 823 568 876 Clotario
596 821 879 885 occiditur,
910 835 982 874 ex
1012 821 1304 874 aulicorum
1334 816 1523 894 fraude
1557 833 1619 876 ac

100 913 310 983 perﬁdia.
341 912 452 965 llnc
482 912 569 964 illa
606 920 816 978 tempus
838 918 892 964 et
918 911 1255 965 occasionem
1287 891 1463 971 nacta:
1520 907 1622 964 sibi

93 1023 117 1062 a
138 1004 353 1060 Clotario
381 1003 745 1057 recedendum
793 1001 1028 1067 censuit,
1083 1015 1145 1054 ac
1175 1002 1518 1054 moaasticam
1547 999 1625 1054 vi-

96 1105 204 1156 tam,
227 1094 366 1163 cujus
398 1092 578 1146 studio
605 1091 659 1145 in
686 1092 870 1161 primis
897 1093 1198 1157 tenebatur,
1231 1089 1484 1159 cogitavit
1510 1104 1622 1145 am-

91 1188 243 1259 plecti.
289 1186 460 1256 ltaque
505 1185 569 1239 ad
603 1184 813 1239 beatum
845 1184 1172 1248 Medardum,
1205 1183 1620 1240 Noviomensem

88 1276 369 1340 antistitem,
403 1275 602 1330 directa
631 1289 658 1328 a
685 1289 813 1344 rege
841 1276 1090 1344 conjuge,
1122 1291 1242 1330 eum
1271 1277 1522 1337 venisset,
1551 1275 1620 1330 ab

89 1369 253 1424 eodem
279 1367 433 1436 ccepit
462 1368 811 1434 contendere,
844 1380 897 1422 ut
923 1383 1062 1437 sese,
1095 1379 1294 1423 mutata
1321 1379 1492 1434 veste,
1521 1369 1624 1423 Do-

91 1464 214 1516 mino
239 1471 586 1517 consecraret.
610 1461 761 1528 Quod
787 1461 878 1516 ille
899 1461 1073 1530 primo
1104 1475 1381 1526 recusans,
1417 1460 1621 1516 veritus

90 1564 143 1603 ae
168 1549 372 1605 Clotarii
398 1549 812 1618 indignationem
849 1551 902 1603 in
943 1557 1114 1602 semet
1151 1549 1446 1615 excitaret,
1500 1562 1616 1613 pos-

91 1650 242 1693 tremo
268 1640 416 1693 cessit
447 1639 714 1706 precibus,
745 1653 808 1692 ac
831 1639 1003 1692 velum
1029 1639 1142 1706 ejus
1168 1639 1326 1707 capiti
1349 1640 1623 1706 imposuit,

1722 466 1918 510 sanctre
1947 455 2081 507 misit
2124 455 2300 523 imper.
2338 452 2611 524 legatarios
2639 470 2751 509 cum
2783 453 3069 525 Erangeliis
3095 472 3218 510 auro
3242 463 3290 513 et

1720 547 1929 619 gemmis
1957 547 2169 600 ornatis.
2233 571 2235 576 ·

1792 633 1882 690 55.
1935 635 2057 690 llu-c
2086 645 2259 688 autem
2290 634 2500 690 occasio
2535 635 2626 689 fuit
2657 633 2951 690 Fortunato
2979 643 3036 688 ut
3065 635 3293 706 hymnos

1720 730 2006 782 nonnullos
2046 739 2099 784 et
2131 737 2378 797 poemata
2422 728 2522 784 alia
2567 728 2899 782 elucubraret
2939 728 2990 783 in
3035 728 3292 785 honorem

1723 827 1924 873 sancta:
1979 820 2188 885 crucis,
2237 832 2354 888 quae
2407 819 2546 874 inter
2585 819 2990 875 Celeberrimum
3034 819 3166 874 illud
3208 828 3293 876 est

1723 909 1862 976 quod
1893 907 2078 974 incipit
2111 906 2314 962 Vexilla
2347 906 2499 976 Rrgis
2521 908 2806 978 prodeunt,
2840 908 3094 963 Ecclesim
3126 910 3293 978 ipsius

1722 1011 1820 1052 usu
1845 997 2167 1068 jampridem
2200 1008 2588 1055 consecratum.
2622 999 2768 1056 Idem
2801 1012 3054 1070 praeterea
3082 1002 3297 1070 scripsit

1723 1090 1984 1159 prolixum
2020 1104 2207 1158 poema
2227 1131 2243 1156 ,
2277 1105 2415 1158 quo,
2451 1091 2788 1160 liadegundis
2819 1083 3066 1159 uomin’e,
3093 1095 3297 1162 gratias

1731 1180 1837 1250 agit
1865 1179 2151 1236 Justino‘et
2181 1180 2594 1250 Sopliire'Augg.
2627 1195 2722 1250 pro
2761 1182 2940 1238 missis
2983 1184 3048 1238 ad
3093 1199 3151 1240 se
3180 1200 3297 1254 pre-

1728 1269 2030 1324 tiosissirnis
2061 1271 2394 1336 muneribus,
2425 1272 2618 1340 quibus
2647 1282 2816 1329 totum
2845 1273 3189 1334 Occidentem
3231 1277 3296 1335 il-

1727 1349 2015 1416 lustratum
2049 1369 2100 1413 et
2129 1369 2374 1416 ornatum
2407 1359 2568 1416 fuisse
2596 1358 2847 1416 afﬁrmat.

1796 1446 1884 1502 56.
1915 1449 2044 1516 Quae
2071 1464 2199 1504 vero
2227 1458 2281 1504 et
2320 1461 2517 1520 quanta
2567 1450 2912 1508 Fortunatum
2944 1452 3082 1508 inter
3109 1462 3161 1508 et
3194 1453 3296 1508 Ra-

1731 1542 2032 1610 degundcm
2082 1544 2446 1612 Agnetcmqne
2496 1541 2775 1600 interesset
2803 1557 3025 1599 summa:
3057 1544 3295 1612 pietatis,

1728 1629 2158 1696 benevolentiae,
2218 1631 2520 1696 charitatis,
2579 1632 2951 1698 necessitudo,
3005 1642 3172 1702 eaQue
3224 1635 3293 1690 ab

94 1739 184 1792 quo
202 1739 308 1778 earn
335 1723 796 1776 sanctimonialem
821 1721 1138 1776 declararet.
1171 1724 1258 1776 Illa
1291 1733 1469 1778 autem
1501 1725 1622 1781 inde
1654 1716 1702 1778 Β
1729 1725 1872 1778 omni
1904 1725 2077 1778 aliena
2128 1723 2427 1792 petulantia:
2456 1723 2757 1792 suspicione
2786 1713 3110 1792 ac'periCulo
3131 1765 3146 1789 ,
3178 1727 3290 1792 ipse

91 1814 300 1882 digressa
332 1812 558 1867 Turonis
589 1812 654 1865 ad
686 1811 958 1866 basilicam
999 1813 1165 1870 sancti
1198 1811 1406 1867 Martini
1440 1817 1618 1884 venit,

91 1917 185 1960 tum
212 1905 400 1960 Suedas
429 1905 678 1968 accessit,
709 1904 885 1957 villam
917 1905 1028 1973 agri
1054 1904 1420 1970 Picturiensis,
1465 1916 1622 1975 atque

88 1996 198 2058 illic,
220 1985 529 2050 monasterio
555 2002 851 2056 exstructo,
888 1993 956 2047 ad
984 2004 1279 2048 extremum
1308 2010 1472 2062 usque
1500 1997 1622 2051 vita:

87 2085 211 2138 diem
240 2085 562 2138 sanctissime
593 2084 721 2138 vixit
750 2082 946 2153 (Fam,
981 2085 1132 2150 ibid.,
1164 2100 1212 2139 ε.
1243 2084 1355 2154 12).
1401 2084 1476 2140 De
1519 2101 1621 2153 qua

87 2176 149 2227 uti
172 2174 340 2229 scribit
381 2175 541 2244 Greg.
569 2175 721 2240 Tur.,
765 2177 854 2228 lib.
887 2192 940 2230 tu
983 2175 1116 2230 Hist.
1151 2177 1364 2239 Frauc.,
1395 2193 1510 2246 cap.
1541 2177 1570 2230 7
1605 2196 1617 2232 ;

89 2265 266 2319 Nitrata
311 2277 453 2330 veste,
511 2269 874 2321 monasterium
930 2269 1022 2320 sibi
1063 2270 1200 2338 infra
1254 2271 1622 2331 l’ictavienscm

90 2357 241 2410 urbem
260 2359 563 2422 construxit;
607 2374 720 2427 qua
768 2359 1110 2424 orationibus,
1153 2361 1400 2429 jejtmiis,
1456 2350 1624 2432 uigilis

87 2452 215 2509 atque
248 2447 584 2514 elemosynis,
627 2447 840 2514 prwdita
865 2490 880 2515 ,
936 2449 990 2500 in
1043 2459 1239 2502 tantum
1283 2450 1518 2516 emicuit,
1565 2457 1623 2503 ut

88 2548 249 2602 magna
273 2533 323 2585 in
344 2535 540 2600 populis
568 2536 858 2588 haberetur.

147 2624 228 2680 53.
256 2625 308 2678 In
335 2624 430 2678 hoc
455 2633 632 2678 autem
662 2623 970 2680 Pictaviensi
999 2628 1320 2688 monasterio
1343 2630 1619 2696 Agaetem,

85 2715 318 2780 virginem
363 2715 613 2783 singulari
661 2715 854 2783 pietate
901 2729 964 2768 ac
1013 2716 1204 2770 virtute
1251 2728 1620 2784 praestantem,

86 2817 220 2869 quam
266 2803 389 2856 olim
438 2803 686 2856 ancillam
738 2803 1034 2869 habuerat,
1085 2815 1138 2858 et
1184 2821 1340 2872 quam
1386 2823 1414 2859 a
1459 2810 1622 2876 prima

85 2902 220 2948 aetate
262 2895 366 2948 loco
410 2894 534 2961 filice
581 2897 671 2964 (ut
702 2896 867 2963 ipsius
899 2895 1236 2965 ltadegnndis
1268 2898 1441 2953 verbis
1473 2899 1622 2966 utar)

85 2985 316 3049 coluerat,
354 2995 398 3040 et
434 2988 763 3052 educaverat,
809 2989 1114 3041 abbatissam
1151 2993 1436 3057 constituit,
1476 3008 1534 3044 ac
1568 3008 1621 3047 se

83 3086 180 3142 post
231 3077 386 3149 Deum
436 3082 546 3148 ejus
595 3079 902 3132 ordinationi
955 3081 1254 3149 regulariter
1304 3083 1619 3138 obediturant

82 3147 325 3217 commiuit.
370 3163 423 3218 Id
458 3147 610 3219 enim
654 3167 721 3220 de
762 3181 818 3222 se
861 3167 972 3232 ipsa
1012 3147 1229 3235 latetur,
1278 3174 1413 3239 apud
1462 3174 1620 3244 ϐενε.

82 3251 219 3318 Tun,
250 3252 338 3307 lib.
371 3267 424 3306 rx
447 3293 468 3329 ,
495 3268 612 3323 cap.
644 3254 735 3338 42.
779 3260 1035 3324 Quocirca
1077 3262 1220 3317 canit
1257 3262 1326 3319 de
1369 3263 1454 3319 illa
1493 3264 1596 3322 For

83 3348 306 3409 tuna'tus,
337 3344 429 3398 lib.
463 3360 594 3412 vin,
625 3361 742 3416 cap.
776 3350 801 3404 1
837 3367 852 3402 :
1585 3361 1589 3366 '

183 3455 332 3527 Regia
355 3457 564 3527 lactineo
583 3473 879 3527 comminans
903 3465 1044 3525 pallia
1069 3467 1224 3527 cultu,

245 3519 393 3579 γιιίογ
411 3520 593 3568 ancilltn
622 3526 770 3572 vestis
793 3519 945 3572 aurata
971 3531 1112 3579 tegit.

183 3575 435 3650 Splendida
457 3591 650 3650 serraco
672 3579 910 3650 quondam
934 3575 1162 3634 subvecta
1189 3590 1420 3650 superbo,

242 3637 376 3684 Nunc.
399 3646 507 3684 IPt‘Il
534 3639 631 3702 on-
653 3637 765 3702 qiuo
791 3644 949 3702 planta
975 3650 1186 3694 tumlvsta
1207 3637 1376 3698 lu'tum.

182 3695 291 3773 Qua:
317 3702 447 3773 prius
470 3691 884 3773 insertis'utiei'ata
912 3714 987 3773 est
1014 3691 1188 3773 dextri;
1209 3691 1496 3773 siiu'ii'gun,

235 3759 393 3807 Servlt
419 3761 512 3815 itit);
529 3771 552 3806 s
573 3763 774 3820 l‘altittlts,
799 3767 1075 3820 sedulitate,
1103 3770 1220 3816 suis.

179 3818 309 3891 Aula:
331 3821 458 3891 celsa
483 3833 664 3891 regens
688 3818 944 3890 quondam,
960 3818 1241 3891 riipdojussa
1267 3831 1522 3891 ministrat,

199 3939 206 3942 _
236 3881 352 3936 Quae
370 3878 658 3928 dominandu
677 3878 830 3943 prius,
851 3878 978 3934 nuuc
999 3878 1267 3936 fanuitando
1293 3891 1466 3950 placet.

75 3997 200 4052 Idem
225 4001 462 4056 scribens
485 4003 548 4057 ad
576 4007 832 4072 Agnetem
853 4047 866 4073 ,
892 4007 981 4062 lib.
1012 4025 1138 4079 vin,
1168 4027 1283 4082 cap.
1313 4013 1367 4082 4,
1397 4016 1472 4071 sic
1501 4032 1615 4072 eum

71 4088 334 4159 alloquitur
360 4109 377 4148 :
890 4111 897 4114 ·

177 4202 378 4272 Sedtibi
407 4219 502 4268 prio
522 4208 724 4272 reliquis
746 4207 897 4260 Mater
921 4211 993 4272 pia
1014 4213 1202 4260 charior
1221 4214 1380 4272 instat,

235 4263 380 4328 Eligit
406 4263 604 4316 excelso
625 4263 900 4320 consociare
921 4263 1085 4319 choro.

176 4323 274 4398 Re:
297 4323 464 4388 ﬁrmat
487 4333 585 4389 ipsa
613 4338 792 4398 tamen,
817 4334 1038 4398 quoniam
1063 4344 1170 4394 quae
1195 4332 1286 4382 illia
1307 4341 1514 4398 constas,

234 4385 308 4435 Te
329 4385 532 4437 matrem
557 4393 682 4437 vom
705 4385 1038 4452 upt'at'hubere
1063 4385 1228 4452 suam;

177 4445 430 4519 Quamque
449 4453 552 4499 suis
574 4445 785 4509 genibus
801 4451 991 4519 charam
1007 4445 1492 4519 ‘nutrivit'alumnam,

238 4507 440 4556 Prmtlcit
465 4507 588 4556 ecce
602 4523 690 4558 suo
713 4514 1044 4560 constituenda
1066 4514 1187 4563 loco.

174 4565 358 4635 Etﬂute
379 4576 429 4616 te
449 4581 644 4635 semper
660 4572 819 4619 baculi
845 4577 1170 4624 moderamine
1187 4579 1336 4635 rexit,

233 4628 458 4690 Prompta
480 4628 572 4678 sub
593 4634 798 4692 imperio
818 4635 919 4682 vult
937 4639 1088 4696 magis
1111 4651 1220 4686 esse
1237 4628 1339 4688 tuo'.

129 4745 213 4798 5i.
240 4745 457 4801 Summa
497 4762 626 4802 vero
672 4747 981 4821 Rade'gundi
1025 4752 1246 4810 facultas
1276 4763 1330 4810 et
1366 4763 1619 4824 opportu-

64 4836 190 4890 nitas
221 4836 349 4901 fuit,
385 4852 498 4906 .pro
546 4839 690 4908 regia
732 4841 968 4910 ejusdem
1009 4847 1320 4913 cognatione
1361 4859 1424 4900 ac
1460 4861 1619 4916 gene-

66 4938 148 4986 re,
193 4919 319 4978 illud
369 4939 519 4979 suum
569 4927 905 4987 Pictaviense
946 4936 1326 4990 monasterium
1371 4938 1618 5004 pretiosis

65 5015 361 5070 muneribus
391 5016 564 5073 ditare
586 5060 601 5084 ,
633 5018 772 5076 inter
799 5037 915 5092 qua:
949 5037 1009 5078 ea
1040 5026 1306 5094 praecipue
1337 5032 1618 5082 numeran-

66 5114 142 5158 tur
168 5120 284 5175 quae
316 5108 430 5173 ipsa
461 5121 489 5159 a
521 5107 730 5164 Justino
773 5111 960 5180 imper.
986 5153 1002 5178 ,
1047 5127 1187 5168 anno
1229 5116 1440 5169 circiter
1479 5116 1579 5170 569
1600 5157 1617 5184 ,

64 5195 213 5250 inissa
253 5195 318 5248 ad
358 5197 602 5252 eumdem
631 5201 891 5270 legatione
917 5242 931 5266 ,
963 5201 1300 5270 impetravit,
1337 5203 1616 5269 plurimum

63 5287 360 5360 ctiufereute
411 5286 474 5339 ad
527 5303 643 5342 eam
694 5305 806 5344 rem
856 5291 1102 5360 Sigiberti
1151 5304 1316 5360 opera‘
1343 5303 1396 5346 et
1427 5298 1616 5362 gratia.

65 5373 305 5439 Sonitu,
341 5387 397 5427 ut
423 5378 490 5428 de
520 5376 634 5444 ipsa
661 5380 851 5434 scribit
882 5381 1205 5434 Bandunivia
1239 5385 1288 5434 in
1320 5383 1434 5450 ejus
1471 5384 1616 5450 Vita,

63 5475 196 5516 nunt.
226 5462 259 5516 8
285 5481 296 5515 :
331 5465 480 5528 Quod
510 5481 602 5517 sua
630 5477 743 5518 nota
770 5469 1039 5536 poscebant
1067 5472 1310 5534 obtinuit,
1340 5484 1391 5523 ut
1420 5475 1618 5527 beatum

63 5545 240 5614 lignus!
283 5559 445 5614 crucis
483 5554 722 5623 Domini,
766 5572 895 5610 auro
936 5570 981 5610 ct
1007 5561 1216 5628 gemmis
1257 5569 1527 5621 ornatum,
1573 5573 1618 5615 et

61 5639 232 5695 multas
276 5653 567 5700 sanstorum
612 5648 886 5718 reliquias,
929 5666 1058 5719 quas
1109 5653 1292 5708 Oriens
1335 5655 1615 5731 retinebat,

1645 3047 1692 3107 Ο

1727 1813 1877 1868 nobis
1912 1813 2233 1867 Fortunatus
2264 1811 2412 1867 testis
2439 1813 2538 1879 sit,
2570 1811 2663 1870 lib.
2695 1827 2751 1868 xi
2771 1855 2786 1882 ,
2817 1827 2935 1882 cap.
2968 1809 3024 1878 6,
3053 1814 3293 1870 scribens

1721 1905 1785 1958 ad
1817 1906 2073 1972 Agnetcm
2108 1903 2258 1960 hisce
2288 1906 2531 1961 versibus
2561 1920 2575 1957 :

1843 1993 1996 2054 Mater
2015 1995 2196 2042 honore
2215 1997 2354 2054 mihi,
2382 2006 2514 2042 soror
2539 1999 2699 2042 autem
2718 1993 2872 2046 dulcis
2893 2005 3076 2054 amore,

1905 2053 2052 2107 Quam
2075 2054 2275 2112 rdetate,
2304 2053 2416 2112 tite,
2444 2061 2662 2112 pectore,
2681 2054 2825 2103 corde
2853 2055 2976 2113 colo,

1843 2112 2038 2161 C(Plesti
2063 2113 2256 2172 an‘ectu,
2285 2127 2378 2174 non
2404 2115 2604 2174 crimine
2624 2117 2840 2174 corporis
2860 2112 2977 2173 ullo,

1904 2174 2006 2222 Non
2028 2186 2159 2236 curo,
2183 2176 2270 2236 sed
2286 2173 2377 2222 huc
2400 2174 2526 2236 quod
2552 2173 2760 2236 Spiritus
2783 2183 2934 2236 Optat,
2961 2187 3082 2224 amo.

1843 2233 2007 2297 Testis
2032 2232 2166 2281 adest
2187 2232 2428 2293 Christus,
2450 2232 2599 2283 Petro
2619 2232 2864 2297 Pauloque
2889 2237 3142 2297 ministris,

1905 2296 2117 2354 Cumque
2141 2298 2228 2355 piis
2250 2298 2392 2344 sociis
2409 2306 2567 2357 sancta
2591 2295 2737 2344 Maria
2764 2296 2917 2357 videt,

1845 2347 2054 2420 Τφηάιιί
2082 2347 2176 2404 non
2197 2357 2302 2406 aliis
2323 2347 2474 2404 Oculis
2506 2359 2763 2420 animoque
2789 2347 2955 2420 fuisse,

1904 2418 2054 2474 Quam
2081 2429 2215 2466 soror
2236 2430 2294 2465 ex
2325 2427 2464 2464 utero
2482 2427 2552 2476 tu,
2580 2418 2783 2474 'l‘iliann,
2809 2418 2957 2476 foros,

1844 2456 3016 2542 iq.i“i'.'..;_;;;;i.:nisi".uaeas;ns;;.1;;.:.t.

1905 2537 2182 2586 Visceribus
2203 2540 2345 2586 castis
2369 2545 2734 2599 progenuisset,
2761 2552 2912 2590 eram.

1792 2616 1881 2670 57.
1914 2615 2072 2671 Suam
2119 2631 2246 2670 vero
2296 2619 2611 2684 praecipuam
2659 2619 2971 2674 charitaiem
3020 2621 3072 2673 in
3118 2620 3296 2678 Κεάδα.

1722 2705 1949 2775 gundem
2005 2706 2237 2761 declarat
2271 2707 2363 2760 lib.
2399 2721 2488 2770 χι,
2521 2722 2638 2772 cap.
2670 2707 2734 2772 2,
2769 2707 2850 2761 bis
2873 2711 3144 2776 uersibus,
3177 2712 3293 2777 qui—
3328 2702 3331 2706 ’

1723 2795 1844 2863 bus,
1876 2811 1996 2849 cum
2031 2796 2116 2849 illa
2146 2810 2204 2849 se
2233 2795 2528 2851 includeret
2553 2798 2633 2866 (ut
2660 2797 2793 2850 infra
2818 2798 3108 2868 dicentur),
3135 2814 3290 2858 suum

1727 2889 1777 2941 in
1813 2888 1980 2957 ip~am
2012 2887 2346 2942 desiderium
2367 2889 2618 2956 exprimit
2640 2930 2656 2954 ,
2690 2889 2930 2958 inquiens
2963 2909 2972 2942 :

1845 2979 1950 3041 Qui)
1974 2980 2079 3026 sine
2108 2989 2186 3023 me
2207 2989 2313 3041 mea
2333 2977 2412 3025 lux
2439 2977 2595 3026 oculis
2623 2982 2894 3028 errantibus
2915 2980 3062 3041 abdit,

1907 3037 2007 3084 Nec
2032 3045 2206 3094 patitur
2229 3040 2328 3084 visu
2367 3052 2422 3085 se
2449 3051 2673 3086 reserare
2695 3041 2840 3090 meo?

1848 3097 2014 3164 omnia
2038 3099 2282 3164 conspicio
2305 3097 2447 3164 simul
2473 3099 2674 3164 aethera,
2696 3101 2912 3164 numina,
2938 3107 3120 3152 terram
3136 3118 3150 3164 ;

1906 3159 2022 3207 Cnin
2048 3166 2097 3206 te
2123 3171 2216 3221 non
2243 3159 2399 3221 video.
2425 3160 2669 3221 suntmilii
2694 3167 2863 3209 cuncta
2893 3159 3078 3221 parum.

1845 3218 2071 3286 Quamvis
2094 3219 2156 3266 sit
2178 3219 2372 3286 coelum.
2402 3219 2578 3286 nebula
2603 3217 2840 3286 fugiente.
2870 3216 3142 3286 serenum,‘

1904 3281 1976 3332 'l'e
1998 3281 2212 3341 celante,
2233 3281 2347 3330 mihi
2373 3289 2468 3330 stat
2489 3283 2595 3330 sine
2619 3283 2722 3331 sole
2747 3283 2872 3332 dies.

1792 3362 1880 3417 58.
1913 3364 2109 3418 llarum
2140 3378 2268 3418 vero
2298 3362 2348 3418 in
2380 3379 2438 3419 se
2465 3366 2877 3421 muuilicentiam
2905 3381 2970 3424 ac
3012 3367 3292 3423 liberalita-

1727 3462 1834 3508 tem
1889 3454 1999 3506 suis
2048 3467 2192 3519 stepe
2243 3453 2570 3511 carminibus
2611 3455 2878 3518 celebrat,
2929 3455 3141 3522 quibus,
3195 3469 3290 3523 ιιι-ο

1721 3523 1897 3592 missis
1927 3537 2285 3603 munusculis,
2321 3537 2510 3592 iisdem
2541 3542 2742 3608 gratias
2769 3542 2877 3611 agit
2907 3558 2920 3607 ;
2952 3543 3090 3612 quod
3119 3559 3278 3613 quem

1723 3627 1914 3682 crebro
1948 3629 2129 3693 fieret,
2165 3626 2296 3681 satis
2325 3627 2563 3686 iudicant
2593 3629 2707 3686 haec
2738 3629 2855 3699 ejus
2884 3633 3064 3701 verba,
3095 3635 3283 3704 quibus

1719 3719 1784 3772 ad
1817 3721 2073 3788 Agnetetn
2105 3717 2323 3782 scribit,
2359 3717 2454 3772 lib.
2489 3733 2571 3784 x1,
2603 3733 2724 3785 cap.
2755 3722 2788 3774 9
2820 3738 2831 3773 :

1845 3826 2052 3892 Portitor
2069 3827 2127 3873 ad
2146 3831 2301 3892 tantos
2318 3828 2496 3892 missus
2515 3839 2606 3892 non
2628 3830 2801 3879 sullicit
2824 3844 2968 3892 unus,

1902 3891 2155 3934 Lassarunt
2174 3889 2329 3948 Atuties
2354 3889 2435 3947 qui
2454 3891 2650 3937 rediere
2683 3894 2848 3948 pedi-s.

1839 3946 2036 4009 Singula
2060 3958 2151 3995 nec
2174 3938 2477 4008 lefero,quia
2499 3938 2887 3998 metua'muuera
2901 3953 3098 4001 vincunt
3120 3954 3288 4016 (etc).

1718 4027 1859 4082 Idem
1907 4042 1965 4081 se
2013 4027 2210 4094 pluries
2253 4027 2498 4080 convivio
2541 4027 2608 4082 ab
2654 4029 2856 4083 eisdem
2901 4041 3180 4093 exceptum
3226 4047 3289 4088 ac

1722 4120 1863 4171 laute
1915 4127 2123 4186 pastum
2157 4117 2321 4170 fuisse
2349 4118 2635 4185 signiﬁcat,
2666 4132 2728 4171 ac
2757 4121 2895 4172 inter
2919 4130 3114 4176 Caetera
3138 4164 3152 4186 ,
3188 4123 3286 4178 lib.

1719 4221 1807 4270 χι,
1842 4220 1958 4273 cap.
1995 4206 2080 4269 11,
2115 4207 2392 4271 prandium
2444 4214 2828 4259 commemorat
2851 4245 2868 4270 ,
2899 4221 2958 4261 ac
2991 4210 3289 4278 describit,

1715 4295 1874 4364 quod.
1910 4295 2008 4349 sibi
2054 4297 2119 4348 ab
2153 4297 2358 4365 Agnete
2405 4294 2757 4364 instructum,
2788 4312 2852 4352 ac
2879 4300 3042 4353 rariis
3071 4299 3290 4358 floribus

1639 4377 1694 4440 Ι)
1719 4395 1772 4442 et
1797 4383 2100 4447 frondibus,
2136 4385 2201 4441 ad
2231 4386 2463 4454 Speciem
2499 4387 2636 4440 horti
2673 4387 2969 4455 viridantis,
3003 4391 3197 4457 pictum
3230 4402 3286 4447 et

1718 4489 1962 4535 ornatum
1989 4477 2166 4532 fuerat
2186 4516 2202 4539 ,
2228 4492 2292 4530 ex
2324 4477 2516 4543 quibus
2547 4477 2753 4531 illarum
2784 4493 2907 4547 erga
2939 4478 3284 4538 Fortunatum
3344 4500 3350 4506 '

1719 4568 1985 4638 diligentia
2017 4580 2081 4620 ac
2110 4565 2366 4620 sedulitas
2397 4565 2628 4634 perspici
2659 4574 2850 4635 potest.

1791 4659 1880 4715 59.
1916 4659 2044 4714 ﬂre
2073 4672 2200 4712 vero
2231 4658 2369 4712 inter
2405 4659 2525 4712 illos
2552 4671 2730 4713 mutua
2761 4659 2992 4716 charitas
3021 4670 3075 4715 et
3101 4673 3288 4716 neces-

1719 4750 1895 4805 situdo
1923 4761 2104 4804 mouet
2133 4758 2190 4804 nt
2219 4757 2517 4818 quaeramus
2541 4765 2649 4819 quo
2677 4751 2855 4805 ofﬁcio
2885 4754 3145 4820 maxime,
3183 4769 3277 4808 seu

1718 4855 1972 4908 munere,
2023 4841 2159 4908 apud
2209 4841 2635 4909 religiosissimas
2686 4842 2909 4898 feminas
2959 4843 3286 4902 Fortunatus

1720 4931 2044 5002 fungeretur.
2073 4931 2176 4986 Sed
2205 4941 2329 4986 ante
2357 4932 2599 5000 qiitedam
2631 4936 2860 4990 notanda
2891 4946 3030 4991 sunt.
3065 4938 3138 4991 Ac
3171 4937 3276 5003 pri-

1719 5035 1862 5074 muin
1891 5021 2018 5075 illud
2049 5020 2433 5087 animadverto,
2469 5007 2735 5092 singulare
2762 5040 2972 5094 semper
3000 5024 3286 5094 Radeguu-

1717 5113 1799 5169 dis
1828 5115 2058 5168 studium
2093 5113 2144 5166 in
2181 5112 2262 5168 bis
2289 5115 2524 5169 colendis
2550 5125 2604 5172 et
2629 5118 3220 5186 audiendis‘exstitisse,
3254 5135 3284 5176 a

1719 5205 1910 5274 quibus
1949 5206 2013 5259 ad
2057 5206 2303 5272 pietatem
2344 5222 2406 5261 ac
2446 5210 2756 5278 religionem
2796 5212 2996 5266 institui
3029 5226 3278 5283 ροηδε-ηις

1719 5309 1834 5363 qua:
1860 5335 1874 5358 ,
1917 5303 1974 5346 ut
2013 5297 2197 5348 scribit.
2237 5295 2557 5351 Fortunatus
2597 5299 2647 5350 in
2689 5298 2802 5365 ejus
2837 5299 2983 5359 Vita.
3027 5317 3169 5354 nurn.
3203 5300 3279 5356 8:

1721 5386 1800 5436 Ad
1832 5387 1944 5452 ejus
1973 5387 2256 5455 Opinionem
2285 5387 2329 5439 si
2356 5389 2466 5456 quis
2493 5404 2746 5442 servorum
2780 5388 2873 5441 Dei
2900 5392 3034 5443 visus
3067 5392 3238 5457 [uisset
3263 5430 3280 5457 ,

1718 5480 1793 5532 vel
1822 5494 1909 5549 per
1939 5496 2014 5533 se.
2047 5479 2122 5530 rel
2152 5490 2388 5540 cuculus.
2420 5497 2714 5544 occurrere,
2747 5489 2934 5536 uideres
2959 5487 3100 5535 illam
3133 5493 3279 5538 cale-

1719 5568 1889 5621 leslem
1917 5568 2096 5622 habere
2127 5571 2356 5622 lcetitmm
2391 5609 2402 5623 .
2441 5609 2451 5622 .
2489 5609 2499 5622 .
2533 5575 2758 5640 sequenti
2788 5575 2867 5626 die
2895 5591 3066 5628 curam
3097 5581 3280 5630 domus

1720 5660 2037 5715 committens
2064 5660 2353 5714 creditariis
2381 5704 2392 5727 ,
2426 5661 2534 5739 ipsa
2562 5679 2614 5718 se
2641 5666 2796 5717 lotam
2827 5666 3106 5741 occupabat
3129 5669 3286 5737 justo
