3820 6236
523 283 591 344 39
1048 288 1554 347 PROLEGOMENA
1600 295 1689 347 AD
1731 294 2048 350 VENANTII
2089 297 2243 351 HON.
2285 301 2484 355 CLEM.
2531 301 2919 375 FOBTUNATI
2959 308 3207 365 OPERA.
3643 323 3690 376 ιο

521 399 611 452 uiri
642 398 772 468 justi
810 397 954 452 verba
992 401 1126 454 circa
1169 406 1346 455 salutis
1381 405 1636 467 instituta,
1669 413 1723 458 et
1750 405 1886 458 circa
1911 407 2079 475 adipi-
2104 411 2157 466 Α
2181 409 2510 463 retributione
2551 414 2850 480 sempiterna
2890 418 3159 485 restituat,
3201 437 3291 489 qui
3329 423 3550 488 providet
3583 434 3690 483 cui.

519 492 716 543 scendit:
751 491 864 542 vita:
903 491 1111 544 caelestis
1137 496 1435 546 commercia
1464 496 1802 549 retentabatur
1829 513 1916 564 per
1940 498 2068 552 dies.

518 580 690 647 Atque
733 579 845 634 brec
889 580 955 636 de
997 580 1358 650 Radegunde,
1408 583 1531 638 dum
1580 599 1641 639 ea
1687 586 1740 638 in
1786 585 1925 655 regia
1953 587 2073 642 aula

515 674 686 728 adhuc
714 673 930 728 viveret.

586 762 674 816 69.
714 762 911 817 Deinde
949 764 1112 816 multa
1154 778 1262 831 jam
1311 773 1460 819 erant
1503 765 1848 822 Pictaviensis
1880 781 2067 822 mona-

517 856 665 910 sterii
693 856 1181 910 sanctimonialibus
1208 857 1417 925 negotia
1444 857 1694 927 gerenda,
1720 859 1834 913 sive
1857 874 1974 927 qua
2001 859 2069 913 ad

519 949 756 1018 privatas
781 961 965 1000 earum
996 960 1151 1000 curas
1175 953 1228 1000 et
1253 946 1428 1001 ofﬁcia
1455 957 1786 1016 spectarent,
1817 949 1926 1004 sive
1952 964 2070 1018 qua:

515 1037 581 1092 atl
611 1038 768 1092 totius
796 1037 1100 1091 monasterii
1131 1050 1241 1091 rem
1269 1051 1331 1090 ac
1357 1044 1550 1091 statum
1581 1041 1932 1106 pertinerent,
1960 1041 2068 1108 qui-

517 1125 615 1180 bus
642 1125 692 1178 in
720 1122 1060 1193 procurandis
1072 1123 1288 1178 alterius
1313 1123 1404 1193 qui
1420 1133 1566 1180 extra
1590 1128 1893 1182 monasterii
1917 1137 2066 1197 septa

512 1216 714 1270 viveret
748 1215 1014 1284 diligentia
1053 1216 1454 1271 desiderabatur
1493 1233 1554 1273 ac
1593 1220 1749 1274 fides.
1801 1220 1906 1288 Ita,
1961 1235 2068 1290 quo

510 1318 669 1359 unum
699 1314 787 1359 aut
814 1306 1035 1360 alterum
1064 1306 1368 1373 exemplum
1399 1309 1660 1374 proteram
1680 1350 1695 1373 ,
1727 1319 1898 1365 exstat
1926 1311 2066 1381 apud

510 1397 729 1467 Gregor.
755 1400 909 1461 'I‘ur.,
941 1397 1034 1453 lib.
1063 1413 1116 1452 tx
1152 1398 1351 1452 Ilistor.
1382 1401 1599 1466 Franc.,
1625 1416 1744 1471 cap.
1773 1403 2065 1470 42,.exem-

512 1488 626 1557 plar
651 1488 889 1557 epistolae
917 1504 1074 1556 quam
1104 1489 1445 1557 Radegundis
1483 1491 1646 1546 mittit
1682 1493 1748 1546 ad
1787 1494 2064 1563 episcopos

504 1577 706 1655 Galliae,
735 1593 842 1648 quo
871 1580 1080 1634 illorum
1099 1582 1464 1647 patrocinium
1492 1593 1548 1636 et
1570 1585 1941 1640 auctoritatem
1966 1587 2061 1640 ad-

507 1685 693 1726 versus
717 1685 810 1724 eos
835 1671 923 1739 qui
955 1672 1262 1726 monasterii
1294 1672 1638 1728 Pictaviensis
1661 1675 1781 1743 jura
1812 1677 1895 1730 vel
1927 1676 2061 1734 bona

2182 494 2700 588 lium‘iudigentibus.
2747 504 2949 570 Quibus
2993 523 3057 562 ex
3101 511 3278 564 verbis
3311 518 3482 578 potest
3522 515 3690 588 intelligi

2179 598 2284 652 quo
2312 586 2364 641 in
2394 587 2511 642 loco
2557 588 2605 643 is
2644 601 2790 646 esset
2827 596 2967 663 apud
3013 596 3427 666 Radegundem,
3470 610 3526 654 et
3559 586 3689 671 Agne-

2180 683 2318 740 tem,
2350 688 2403 732 et
2431 693 2547 747 quae
2581 680 2770 736 iisdem
2802 684 2980 740 ollioia
3015 695 3318 754 praestaret.

2249 766 2340 823 62.
2381 769 2559 839 Atque
2598 773 2759 826 etiam
2802 791 2868 830 ex
2911 776 3193 831 itineribus
3232 786 3340 832 tam
3383 779 3690 850 frequentibus

2174 872 2294 927 quae
2341 860 2692 916 Fortunatam
2744 878 2838 932 per
2884 865 3109 922 Galliam
3159 866 3593 940 Germaniamque
3627 874 3688 926 ln-

2175 948 2358 1006 huisse
2389 953 2770 1022 comperimus,
2801 955 3069 1024 conjicere
3109 957 3232 1013 licet
3262 960 3410 1027 plura
3447 961 3514 1015 ad
3553 977 3687 1016 mona-

2173 1044 2394 1098 sterium
2418 1045 2753 1102 Pictaviense
2779 1050 3076 1117 spectantia
3105 1051 3319 1120 negotia
3340 1066 3431 1120 per
3450 1052 3610 1118 ipsum
3631 1070 3688 1109 so-

2173 1132 2266 1187 lita
2296 1136 2538 1204 transigi.
2569 1136 2644 1189 Ita
2675 1137 2768 1191 lib.
2805 1153 2857 1192 xt
2878 1178 2892 1203 ,
2923 1154 3042 1208 cap.
3073 1139 3140 1193 27
3170 1149 3226 1195 et
3254 1141 3325 1195 98
3347 1185 3362 1207 ,
3403 1142 3688 1198 scribensad

2172 1226 2427 1295 Agnetem
2453 1234 2509 1279 et
2534 1224 2912 1296 Radegundem
2930 1269 2946 1294 ,
2974 1245 3071 1283 sua
3097 1231 3340 1298 quaedam
3367 1231 3550 1286 itinera
3573 1246 3688 1286 enar-

2172 1326 2284 1381 rat,
2320 1328 2547 1384 quorom
2589 1317 2643 1371 in
2673 1316 2842 1373 altero
2871 1317 2961 1373 diu
2993 1305 3480 1388 procella‘jactatus
3518 1322 3686 1383 luerat.

2171 1415 2314 1466 unde
2347 1412 2401 1466 in
2443 1426 2604 1481 grave
2642 1412 2766 1466 vita:
2806 1415 3111 1469 amittenda
3149 1399 3434 1469 discrimen
3475 1425 3684 1474 venerat;

2178 1504 2238 1558 in
2271 1503 2439 1558 altero
2467 1518 2592 1559 vero
2623 1504 2853 1560 hiemale
2881 1506 3043 1575 frigus
3069 1520 3132 1560 ac
3161 1505 3376 1574 pruinas
3417 1519 3474 1560 se
3511 1519 3686 1573 perpes-

2169 1606 2287 1646 sum
2319 1592 2486 1648 fuisse
2513 1594 2799 1660 describit,
2830 1610 2951 1650 cum
2981 1595 3105 1650 nive
3136 1605 3191 1649 et
3215 1595 3396 1664 glacie
3416 1595 3516 1649 late
3539 1595 3680 1648 omnia

2169 1692 2497 1739 tenerentur.
2557 1689 2733 1754 Atque
2781 1687 2895 1755 ipse
2940 1687 3138 1742 indicat
3183 1686 3424 1757 quadam
3476 1687 3684 1742 habuisse

507 1762 700 1819 laedere
733 1765 1023 1817 voluissent
1049 1763 1248 1831 aliquid
1279 1764 1603 1832 impetraret.
1635 1765 1767 1820 Item
1790 1805 1805 1831 ,
1832 1781 1948 1834 cap.
1975 1770 2064 1836 39,
2094 1753 2144 1814 Β
2168 1787 2286 1842 qua;
2324 1789 2560 1843 presens
2599 1753 2719 1829 cum
2750 1753 2859 1830 illis
2886 1753 3320 1842 conrmeh'nec
3346 1785 3454 1830 tum
3481 1778 3681 1845 epistol:

507 1853 698 1925 legitur
735 1854 998 1921 quoddam
1037 1855 1353 1922 rescriptum
1384 1857 1754 1925 episcoporum
1795 1860 1857 1912 ad
1892 1860 2066 1918 Rade-

507 1942 757 2016 gundem,
782 1942 834 1997 in
863 1957 968 2013 quo
987 1944 1239 1998 moniales
1270 1945 1373 1999 illae
1403 1945 1666 2002 feriuntur
1695 1949 2062 2018 anathemate,

507 2052 875 2110 quaeunquam
905 2053 936 2093 e
963 2038 1282 2094 monasterio
1311 2039 1492 2107 egredi
1521 2049 1611 2095 aut
1638 2042 1841 2096 nubere
1865 2043 2062 2098 voluis-

503 2139 641 2184 sent.
676 2128 794 2184 Haec
824 2128 1032 2197 itaque,
1065 2137 1116 2183 et
1160 2129 1212 2182 id
1254 2143 1423 2199 genus
1453 2129 1553 2183 alia
1575 2171 1590 2196 ,
1621 2145 1764 2200 saepe
1791 2146 1911 2186 cum
1942 2134 2061 2202 epi-

503 2215 705 2285 scOpis,
735 2225 824 2270 aut
853 2216 1096 2285 regibus,
1127 2224 1182 2270 et
1210 2216 1328 2269 aliis
1360 2218 1686 2286 principibus
1716 2219 1875 2283 viris,
1911 2233 2061 2274 com-

502 2305 812 2362 municanda
839 2349 853 2371 ,
883 2314 936 2358 et
964 2319 1058 2371 per
1087 2305 1231 2374 ipsos
1261 2306 1524 2358 interdum
1565 2307 1897 2375 transigenda
1917 2349 1931 2372 ,
1963 2309 2061 2363 ali-

501 2411 679 2465 quem,
704 2403 1044 2462 praestantem
1077 2395 1305 2448 consilio
1333 2396 1656 2466 solertiaque
1685 2397 1856 2452 virum
1886 2399 2059 2468 requi-

499 2488 705 2551 rebant,
729 2486 816 2555 qui
846 2487 1028 2540 eadem
1060 2495 1268 2556 gereret
1291 2501 1355 2542 ac
1386 2498 1712 2556 procuraret.

573 2576 661 2630 61.
703 2577 832 2643 Quae
869 2591 990 2631 cum
1029 2579 1100 2630 ita
1131 2577 1277 2644 sint,
1319 2579 1444 2633 illud
1483 2579 1612 2634 mihi
1660 2582 1842 2635 videor
1887 2596 2057 2656 primo

499 2669 765 2724 afﬁrmare
817 2683 976 2738 posse
1045 2669 1417 2739 Radegundem
1466 2680 1519 2725 et
1570 2674 1824 2740 Agnetem
1897 2673 2055 2726 totius

500 2763 621 2818 vita:
649 2761 1035 2816 moderatorem
1071 2776 1131 2815 ac
1163 2771 1542 2830 praeceptorem
1575 2763 1920 2818 Fortunatum
1960 2764 2054 2818 ha-

494 2857 672 2911 buisse
696 2897 711 2921 ,
747 2855 896 2924 cujus
929 2853 1130 2924 judicio
1170 2864 1328 2924 atque
1371 2855 1594 2910 consilio
1633 2870 1753 2910 cum
1795 2857 1848 2910 in
1895 2858 2053 2913 rebus

491 2944 603 3000 suis
641 2944 858 3014 privatis
898 2943 1191 3013 dirigendis
1215 2984 1229 3006 ,
1276 2954 1383 2998 tum
1427 2947 1733 3000 monasterii
1779 2947 1936 3000 totius
1975 2948 2052 3001 di-

2165 1863 2556 1930 committeret,
2589 1864 2653 1919 iis
2679 1865 2856 1920 verbis
2885 1884 2898 1918 :

2256 1953 2369 2002 Post
2383 1952 2642 2004 referenda
2659 1955 2802 2005 simul
2826 1958 3070 2004 murmura
3094 1955 3242 2005 corde
3265 1961 3398 2017 tego.

2239 2033 2368 2089 Item
2398 2035 2488 2092 lib.
2517 2051 2586 2101 vr,
2618 2050 2735 2106 cap.
2770 2037 2854 2101 Io,
2884 2052 3004 2091 cum
3028 2037 3207 2092 Mettio
3237 2039 3555 2104 accessisset,
3582 2055 3678 2094 mr-

2163 2134 2244 2177 rat
2285 2125 2495 2180 lintrem
2525 2141 2631 2193 quo
2658 2126 2950 2182 vehebatur
2972 2142 3002 2180 a
3057 2128 3203 2198 regio
3229 2143 3401 2197 coquo
3428 2129 3520 2183 sibi
3544 2129 3677 2184 fuisse

2162 2217 2444 2272 abductum
2466 2234 2483 2281 ;
2505 2233 2730 2287 cumque
2756 2222 2987 2275 venisset
3012 2221 3352 2287 Nauciacum,
3383 2223 3464 2276 vel
3482 2223 3679 2286 Narium,

2160 2319 2191 2356 a
2229 2306 2487 2374 Sigiberto
2508 2323 2630 2378 rege
2657 2309 3040 2377 perliberaliter
3075 2323 3382 2381 exceptum,
3410 2328 3592 2368 necnon
3630 2315 3680 2367 ab

2159 2393 2273 2462 ejus
2303 2396 2554 2451 ministris
2583 2397 2781 2466 Papulo
2827 2407 2883 2454 et
2906 2399 3140 2470 Gogoue,
3173 2418 3295 2457 cum
3345 2404 3562 2470 lintrem,
3588 2415 3675 2460 tum

2159 2493 2383 2538 caeteras
2407 2487 2585 2556 copias
2611 2487 2677 2541 ad
2706 2487 2807 2543 iter
2831 2503 2986 2544 suum
3019 2495 3448 2562 prosequendum
3474 2510 3677 2550 necessa-

2165 2572 2296 2640 rias,
2324 2573 2486 2629 refert
2531 2590 2589 2630 se
2617 2579 2906 2646 accepisse.
2931 2578 3093 2642 Idem,
3126 2581 3220 2636 lib.
3255 2597 3310 2650 x,
3342 2598 3457 2652 cap.
3485 2585 3562 2652 I0,
3598 2586 3675 2639 iter

2157 2678 2310 2719 suum
2328 2706 2344 2731 ,
2367 2666 2506 2721 aliud
2521 2669 2660 2737 quod
2682 2669 2820 2724 circa
2846 2672 3089 2727 Rhenum
3112 2682 3168 2729 et
3189 2675 3459 2731 Mosellam
3477 2678 3678 2733 coniece-

2157 2763 2261 2823 rat,
2285 2755 2530 2812 describit
2548 2773 2666 2812 cum
2686 2760 2898 2827 quidem
2922 2765 3079 2831 regia:
3093 2763 3296 2831 domui,
3317 2765 3370 2818 id
3386 2777 3482 2831 est,
3505 2769 3676 2823 Childe-

2155 2839 2308 2895 berto
2335 2851 2387 2896 et
2437 2843 2550 2912 ejus
2580 2847 2732 2900 matri
2773 2848 3097 2903 Brunichildi
3125 2852 3315 2907 obvius
3341 2855 3522 2919 factus,
3545 2866 3592 2910 ot
3622 2859 3674 2910 ab

2157 2931 2284 3000 ipsis
2335 2941 2590 2999 retentus,
2643 2944 2972 3006 etexceptus
3019 2940 3438 3010 perhumaniter,
3494 2944 3669 2998 eosdem

496 3037 717 3106 aciplina
747 3037 1087 3104 temperanda
1120 3046 1417 3091 uterentur.
1449 3039 1598 3104 Quod
1631 3053 1760 3094 sane
1799 3049 1854 3093 et
1893 3048 2048 3094 tanta:

2161 3024 2365 3092 deinde,
2424 3028 2568 3096 regia
2623 3041 2810 3098 pompa
2862 3039 2917 3083 et
2970 3040 3221 3100 apparatu
3279 3035 3380 3088 iter
3431 3035 3669 3101 facientes,

495 3126 905 3187 necessitudini,
935 3137 1185 3193 quautam
1231 3125 1369 3179 inter
1409 3127 1581 3194 ipsum
1623 3137 1678 3182 et
1721 3127 1841 3182 illas
1887 3129 2048 3181 inter-

2161 3117 2341 3172 fuisset
2394 3131 2719 3187 prosecutus.
2793 3122 2942 3177 Haud
2998 3125 3346 3181 inverisimile
3400 3127 3566 3198 itaque
3610 3138 3672 3184 est

495 3216 660 3272 fuisse
702 3217 1059 3280 ostendimus,
1103 3227 1516 3270 consentaneum
1564 3216 1796 3282 videtur,
1832 3226 1887 3271 et
1915 3217 2048 3271 For-

498 3307 661 3363 tunati
693 3306 969 3376 religioni,
999 3307 1286 3372 doctrinae,
1322 3306 1615 3374 prudentiae
1642 3324 1656 3372 ;
1691 3307 1846 3376 idque
1877 3307 2048 3363 Rade-

490 3402 683 3475 gundis
711 3401 797 3456 illa
829 3409 948 3455 vota
976 3398 1139 3455 fuisse
1166 3401 1318 3461 facile
1345 3401 1565 3456 dixerim
1583 3442 1599 3469 ,
1628 3401 1816 3471 quibus
1840 3401 2050 3457 Venan-

491 3499 597 3552 tius
627 3497 738 3565 ipse
777 3510 835 3550 se
873 3494 1142 3548 adhaesisse
1182 3496 1393 3558 fatetur,
1437 3497 1718 3562 quominus
1749 3494 1813 3546 ad
1845 3509 1969 3548 suos
1995 3495 2046 3548 in

492 3590 697 3646 Italiam
745 3589 1136 3658 regrederetur.
1192 3591 1364 3652 Atque
1408 3588 1566 3641 etiam
1614 3588 1805 3642 adsunt
1856 3591 2042 3668 indicia

492 3682 665 3748 aliqua
693 3694 759 3732 ex
793 3677 1003 3742 scriptis
1034 3676 1309 3728 Fortunati
1339 3689 1458 3742 quas
1501 3675 1600 3726 hoc
1643 3676 1814 3740 ipsum
1845 3677 2043 3728 conllr-

492 3780 658 3828 ment.
695 3768 766 3823 Ita
810 3769 900 3822 lib.
939 3783 1024 3830 XI,
1060 3782 1173 3833 ηερ.
1206 3767 1271 3829 4,
1304 3773 1488 3818 auctor
1527 3773 1611 3820 est
1651 3764 1958 3835 Radegnndi
1989 3775 2046 3821 ut

492 3862 558 3917 ad
588 3859 919 3914 stomachum
965 3855 1413 3911 corroborandum
1444 3871 1506 3908 ac
1538 3857 1902 3916 recreandum_
1934 3858 2041 3912 vini

493 3950 687 4021 aliquid
726 3957 996 4013 sumeret,
1040 3946 1317 4016 proferens
1363 3946 1601 4015 Apostoli
1639 3946 1937 4015 exemplum
1986 3956 2042 4002 et

486 4045 856 4100 auctoritatem
877 4083 893 4105 ,
927 4033 1210 4092 Timotheo
1242 4038 1309 4090 ad
1350 4039 1521 4104 ipsum
1550 4037 1838 4092 suadentis.
1875 4038 1998 4092 Item
2020 4081 2035 4107 ,

486 4149 602 4201 cap.
647 4134 704 4196 7,
750 4132 813 4183 ad
859 4130 1115 4196 Agnetem
1158 4126 1424 4189 scribens,
1467 4135 1616 4196 rogat
1660 4135 1716 4180 ut
1755 4127 1893 4196 quod
1924 4130 2038 4200 ipse

485 4220 797 4289 obsequium
827 4232 920 4273 seu
950 4216 1251 4286 famulatum
1280 4215 1470 4268 absens
1490 4215 1805 4284 Radegundi
1833 4218 2036 4287 impen-

487 4316 617 4369 dere
639 4327 747 4366 non
774 4318 1009 4380 poterat,
1038 4323 1130 4378 pro
1156 4324 1215 4364 se
1241 4309 1353 4377 ipsa
1381 4318 1675 4379 praestaret.
1707 4310 1847 4364 Idem
1868 4350 1882 4374 ,
1915 4326 2031 4380 cap.

2153 3209 2498 3264 Fortunatum
2530 3211 2713 3266 isthazc
2747 3213 2883 3280 loca,
2915 3230 3020 3269 non
3051 3225 3156 3271 tam
3188 3218 3363 3272 solatii
3413 3221 3492 3274 sui
3518 3233 3665 3286 ausa,

2151 3307 2243 3353 aut
2268 3301 2453 3366 privati
2496 3303 2710 3370 negotii,
2740 3305 2956 3370 adiisse,
2983 3305 3078 3360 sed
3109 3317 3166 3361 ut
3217 3323 3401 3364 earum
3450 3312 3668 3366 voluntati

2149 3405 2213 3445 ac
2240 3391 2600 3458 sollicitudini,
2633 3393 2824 3462 quibus
2865 3409 2925 3450 se
2971 3404 3027 3450 et
3054 3411 3273 3466 operam
3299 3415 3451 3456 suam
3491 3401 3669 3458 addixe-

2149 3488 2251 3546 rat,
2279 3479 2627 3536 satisfaceret.

2153 3637 2163 3644 _
2217 3571 2306 3626 65.
2337 3572 2410 3627 Ex
2441 3573 2588 3628 hisce
2609 3586 2782 3629 autem
2807 3576 3082 3632 itineribus
3119 3580 3470 3658 (quacunque
3489 3582 3663 3636 tandem

2146 3675 2327 3713 eorum
2375 3665 2824 3728 suscipiendorum
2879 3682 3037 3722 causa
3077 3676 3133 3729 et
3188 3670 3322 3725 ratio
3380 3670 3545 3739 fuerit)
3591 3686 3666 3740 pet

2148 3762 2386 3815 magnam
2421 3751 2534 3817 ipse
2563 3760 2746 3803 nactus
2772 3754 3218 3818 opportunitatem
3253 3768 3335 3810 est
3373 3759 3662 3824 percelequ

2145 3837 2328 3892 Gallias
2352 3852 2413 3892 ac
2458 3837 2750 3893 Germania:
2789 3842 3067 3909 episcopos
3108 3844 3358 3913 adeundi,
3407 3855 3462 3902 et
3499 3863 3660 3918 cogno-

2142 3930 2323 3988 scendi
2373 3931 2678 3999 quibuscum
2709 3931 3032 3987 amicissima
3079 3934 3446 3991 benevolentia
3472 3938 3660 4007 conjun-

2140 4029 2259 4076 ctus
2297 4020 2457 4075 fuisse
2481 4035 2545 4075 ex
2571 4019 2808 4089 ejusdem
2828 4022 3148 4077 carminibus
3179 4027 3382 4093 passim
3402 4026 3658 4096 deprehen-

2142 4115 2297 4170 ditur.
2324 4116 2495 4184 Atque
2520 4123 2574 4168 ut
2602 4129 2666 4169 ex
2703 4114 2766 4168 iis
2793 4116 3080 4170 nonnullos
3102 4129 3534 4186 commemorem,
3553 4133 3661 4189 quo-

2141 4221 2256 4260 rum
2285 4221 2350 4261 ex
2376 4205 2606 4260 amicitia
2627 4211 2682 4259 et
2732 4206 3115 4262 consuetudine
3160 4221 3266 4261 non
3295 4209 3519 4278 vulgaris
3540 4221 3660 4263 cotu-

2139 4297 2403 4352 mendatio
2430 4297 2744 4353 innocentia:
2786 4313 2848 4354 ac
2875 4297 3083 4354 virtutis
3116 4298 3396 4356 Fortunati
3420 4302 3545 4358 sumi
3583 4315 3658 4372 po-

488 4407 553 4470 8,
606 4374 798 4472 gratias
849 4402 958 4472 agit
997 4374 1188 4470 'A'gneti
1233 4374 1736 4470 quod'monialibus
1781 4374 2028 4468 epuloni,

2161 4399 2268 4454 ,est,
2295 4399 2507 4444 sanctus
2530 4388 2844 4456 Germanus,
2878 4374 3157 4461 episcopus
3203 4390 3527 4458 Parisiensis,
3553 4404 3652 4462 pro-

492 4505 674 4564 rogatu
700 4509 794 4548 suo
813 4534 828 4559 ,
855 4491 1194 4555 indulsisset,
1221 4500 1274 4546 et
1304 4498 1449 4559 Oplal
1476 4491 1542 4544 ad
1571 4500 1896 4557 extremum,
1925 4506 2029 4560 quo

489 4589 665 4657 Agnes
704 4593 759 4640 et
803 4582 1132 4652 Itadegundis
1171 4583 1260 4636 diu
1301 4590 1481 4636 essent
1530 4581 1838 4649 superstites
1863 4625 1878 4649 ,
1927 4596 2032 4650 quo

484 4690 663 4733 earum
687 4679 849 4742 freno,
876 4688 968 4727 seu
997 4674 1329 4737 auctoritate,
1357 4672 1706 4727 Pictaviensis
1729 4673 2030 4726 monasterii

477 4779 646 4825 status
666 4809 681 4834 ,
714 4767 827 4820 sive
869 4764 1138 4832 disciplina
1159 4805 1174 4829 ,
1220 4753 1308 4818 diu
1356 4763 1572 4820 ﬂoreret
1598 4779 1661 4819 ac
1690 4773 1852 4819 staret
1881 4763 2026 4816 inco-

485 4863 661 4918 lumis.
718 4859 1020 4919 Postremo,
1066 4855 1156 4909 lib.
1203 4870 1329 4917 vnt.
1381 4871 1495 4925 cap.
1545 4856 1632 4921 I7,
1683 4855 2028 4911 scribens~ad

480 4955 699 5025 Gregor.
725 4950 944 5010 Tur‘on.,
968 4961 1086 5002 cum
1110 4961 1271 5013 grave
1298 4948 1600 5001 scandalum
1629 4949 1693 5002 ad
1721 4946 2026 5010 dissidium,

483 5053 601 5115 post
647 5042 850 5098 obitum
887 5046 1081 5092 sanctae
1120 5034 1493 5104 Radegundis,
1536 5038 1587 5093 in
1626 5039 1809 5121 eodem
1855 5038 2028 5093 Picta-

487 5135 649 5189 viensi
679 5128 997 5187 monasterio
1024 5127 1308 5181 excitatum
1343 5127 1557 5195 fuisset,
1601 5130 1770 5184 eidem
1817 5144 2037 5184 causam.

484 5223 761 5279 abbatissae
798 5219 1130 5276 commendat
1170 5218 1248 5270 liis
1287 5217 1459 5270 verbis
1495 5235 1504 5269 :
1562 5219 1753 5272 Memor
1791 5223 1856 5273 sis
1894 5237 2029 5274 com-

480 5314 808 5368 mendationis
846 5313 999 5364 beata:
1036 5312 1234 5363 dormire
1275 5324 1394 5361 mea:
1423 5309 1574 5374 filice,
1605 5313 1679 5362 vel
1711 5315 1819 5382 jam
1853 5314 2028 5365 matris

468 5417 646 5461 vestrae
667 5447 680 5469 ,
713 5407 909 5460 domnae
942 5403 1266 5472 Iiadegunda:
1286 5441 1299 5462 ,
1335 5416 1424 5466 pro
1455 5401 1551 5452 loci
1579 5405 1692 5470 sui,
1725 5404 1799 5456 vel
1853 5420 2024 5470 perso-

480 5515 586 5563 me,
620 5500 866 5567 totiusque
894 5498 1110 5564 regulis,
1141 5495 1411 5549 stabilitate
1438 5495 1568 5560 quod
1614 5496 1785 5563 petiit,
1828 5506 1874 5548 et
1917 5512 2024 5548 νει-ε

475 5591 650 5643 borum
682 5589 753 5640 vel
783 5590 1022 5641 viscerum
1053 5588 1416 5656 supplicatione
1471 5589 1746 5653 commisit,
1789 5589 1858 5642 ita
1892 5605 2024 5656 pra:-

474 5681 672 5748 cipiatis
709 5680 1090 5748 infatigabiliter
1125 5679 1390 5746 laborare,
1421 5681 1636 5748 qualiter
1675 5682 1779 5750 ipse
1810 5684 1941 5738 vobis
1973 5683 2024 5738 in

2141 4479 2450 4546 pensissima
2498 4480 2551 4536 in
2601 4480 2844 4535 eumdem
2899 4483 3168 4539 voluntate
3223 4499 3287 4539 ac
3334 4485 3656 4542 benevolentia

2135 4569 2353 4634 exstitit,
2386 4577 2442 4622 ut
2482 4580 2687 4624 constat
2734 4570 2870 4628 inter
2899 4581 3089 4628 caetera
3127 4590 3190 4630 ex
3223 4576 3316 4630 lib.
3349 4591 3459 4642 vni,
3484 4590 3588 4645 cap.
3612 4575 3654 4638 Ξ,

2134 4656 2233 4726 Op.
2265 4657 2569 4722 Fortunati,
2589 4659 2691 4728 qui
2714 4674 2832 4715 cum
2863 4662 2926 4715 ad
2955 4663 3200 4720 eumdem
3230 4665 3488 4734 proﬁcisci
3506 4666 3653 4726 vellet.

2132 4760 2184 4804 et
2213 4766 2241 4803 a
2274 4749 2588 4819 Radegunde
2613 4752 2942 4817 retineretur,
2991 4754 3107 4808 hac
3137 4757 3304 4825 inquit
3329 4775 3343 4809 :

2227 4842 2461 4904 Mgvocat
2480 4840 2592 4888 inde
2613 4849 2767 4901 pater,
2795 4842 2987 4891 radians
3011 4842 3284 4890 Germanus
3301 4846 3348 4891 in
3369 4843 3502 4904 orbe,

2285 4900 2407 4963 Ilinc
2432 4904 2614 4949 retinet
2637 4900 2814 4963 mater,
2841 4915 2919 4951 me
2943 4907 3080 4963 vocat
3105 4904 3216 4950 inde
3237 4911 3392 4963 pater.

2224 4961 2384 5024 Duleis
2407 4970 2616 5020 uterque
2640 4962 2773 5024 mihi,
2807 4972 2916 5024 voto
2935 4961 3264 5024 amplectente
3283 4964 3500 5024 eobasit;

2284 5021 2464 5071 Plenus
2489 5034 2653 5070 amore
2679 5022 2791 5082 Del,
2815 5021 2969 5070 dulcis
2991 5021 3203 5085 uterque
3220 5023 3354 5073 mihi.

2203 5127 2296 5183 llic
2319 5128 2403 5183 ille
2432 5126 2526 5180 fuit
2567 5125 2859 5180 Germanus
2887 5140 2914 5179 a
2942 5126 3068 5194 'quo
3095 5128 3293 5195 Agnes,
3342 5121 3643 5186 Pictaviboais

2134 5218 2462 5272 monasterii-
2495 5217 2782 5281 abbatissa,
2839 5224 3147 5271 consecrata
3199 5225 3301 5282 est,
3357 5224 3412 5269 ut
3468 5221 3645 5270 constat

2131 5326 2192 5364 ex
2223 5311 2520 5365 testimonio
2549 5308 2884 5369 Radeeundis
2911 5311 3048 5379 apud
3069 5307 3294 5377 Gregor.
3343 5303 3644 5372 ‘I‘uro.,lih.

2132 5419 2202 5466 ix,
2234 5418 2347 5472 cap.
2367 5403 2465 5480 μ,
2496 5420 2559 5459 ex
2588 5415 2693 5475 quo
2720 5392 2938 5471 intelligi
2971 5409 3148 5470 potest
3175 5414 3414 5471 magnam
3445 5396 3556 5455 inde
3572 5411 3649 5455 no-

2130 5497 2460 5552 cessitudinis
2486 5512 2550 5551 ac
2581 5492 2957 5553 benevolentia:
2985 5508 3197 5550 causam
3224 5493 3308 5550 vel
3348 5507 3462 5550 cum
3487 5491 3647 5554 Euctu-

2131 5602 2250 5643 nato
2306 5588 2626 5647 interfuisse.

2199 5679 2283 5736 6t.
2318 5681 2474 5737 Felici
2509 5683 2688 5748 etiam,
2741 5683 2988 5752 episcopo
3029 5679 3388 5754 Namneteosi,
3419 5680 3644 5740 vitor.qu

3773 5771 3779 5798 l
