3820 6236
141 316 199 381 ιι
1275 318 1429 375 VlTA
1468 314 1797 378 VENAN'I‘ll
1832 316 2247 382 FORTUNATI.
3172 328 3207 345 ί
3278 319 3351 389 ts
3412 356 3413 361 ι

142 432 389 492 nobilitate
437 428 689 498 generis,
746 437 853 483 tum
900 429 1094 486 virtute
1140 431 1303 487 animi
1357 432 1665 502 conspicuo,
1697 436 2364 505 Asteritatisjacnissent.
2410 436 2605 505 Quanti
2657 452 2786 493 vero
2815 431 3101 511 Gregorius
3149 442 3354 501 faceres

144 534 366 594 acceptus
389 524 439 576 in
469 522 649 590 primis
674 535 735 575 ac
770 522 1036 591 jncundus
1065 523 1160 579 fuit
1193 543 1204 578 :
1246 524 1407 593 idque
1437 525 1676 580 indicant

142 614 315 684 scripta
342 612 400 665 ad
423 611 565 665 illum
593 611 865 665 Fortunati
888 613 1145 677 carmina,
1188 624 1240 667 et
1268 614 1407 668 illius
1438 614 1503 668 ad
1535 615 1676 670 hunc

143 707 313 760 littera:
355 718 479 773 quas
521 701 695 771 legere
722 709 803 755 est
828 703 861 755 l.
897 717 970 767 nt,
999 717 1115 771 cap.
1149 700 1202 768 4,
1249 702 1282 755 5
1305 712 1358 758 et
1389 717 1501 772 seq.
1534 704 1677 758 Idem

148 796 271 865 apud
291 794 577 856 Leontium,
606 792 907 861 episcopum
951 790 1396 861 Bnrdigalensem,
1426 803 1478 847 et
1507 792 1679 848 Placi-

150 886 327 948 dinam,
348 883 456 951 ejus
476 882 601 936 olim
632 897 873 947 uxorem,
924 882 1197 936 mulierem
1249 896 1314 937 ex
1339 882 1679 950 imperatoria

145 972 342 1039 familia,
398 972 451 1025 in
504 972 690 1040 primis
742 985 867 1025 vero
923 970 1200 1039 singularis
1258 972 1470 1041 pietatis
1523 972 1678 1027 laude

144 1074 453 1137 pmstantem
479 1104 495 1129 ,
525 1078 628 1117 non
677 1064 915 1118 intimum
945 1064 1117 1118 locum
1162 1067 1329 1118 tenuit
1357 1065 1681 1120 benevolen-

145 1160 223 1212 tia:
248 1167 294 1213 et
315 1155 511 1225 gratim,
536 1166 593 1210 ut
619 1165 799 1223 aperte
826 1164 1084 1211 testantur
1107 1171 1273 1211 carm.
1300 1156 1385 1221 15,
1416 1158 1481 1210 16
1505 1167 1558 1213 et
1588 1160 1675 1227 l7,

144 1247 176 1302 l.
202 1264 235 1302 ι.
254 1247 396 1303 Libro
418 1262 544 1301 vero
569 1262 640 1311 tv,
669 1262 787 1315 cap.
815 1248 905 1311 10,
936 1253 1112 1302 erstat
1160 1264 1368 1317 poema,
1406 1253 1545 1319 quod
1568 1251 1681 1319 ipse

144 1338 331 1409 scripsit
358 1340 406 1394 in
437 1339 595 1395 funus
622 1339 859 1409 ejusdem
889 1340 1113 1404 Leontii,
1139 1341 1193 1395 in
1230 1357 1334 1411 quo
1385 1342 1550 1411 ipsius
1590 1357 1682 1413 ge-

145 1432 271 1486 neris
288 1431 557 1497 nobilitati,
587 1447 651 1487 ac
682 1432 883 1496 virtuti,
905 1440 960 1486 et
986 1433 1036 1485 in
1059 1420 1272 1504 gregem
1302 1448 1455 1488 suum
1480 1434 1683 1495 seduli-

147 1521 246 1583 tati,
288 1532 386 1575 tum
434 1523 575 1585 apud
626 1537 780 1592 reges
823 1523 1123 1578 auctoritati
1177 1532 1230 1578 et
1285 1526 1467 1594 gratiae
1520 1524 1681 1580 refert

144 1605 379 1677 egregium
410 1607 790 1663 testimonium.

203 1696 281 1754 σε.
307 1694 433 1764 Quid
478 1712 604 1752 vero
634 1698 701 1752 de
749 1697 1055 1767 Euphronio
1081 1697 1279 1765 dicam,
1308 1698 1546 1754 antistite
1574 1698 1681 1754 Tu-

1781 529 1978 598 scripta
2025 529 2322 596 Fortunali,
2372 546 2433 585 ac
2478 533 2656 598 quanti
2707 532 2966 586 interesse
3002 534 3352 593 arbitraretur

1780 620 1964 674 eadem
1988 622 2252 690 publicam
2281 622 2332 676 in
2362 622 2532 677 lucem
2565 622 2812 691 proferri,
2846 623 2968 677 inde
2998 625 3218 697 intelligi
3248 643 3350 696 po—

1781 716 1902 777 test,
1933 712 2072 781 quod
2104 729 2209 769 non
2240 714 2428 771 leviter
2466 729 2585 768 cum
2636 715 2753 782 ipso
2799 716 3023 783 agendo,
3068 719 3163 772 sed
3202 722 3359 777 obte-

1784 802 1978 871 stando
2007 813 2063 858 et
2085 803 2382 874 adjurando
2405 806 2474 860 ab
2501 820 2567 860 eo
2593 805 2950 871 contenderit,
2978 822 3083 875 quo
3111 811 3349 867 carmina

1781 902 1875 943 sua
1928 898 1984 946 et
2029 893 2131 947 alia
2177 895 2441 963 Opuscula
2488 896 2544 950 in
2597 911 2756 971 unum
2804 897 3051 951 volumen
3106 901 3353 971 colligata

1780 981 2073 1050 evulgaret.
2106 983 2161 1038 Id
2209 998 2276 1039 ex
2325 986 2489 1053 ipsius
2539 984 2814 1039 Fortunati
2846 989 3150 1041 testimonio
3191 988 3358 1048 disci-

1783 1086 1925 1140 mus,
1958 1075 2029 1128 ita
2060 1076 2345 1131 scribentis
2371 1077 2437 1130 ad
2468 1077 2655 1144 Greg.,
2685 1077 2778 1132 lib.
2831 1094 2869 1144 ι,
2920 1094 3041 1147 cap.
3069 1082 3092 1135 l
3131 1101 3146 1135 :
3186 1081 3354 1149 Unde,

1782 1163 1858 1215 uir
1884 1164 2180 1230 apostolica,
2212 1166 2537 1233 pradicande
2562 1184 2694 1237 papa
2724 1167 2958 1237 (ἓτερον-ἰ,
2987 1171 3110 1239 quia
3143 1173 3357 1227 uiriliter

1780 1254 1988 1322 ﬂagitas
2033 1266 2091 1308 ut
2134 1259 2367 1325 quadam
2415 1272 2479 1309 ea:
2518 1257 2773 1326 opusculis
2817 1260 3084 1327 imperitia.-
3120 1261 3357 1315 metetibi

1783 1345 2135 1411 transferenda
2163 1352 2464 1415 proferrem,
2497 1362 2726 1399 mearum
2769 1363 3015 1417 nugarum
3058 1350 3285 1405 admiror
3305 1360 3360 1405 te

1782 1450 1957 1487 amore
1977 1436 2153 1489 seduci
2165 1452 2185 1501 ;
2219 1452 2283 1491 ac
2314 1452 2503 1491 rursus
2535 1455 2549 1490 :
2584 1438 2692 1492 Sed
2708 1440 2949 1506 quoniam
2977 1440 3219 1495 humilem
3256 1443 3355 1495 ins-

1780 1525 2004 1592 pulsum,
2033 1526 2274 1579 alacriter
2315 1528 2487 1579 acrius
2515 1528 2831 1588 renitentem,
2862 1528 2955 1582 sub
2998 1532 3355 1595 testiﬁcatione

1688 1630 1691 1631 ν
1780 1610 1941 1664 diuini
1970 1615 2220 1683 mysterii,
2246 1624 2293 1667 et
2322 1615 2590 1696 splendore
2618 1615 2860 1669 uirtutum
2890 1618 3165 1671 beatissimi
3201 1618 3350 1673 lar-

1783 1702 1900 1764 tini,
1943 1707 2241 1775 conjurans,
2291 1706 2513 1759 hortaris
2560 1706 2737 1759 sedulo
2783 1715 2838 1759 att
2881 1717 3059 1761 contra
3105 1710 3355 1778 pudorem

144 1786 373 1845 ronensi?
401 1786 523 1859 quid
552 1788 617 1842 de
646 1788 870 1854 Nicetio,
893 1790 1144 1858 episcopo
1185 1790 1514 1857 Trevirensi,
1563 1799 1672 1855 aut,
1706 1774 1755 1834 Β
1781 1808 1945 1852 meum
1976 1774 2199 1847 deducor
2244 1796 2298 1848 in
2322 1794 2623 1864 publicum,
2645 1804 2747 1851 etc.
2785 1795 2943 1859 Libro
2971 1774 3115 1851 vero
3137 1814 3189 1865 v,
3230 1815 3352 1871 cap.

145 1879 223 1948 qui
250 1879 381 1933 illum
419 1878 647 1946 excepit,
688 1879 1025 1949 Magnerico?
1052 1882 1116 1934 ad
1164 1896 1296 1950 quos
1322 1880 1558 1949 singulos
1582 1896 1676 1933 cx-

143 1975 267 2021 stant
290 1968 489 2034 scripta:
516 1966 788 2021 Fortunati
817 1968 1083 2036 epistolas,
1114 1984 1208 2022 seu
1235 1970 1487 2032 carmina,
1520 1969 1556 2022 l.
1587 1968 1675 2033 Ill,

147 2068 281 2125 capp.
306 2056 355 2121 l,
384 2054 439 2120 2,
467 2053 522 2121 '5,
550 2054 637 2122 il,
667 2056 736 2110 η
787 2065 839 2109 et
866 2056 949 2111 13.
975 2055 1083 2112 Nec
1112 2072 1239 2111 vero
1284 2056 1678 2127 praetereundus

144 2154 327 2201 sanctus
356 2146 624 2209 Martinus,
675 2146 910 2201 Gallicirc
936 2148 1241 2220 cpiscopus,
1267 2148 1353 2201 ille
1396 2147 1484 2216 qui
1536 2146 1677 2202 Sue-

152 2251 250 2303 vos,
304 2237 528 2293 Gallici:
560 2238 783 2303 incolas,
836 2253 867 2293 a
917 2250 1134 2308 paterna
1190 2240 1562 2308 superstitione
1611 2237 1679 2292 ad

148 2326 467 2382 Christianam
504 2329 810 2398 religionem
841 2330 1256 2399 amplectendam
1303 2330 1582 2395 convertit,
1612 2329 1679 2383 ad

146 2428 278 2483 quem
325 2416 444 2469 item
493 2413 1149 2488 Fortunatusepistolam
1179 2419 1407 2486 scripsit,
1470 2418 1676 2485 plenam

147 2503 418 2557 amicissimi
444 2504 716 2569 desiderii,
761 2517 815 2560 et
838 2522 1046 2575 poema,
1081 2508 1133 2560 in
1159 2522 1263 2573 quo
1305 2507 1542 2575 ejusdem
1574 2509 1677 2560 vir-

148 2601 297 2657 tutes,
337 2602 386 2647 et
435 2608 557 2664 erga
610 2610 823 2664 gregem
874 2610 1025 2649 suum
1080 2595 1267 2651 merita
1316 2598 1673 2653 commendat.

145 2681 292 2737 Habes
314 2682 395 2736 illa
430 2683 466 2736 l.
496 2699 548 2751 v,
580 2699 630 2739 «τ.
660 2683 685 2735 1
717 2693 771 2739 et
788 2683 840 2737 2.

202 2759 279 2823 66.
310 2769 583 2825 Addendus
612 2773 695 2825 his
730 2772 936 2840 Avitus,
970 2778 1265 2850 episcopus
1288 2777 1673 2843 Arvernensis,

147 2872 171 2911 a
195 2873 285 2927 quo
310 2859 525 2929 Gregor.
556 2859 757 2915 Turon.
788 2862 853 2916 ad
880 2863 1111 2917 studium
1161 2865 1455 2919 divinarum
1490 2881 1670 2921 rerum

144 2963 193 3002 se
216 2951 483 3005 excitatum
516 2951 682 3025 fuisse.
730 2967 793 3007 ac
822 2944 1164 3023 provocatum
1192 2966 1578 3009 commemorat
1618 2960 1668 3009 ia

144 3038 258 3092 libro
272 3039 331 3093 de
354 3040 478 3094 Vitis
496 3041 730 3107 Patrum,
753 3057 869 3111 cap.
885 3043 939 3096 2.
968 3044 1012 3098 ls
1039 3046 1196 3112 igitur
1218 3046 1271 3100 in
1294 3046 1475 3113 primis
1492 3045 1674 3099 dilexit

148 3129 475 3197 Fortunatam,
506 3132 581 3185 uti
607 3132 717 3201 jam
742 3133 1020 3202 eonjuncta
1045 3137 1253 3205 utrique
1273 3151 1392 3191 eum
1410 3136 1664 3206 Gregorio
1700 3107 1745 3171 ο

144 3223 445 3278 necessitudo
466 3223 760 3294 efﬂagitare
794 3227 1089 3281 videbatur.
1120 3228 1285 3283 Porro
1308 3242 1428 3283 cum
1460 3231 1666 3297 Avitus,

144 3322 273 3365 sacro
290 3310 620 3369 Pentecostes
641 3309 745 3381 die,
771 3316 1044 3387 plusquam
1069 3320 1390 3388 quingentos
1413 3321 1666 3377 Hebraea

149 3403 202 3456 ad
227 3402 478 3462 Christum
539 3410 902 3475 convertisset,
936 3410 1038 3465 hoc
1065 3398 1186 3480 ejus'
1210 3410 1423 3478 factum,
1466 3416 1671 3482 prolixo

143 3497 361 3559 carmine,
419 3508 728 3564 prosecutus
773 3510 855 3566 est
884 3501 1223 3568 Fortunatus,
1278 3503 1515 3572 Gregorii
1549 3504 1670 3559 lior-

146 3589 253 3638 tatu.

208 3672 287 3728 67.
314 3674 415 3731 Sed
443 3691 509 3732 ne
556 3679 793 3749 singulos
823 3694 1258 3747 commemorem,
1289 3683 1377 3753 qui
1410 3683 1671 3738 Fortuna-

148 3773 241 3817 tum
266 3765 617 3841 benevolentia
666 3779 722 3824 et
766 3768 952 3825 ciliciis
1005 3771 1347 3827 humanitatis
1401 3775 1668 3841 complexi

141 3837 772 3925 fuisse‘deprebenduntur,
830 3862 898 3913 sit
923 3876 1055 3914 unus
1092 3876 1186 3929 pro
1230 3861 1475 3916 omnibus
1504 3837 1571 3928 is,
1600 3862 1669 3918 de

139 3959 227 4015 quo
248 3960 392 4015 supra
419 3950 741 4003 mentionem
783 3949 1021 4013 fecimus,
1054 3948 1356 4019 Gregorius,
1389 3952 1668 4009 Turonen-

139 4036 202 4089 sis
237 4038 462 4104 antistes,
522 4041 603 4094 vir
651 4054 770 4095 cum
816 4040 944 4095 sede
969 4056 1030 4095 ac
1056 4040 1197 4107 loco,
1247 4052 1354 4095 tum
1387 4042 1580 4111 pietate
1606 4057 1669 4097 ac

143 4125 352 4183 doctrina
399 4112 753 4185 clarissimus:
771 4132 938 4196 Quam
966 4148 1090 4186 vero
1120 4132 1232 4202 ipse
1262 4133 1504 4202 diligeret
1534 4134 1666 4188 For-

139 4222 372 4285 lunatum,
402 4233 463 4274 ac
490 4230 683 4290 quanta
713 4220 852 4275 inter
879 4231 1131 4290 utrosque
1161 4221 1391 4275 amicitia
1421 4238 1484 4277 ac
1514 4224 1665 4276 fami-

138 4303 310 4362 liaritas
338 4310 708 4377 intercederet,
763 4320 867 4364 tam
898 4312 1071 4364 mutue
1100 4320 1155 4365 et
1177 4312 1378 4366 crebrae
1423 4314 1487 4367 ad
1518 4315 1662 4371 illum

138 4395 319 4462 scriptae
346 4399 559 4466 hujusce
581 4399 768 4453 litterae
792 4412 888 4454 seu
907 4402 1139 4454 carmina
1173 4403 1443 4457 declarant
1468 4403 1519 4458 in
1550 4406 1664 4475 qui-

138 4479 220 4533 bus
241 4484 277 4537 is
296 4483 426 4538 haud
452 4501 604 4541 secus
628 4502 783 4555 quam
814 4489 865 4542 in
891 4500 1161 4558 parentem
1187 4507 1244 4546 se
1270 4492 1515 4547 allectum
1541 4512 1662 4552 esse

137 4571 356 4638 eatendit,
384 4588 447 4627 ac
483 4576 714 4631 vicissim
758 4578 895 4632 illius
945 4582 1266 4649 praecipuum
1313 4598 1437 4651 erga
1465 4598 1521 4638 se
1550 4594 1658 4638 stu-

136 4658 257 4715 dium
276 4672 326 4718 et
350 4665 760 4722 benevolentiam
812 4679 1159 4726 contestatur.
1188 4673 1322 4727 Cum
1351 4685 1546 4741 autem,
1577 4692 1663 4732 re-

136 4751 321 4816 gionum
348 4757 620 4813 intervallo
660 4758 949 4829 sejunctus,
976 4762 1151 4816 minus
1198 4780 1354 4832 quam
1388 4765 1542 4820 vellet
1563 4767 1662 4834 ipsi

135 4843 295 4898 adesse
343 4854 395 4901 et
447 4848 561 4915 ejus
608 4851 889 4918 pmsentia
940 4853 1037 4906 lrui
1097 4864 1291 4922 posset,
1345 4857 1663 4917 desiderium

136 4943 265 4985 suum
303 4934 587 4990 litterarum
644 4937 940 5009 frequentia
982 4947 1373 5011 compensabat.
1427 4946 1495 5001 Ut
1521 4949 1660 5006 enim

138 5019 231 5086 ipsc
274 5023 335 5078 de
359 5039 415 5079 se
448 5027 741 5096 prolitetur,
774 5032 810 5084 Ι.
858 5048 909 5096 v,
939 5045 987 5085 c.
1028 5031 1111 5099 ιιι,
1160 5036 1396 5091 scribens
1420 5038 1484 5091 ad
1513 5030 1663 5095 euin—

136 5110 235 5165 dem
262 5110 560 5184 Gregorium
590 5134 604 5169 :

212 5226 384 5302 iugiter
404 5236 518 5291 Opto
538 5229 713 5302 libens,
736 5244 874 5284 sacer
891 5234 1230 5302 amplectende
1251 5240 1477 5302 Gregori,

296 5303 467 5358 eruere
488 5304 572 5341 vos
592 5294 762 5358 oculis,
781 5294 1002 5358 quaerere
1025 5296 1269 5350 litterulis.

211 5346 349 5422 Dulce
368 5352 533 5422 videre
558 5355 691 5422 mihi,
713 5346 769 5422 ac
790 5346 834 5422 si
855 5357 982 5407 desit
1002 5360 1136 5422 copia
1162 5346 1317 5422 cerni,

263 5413 381 5472 Spes
405 5418 497 5463 erit
517 5413 772 5465 oranti—vel
797 5418 916 5467 dare
940 5413 1087 5467 verba
1113 5420 1259 5469 Patri.

195 5510 270 5568 68.
300 5514 461 5584 Hujus
492 5533 648 5573 suasu
675 5519 824 5585 plura
864 5523 1079 5590 scripsit
1130 5536 1219 5577 aut
1252 5526 1428 5603 edidit
1472 5529 1660 5584 Fortu-

140 5617 283 5677 natus,
311 5624 448 5678 quae,
479 5612 578 5665 nisi
608 5613 720 5679 ejus
761 5614 996 5668 hortatus
1037 5625 1090 5670 et
1115 5618 1370 5687 impulsus
1400 5625 1657 5677 accessis-

133 5701 457 5771 caltlortasse
485 5704 748 5771 perpetuis
784 5704 838 5760 in
893 5708 1124 5763 tenebris
1168 5727 1229 5766 ac
1274 5713 1536 5771 ob'ivione
1565 5732 1656 5788 po-

384 5795 653 5860 Pnnon.
698 5798 1079 5864 LXXXVIII
1092 5847 1103 5861 .

1780 1882 1835 1946 5,
1867 1899 1928 1938 se
1954 1886 2080 1939 item
2112 1888 2179 1938 ab
2202 1900 2269 1940 eo
2297 1886 2363 1939 ad
2395 1887 2731 1941 scribendum
2770 1888 3045 1943 incitatum
3081 1893 3264 1947 scribit
3285 1895 3355 1951 iis

1780 1973 1959 2028 verbis
1995 1991 2009 2028 :
2039 1975 2281 2044 Instigas,
2316 1975 2475 2029 Pater
2504 1978 2714 2044 optime,
2743 1979 2876 2032 seria
2897 1983 3203 2046 curiositate,
3247 1986 3355 2039 sin.

1778 2080 1894 2117 cera
1923 2075 2091 2119 tamen
2119 2067 2411 2145 dulcedine,
2454 2070 2681 2122 carmine
2724 2069 2973 2138 elinguem
3019 2075 3273 2143 proloqui,
3303 2085 3354 2129 et

1779 2170 1978 2208 currere
2025 2158 2262 2226 pinguem
2308 2174 2452 2211 versu
2502 2160 2740 2226 pedestri.
2777 2160 2970 2214 Eadem
3009 2161 3118 2216 fere
3145 2164 3351 2230 scribit,

1780 2243 1818 2303 ι.
1849 2262 1926 2312 tx,
1953 2262 2002 2302 c.
2028 2248 2081 2302 6.

1851 2336 1936 2391 69.
1970 2337 2142 2409 Atque
2170 2340 2285 2396 haec
2316 2342 2456 2398 inter
2480 2345 2720 2399 carmina
2743 2360 2862 2415 qua:
2890 2354 3013 2402 tunc
3031 2348 3197 2403 edidit
3223 2349 3353 2404 For-

1782 2437 1994 2484 tunatus
2026 2433 2173 2500 plura
2201 2442 2327 2487 sunt
2353 2450 2468 2503 quin
2498 2437 2564 2489 ad
2596 2436 2909 2505 Gregorium
2938 2440 3112 2508 ipsum
3154 2443 3351 2512 scripta

1777 2519 2016 2587 fuerunt,
2048 2531 2206 2592 atque
2251 2523 2369 2593 ejus
2400 2525 2652 2579 virtutum
2685 2529 2891 2583 laudem
2922 2539 2978 2583 et
3012 2533 3353 2586 commenda-

1779 2610 1974 2666 tionem
2006 2613 2454 2685 complectuntut'.
2488 2614 2567 2671 Ac
2592 2615 2732 2671 inter
2757 2628 2948 2672 caetera
2993 2620 3121 2673 illud
3149 2623 3349 2676 eminet

1778 2703 1830 2756 in
1861 2704 2067 2773 primis,
2104 2708 2244 2774 quod
2273 2718 2449 2764 exstat
2496 2709 2592 2765 lib.
2626 2726 2679 2777 ν,
2723 2725 2842 2779 cap.
2889 2713 2943 2779 3,
2989 2712 3243 2781 scriptura
3280 2716 3345 2767 ait

1781 2792 1934 2872 cives
1961 2794 2323 2866 Turonenses,
2368 2814 2472 2868 quo
2502 2800 2686 2855 iisdem
2722 2800 3009 2855 Venantins
3034 2804 3274 2872 gratulati
3301 2828 3345 2870 ς,

1778 2869 1935 2951 quod.
1965 2884 2255 2956 Gregorius
2302 2889 2558 2945 Ecclesia:
2619 2891 2763 2945 illius
2806 2869 3089 2961 episcopus
3138 2869 3349 2951 «me

1770 2972 1992 3040 fuisset,
2024 2990 2088 3030 ac
2114 2977 2254 3031 bona
2282 2980 2349 3033 iis
2378 2981 2559 3034 omnia
2587 2995 2651 3035 ex
2693 2980 2958 3049 pontiﬁcis
3000 2984 3083 3036 sui
3111 2984 3347 3041 adventu

1777 3078 1840 3118 ac
1869 3069 2156 3133 praesentia
2186 3070 2470 3126 ominatur.

1843 3156 1931 3211 70.
1980 3157 2092 3225 Qua
2135 3174 2264 3213 vero
2325 3160 2379 3215 in
2432 3176 2491 3216 se
2533 3161 2895 3219 muniﬁcentia
2931 3180 2995 3222 ac
3030 3167 3347 3226 liberalitate

1771 3244 1913 3301 idem
1940 3246 2232 3319 Gregorius
2263 3261 2426 3319 esset,
2456 3255 2650 3322 passim
2676 3257 2789 3311 suis
2819 3256 2872 3311 in
2900 3259 3225 3314 carminibus
3251 3261 3345 3315 de-

1771 3340 1959 3408 clarat,
1990 3353 2153 3413 atque
2183 3354 2242 3400 ut
2269 3346 2337 3403 de
2367 3348 2577 3402 caeteris
2601 3358 2827 3416 taceam,
2851 3352 2944 3406 lib.
2969 3368 3079 3418 vin,
3102 3368 3222 3422 cap.
3247 3355 3339 3423 ‘25,
3430 3422 3433 3427 η

1772 3442 2037 3485 memorat
2067 3436 2170 3487 sibi
2203 3435 2269 3489 ab
2318 3437 2411 3489 illo
2459 3438 2689 3506 agellum
2737 3441 3031 3507 praestitum
3075 3444 3240 3501 fuisse
3274 3448 3343 3503 ad

1770 3520 2079 3577 alimoniam
2126 3537 2188 3577 ac
2231 3532 2458 3581 caeteros
2484 3538 2749 3596 sumptus,
2781 3531 2834 3585 in
2878 3547 2985 3600 quo
3028 3536 3343 3591 muniﬁcen-

1776 3609 1900 3666 tiam
1952 3612 2189 3681 ejusdem
2233 3616 2443 3672 confert
2489 3633 2609 3673 cum
2655 3620 2975 3679 liberalitate
2998 3626 3170 3681 sancti
3207 3627 3343 3682 hlar-

1773 3701 1888 3766 tini,
1938 3705 2196 3781 cum’hic
2244 3706 2311 3761 de
2357 3718 2504 3775 parte
2550 3709 2847 3782 chlamydis
2891 3729 3004 3770 suae
3047 3716 3244 3773 nodum
3284 3729 3341 3774 et
3390 3710 3391 3713 “

1770 3802 2013 3859 egentem
2044 3796 2300 3859 contexit,
2334 3798 2415 3852 his
2444 3802 2687 3855 versibus
2720 3820 2733 3854 :

1864 3880 2069 3954 “opiﬁci
2092 3886 2532 3954 reparansgblartini
2557 3899 2715 3954 gesta,
2737 3891 2967 3954 (ἔνθεοι-ι,

1891 3929 2069 4013 ειςεέί
2082 3929 2799 4013 ιιίζίῇξξξιῖιῐ,“ιῑδεοῆῑῑίρῑέ
2807 3929 2952 4004 “circ?

1864 4004 2244 4083 Et'ﬁlllI-lllngql
2266 4007 2355 4083 ille
2372 4004 2519 4083 prius,
2544 4015 2615 4061 sic
2631 4021 2687 4083 tu_
2701 4004 2891 4083 partiris
2902 4015 3151 4083 agellum;

1922 4064 2009 4113 Ille
2045 4064 2257 4143 tegendo
2281 4064 2472 4129 potens,
2496 4064 2648 4134 tuque
2666 4064 2870 4124 fovendo
2885 4064 3087 4128 decens.

1768 4143 1932 4213 Cujus
1976 4146 2190 4214 quidem
2242 4150 2398 4218 agelli
2442 4153 2599 4207 situm
2640 4164 2692 4209 et
2741 4158 3104 4218 amoenitatem
3131 4165 3331 4223 descri-

1768 4232 1919 4297 bens,
1952 4249 1999 4288 c.
2024 4233 2095 4289 24
2124 4236 2364 4305 ejusdem
2396 4240 2537 4305 libri,
2570 4241 2684 4297 haec
2712 4244 2787 4297 ait
2817 4263 2831 4299 :

1860 4323 1914 4372 In
1928 4338 2038 4395 Aqua
2052 4336 2195 4395 sorte
2218 4329 2311 4379 loci
2335 4330 2453 4378 facta
2477 4336 2552 4395 est
2571 4332 2762 4395 collatio
2780 4334 2911 4395 doni,

1921 4385 2025 4458 Qua
2052 4388 2273 4458 Vigenna
2295 4403 2465 4458 procax
2490 4390 2652 4458 littore
2672 4392 2854 4455 frangit
2873 4385 3038 4458 a'qnas.

1862 4446 2093 4520 Lapsibus
2116 4446 2167 4497 Et
2192 4446 2385 4520 tumidis
2400 4452 2518 4520 dum
2534 4452 2691 4520 fertur
2709 4446 2851 4520 nauta
2876 4446 3065 4520 ca'rinis;

1953 4520 2103 4569 ugera
2127 4510 2257 4558 culta
2284 4511 2433 4571 videt,
2458 4516 2646 4574 quando
2667 4515 2889 4565 celeuma
2906 4511 3051 4569 canit.

1835 4588 1922 4642 7i.
1956 4590 2207 4658 Ejusdem
2239 4606 2368 4647 vero
2394 4594 2445 4647 in
2469 4610 2527 4648 se
2556 4595 2744 4651 collata
2787 4614 3004 4655 munera
3034 4619 3099 4656 ac
3124 4608 3325 4662 beneﬁ-

1766 4680 1843 4733 cia
1886 4682 2190 4737 summatim
2242 4687 2622 4753 complectens,
2666 4688 2703 4741 l.
2750 4704 2864 4755 vin,
2912 4707 2962 4743 c.
3008 4694 3099 4757 2'5,
3140 4712 3325 4753 eorum

1767 4770 2185 4840 magnitudinem
2211 4790 2273 4827 ac
2304 4790 2579 4829 numerum
2607 4778 2877 4848 exprimit,
2907 4780 3151 4851 inquiens
3180 4804 3195 4839 :

1858 4864 2076 4934 Gurgitis
2092 4867 2142 4913 in
2164 4879 2357 4934 morem
2371 4868 2409 4914 si
2431 4867 2596 4934 lingua
2620 4870 2800 4917 fluenta
2823 4871 3029 4934 rigaret,

1917 4926 2132 4995 :l‘urhine
2157 4929 2389 4995 torrentis
2410 4928 2489 4975 vel
2508 4926 2773 4995 raperetur
2792 4926 2948 4995 aquis,

1859 4988 2031 5057 Δάμιδι
2056 4988 2298 5057 praecipue
2321 4992 2557 5057 praeconia
2575 4988 2781 5057 summa,
2801 4988 3027 5057 tsi-egeri,

1917 5048 2039 5112 Dum
2058 5048 2159 5097 non
2179 5049 2431 5112 expletam
2459 5050 2678 5111 ﬂumine,
2696 5048 2834 5112 gutta
2857 5048 3025 5105 iorem:

1812 5156 1817 5165 ,
1857 5107 2229 5183 Ilu'tlilicumque
2250 5107 2683 5183 Patrem'aequare't
2697 5107 2800 5183 nec
2827 5115 2960 5183 lusa
2977 5117 3207 5183 Maronis,

1918 5168 2041 5218 Fers
2059 5168 2184 5235 bona
2201 5180 2377 5232 quanta
2401 5168 2540 5234 mihi;
2563 5176 2672 5236 quis
2688 5176 2818 5225 valet
2835 5187 2922 5225 ore
2946 5175 3105 5240 loqui!

1836 5249 1923 5304 72.
1947 5251 2083 5316 Quid
2100 5261 2275 5309 autem
2300 5255 2531 5323 reliquos
2550 5271 2854 5313 enumerem
2870 5276 3004 5329 quos
3023 5266 3104 5319 sui
3124 5266 3324 5324 amicos

1707 5350 1711 5354 '
1762 5354 1824 5395 ac
1853 5351 2106 5409 patronos
2137 5343 2318 5399 habuit
2340 5345 2393 5400 in
2421 5345 2583 5401 Gallis
2609 5347 2960 5404 Fortunatus?
2999 5352 3173 5422 Reges
3201 5356 3323 5412 dico

1764 5443 1823 5483 ac
1853 5432 2113 5499 principes
2138 5435 2299 5499 viros,
2334 5436 2523 5503 quibus
2554 5446 2658 5491 tam
2684 5450 2957 5508 acceptum
2985 5450 3144 5510 atque
3171 5450 3320 5504 omni

1763 5531 2000 5589 tempore
2026 5523 2319 5591 jucundum
2350 5535 2404 5581 et
2432 5528 2651 5582 charum
2684 5531 2930 5584 eumdem
2977 5532 3160 5601 fuisse,
3204 5553 3324 5605 per.

1761 5626 2031 5681 magnum,
2063 5631 2181 5669 meo
2208 5617 2421 5685 quidem
2444 5618 2667 5687 judicio,
2710 5636 2829 5676 cum
2860 5624 3055 5693 ingenii
3103 5628 3221 5693 ejus
3266 5639 3322 5684 e‘

1762 5704 2037 5774 doetrinm,
2075 5717 2186 5763 tum
2216 5710 2336 5764 vitae
2365 5711 2700 5780 integritatis,
2732 5724 2887 5782 atque
2932 5718 3091 5772 etiam
3132 5722 3322 5789 cujus.

2809 5807 2852 5866 2
