3820 6236
428 338 503 400 ss
954 331 1462 390 unoeeconsua
1510 333 1598 386 AD
1637 325 1960 386 verum"
2002 327 2160 387 non.
2197 329 2404 386 CLEM.
2445 331 2832 390 FORTUNATI
2870 331 3116 389 OPERA.
3556 337 3610 394 ιι

426 453 550 509 dam
593 448 648 501 in
676 442 918 500 familiari
954 443 1332 498 consuetudine
1371 442 1682 497 urbanitatis
1730 455 1793 496 ac
1837 441 1986 497 festi-
2015 441 2400 510 Agiosissimis
2430 443 2591 500 fuisse
2635 453 2694 498 ut
2737 459 2831 513 per
2875 460 3090 512 annum,
3124 459 3188 500 ac
3232 458 3385 501 sacro
3415 453 3616 508 ηωιῑωα

425 539 625 603 vitatis,
655 545 736 591 est
757 535 1137 589 testimonium.
1169 532 1336 602 Supra
1362 532 1469 602 jam
1499 530 1730 586 diximus
1760 545 1916 600 quam
1941 531 1985 586 is
2018 586 2030 601 ,

429 634 711 706 Sigiherto,
743 629 852 697 regi
885 628 1193 692 Austrasiae,
1220 637 1402 695 gratus
1431 633 1573 678 esset
1597 633 1652 678 et
1678 622 1939 692 iucundus
1966 641 1978 675 :

427 723 514 784 cui
541 720 762 776 addendi
795 720 1028 788 ejusdem
1059 717 1268 778 fratres,
1299 714 1658 780 Charibertus,
1690 714 1980 768 Guntram-

429 829 549 881 nus,
574 813 931 881 Chilpericus,
962 818 1016 864 et
1054 807 1300 877 Sigiberti
1332 806 1470 860 tilius
1500 804 1611 874 (qui
1635 815 1822 874 postea
1871 804 1979 857 “Ao-

425 907 629 961 strasim
679 917 896 971 regnum
945 899 1158 969 tenuit),
1203 897 1588 961 Cliildebertus,
1633 909 1749 948 cum
1790 894 1986 964 reginis

426 997 535 1053 suis
584 992 938 1057 Brun'rchilde,
989 985 1356 1052 Gelesuintha,
1391 985 1756 1055 Fredegunde,
1801 999 1862 1036 ac
1900 999 1985 1037 re-

426 1086 526 1154 giis
571 1081 805 1145 familiis,
837 1079 974 1148 apud
1019 1092 1152 1147 quos
1199 1075 1544 1130 Fortunatum
1595 1075 1644 1127 in
1679 1074 1896 1126 honore
1923 1085 1987 1125 ac

420 1177 595 1246 pretio
623 1174 807 1239 fuisse,
840 1180 916 1226 tot
942 1172 1008 1225 de
1037 1170 1118 1224 his
1148 1177 1304 1239 atque
1343 1167 1406 1222 ad
1439 1167 1586 1241 ipsos
1615 1167 1807 1234 scripta
1859 1179 1987 1235 poe-

421 1273 560 1320 mata
589 1264 781 1334 passim
816 1268 1098 1316 testantur.

492 1355 580 1410 75.
611 1353 725 1409 lam
757 1366 884 1407 vero
913 1359 1106 1420 praeter
1144 1347 1443 1416 Gogonem,
1476 1344 1703 1414 Lupum,
1755 1343 1988 1412 Magnul-

417 1446 604 1515 phum,
635 1443 903 1507 Jovinam,
929 1449 981 1495 et
1007 1439 1141 1494 alios
1167 1438 1232 1492 de
1259 1436 1450 1507 quibus
1474 1449 1632 1503 supra
1665 1435 1986 1488 mentionem

421 1537 544 1606 feci,
573 1536 964 1591 Mummulenus
995 1533 1174 1596 etiam,
1207 1531 1288 1584 vir
1326 1529 1433 1582 illis
1463 1527 1788 1596 temporibus
1816 1526 1988 1595 digni-

419 1641 527 1686 tate
555 1637 832 1700 pratstans,
867 1636 919 1682 et
950 1627 1086 1681 inter
1133 1637 1260 1678 suos
1302 1621 1681 1688 nobilissimus,
1730 1618 1986 1674 amicissi—

417 1737 539 1775 mus
566 1719 836 1782 Fortunati
859 1713 1111 1771 fuit.-Hic
1140 1714 1288 1768 illum
1333 1713 1546 1781 egregie
1596 1711 1773 1765 laudat
1821 1709 1858 1764 l.
1890 1724 1985 1775 vn,

2090 533 2539 605 quadragesima“
2569 544 2828 604 tempore,
2858 537 2910 590 in
2944 536 3114 590 locum
3141 538 3436 606 quempiam
3456 540 3518 594 ab
3542 541 3618 596 ho-

2087 624 2288 677 minum
2321 625 2614 694 frequentia
2645 635 2908 680 remotum
2947 627 3280 692 secederent,
3314 627 3368 681 in
3394 644 3490 697 quo
3516 645 3618 700 pre-

2089 713 2242 769 cibus
2273 715 2371 769 soli
2401 730 2461 770 ac
2479 715 2699 786 jejuniis
2729 727 3000 774 vacarent.
3033 717 3104 772 Ita
3135 719 3202 774 de
3226 727 3412 774 sancto
3435 719 3621 780 Seuoch

2089 818 2266 872 narrat
2295 809 2451 880 Greg.
2483 811 2639 879 Tum,
2694 813 2788 869 lib.
2838 813 2903 869 de
2935 813 3067 869 Vitis
3112 814 3354 883 Patrum,
3394 832 3503 888 cap.
3547 821 3620 886 l5,

2088 899 2226 968 quod
2257 915 2287 954 a
2316 899 2404 955 die
2434 903 2603 957 sancti
2633 901 2870 969 Martini,
2897 917 3064 973 usque
3091 905 3154 958 ad
3184 904 3420 961 Natalem
3457 907 3623 964 Christi

2089 990 2250 1059 diem,
2276 999 2329 1045 et
2359 1007 2548 1047 rursus
2581 993 2925 1063 quadraginta
2955 1004 3079 1049 ante
3104 995 3305 1049 Pascha
3333 997 3508 1052 diebus
3531 998 3623 1053 cel-

2087 1082 2191 1135 lula
2219 1081 2434 1137 vivebat
2463 1085 2732 1151 inclusus;
2764 1087 2992 1154 itemque
3022 1087 3088 1140 de
3118 1087 3425 1143 Berecundo
3451 1091 3496 1156 ‘,
3520 1104 3626 1160 pon-

2089 1173 2232 1229 tiﬁce
2277 1173 2620 1230 Ambianensi
2663 1187 2841 1231 narrat
2889 1186 3070 1231 auctor
3121 1177 3375 1248 Gregorio
3418 1193 3622 1248 coaevus,

2094 1265 2232 1332 quod
2260 1275 2524 1322 secretum
2555 1267 2608 1320 in
2641 1267 2813 1322 locum
2838 1269 3140 1332 recedebat,
3169 1277 3227 1323 ut
3253 1283 3403 1324 sacro
3428 1271 3622 1338 quadra-

2089 1353 2330 1422 gesimali
2381 1363 2623 1424 tempore
2671 1356 2968 1411 divinarum
3005 1371 3182 1413 rerum
3223 1358 3624 1427 contemplationi

2091 1453 2301 1498 vacaret
2323 1445 2634 1514 impensius.

2163 1533 2251 1587 76.
2285 1535 2452 1590 Porro
2479 1551 2597 1592 eam
2626 1538 2689 1591 ad
2721 1553 2832 1592 rem
2867 1539 3154 1607 aptissimae
3197 1541 3530 1594 occurrebant
3555 1542 3623 1594 in-

2091 1626 2250 1694 sulae,
2285 1642 2426 1697 quae,
2458 1631 2593 1682 mari
2623 1629 2851 1699 undique
2880 1631 3232 1698 circumfusae,
3276 1631 3625 1700 frequentiam

2093 1719 2364 1774 hominum
2394 1720 2648 1776 arcebant
2673 1735 2940 1804 accessus.
2971 1721 3106 1776 Hinc
3133 1721 3200 1776 de
3228 1721 3478 1786 Palladio,
3505 1723 3626 1776 San-

419 1828 471 1866 c.
501 1809 590 1877 H,
621 1825 684 1864 ac
711 1810 748 1864 Ι.
777 1823 848 1873 ix,
880 1822 929 1862 c.
956 1803 1014 1873 2,
1067 1803 1253 1858 scribit
1301 1802 1368 1855 ad
1398 1801 1642 1855 eumdem
1687 1800 1989 1855 consolato-

2103 1811 2318 1865 tonensi
2365 1813 2639 1887 episcopo,
2687 1822 2868 1868 narrat
2901 1794 3210 1884 Gregorius,
3259 1813 3350 1866 lib.
3400 1827 3485 1867 vui
3510 1813 3622 1872 Hist.

417 1903 553 1957 riam
600 1901 877 1971 epistolam
922 1913 1016 1968 pro
1051 1904 1221 1951 morte
1251 1895 1442 1965 puellae
1487 1894 1630 1947 filiae.
1662 1893 1789 1948 item
1818 1893 1988 1960 Papu-

417 1999 538 2061 lus,
586 1995 668 2049 vir
711 1991 846 2063 apud
893 1990 1210 2061 Sigibertum
1261 1987 1680 2056 potentissimus,
1725 1985 1985 2051 Berult‘us,

417 2090 624 2156 Condo,
655 2086 1008 2152 Gundoarius,
1057 2085 1230 2145 Boso,‘
1269 2081 1622 2148 Galactorius,
1663 2078 1984 2144 Chrodinus,

419 2176 758 2240 Mummolus,
783 2183 839 2229 et
883 2174 970 2228 alii
997 2188 1117 2228 cum
1146 2173 1347 2226 virtute
1393 2185 1454 2223 ac
1483 2170 1739 2238 dignitate
1768 2167 1986 2236 praecel-

417 2269 591 2323 lentes
637 2265 758 2331 viri,
814 2273 922 2318 tum
971 2262 1109 2330 apud
1155 2274 1312 2330 reges
1337 2274 1463 2314 suos
1494 2259 1735 2315 honorati
1786 2266 1839 2311 et
1865 2269 1988 2326 gra-

421 2359 568 2423 tiosi,
603 2357 868 2426 praecipua
913 2354 1279 2411 benevolentia
1320 2353 1565 2410 eumdem
1607 2351 1868 2421 prosecuti
1896 2348 1989 2404 de-

415 2448 834 2521 prehenduntur.
886 2446 1034 2514 Quod
1086 2455 1263 2501 autem
1312 2445 1377 2499 ad
1423 2446 1538 2514 ejus
1572 2439 1989 2498 commendatio-

420 2555 565 2607 nem,
609 2555 730 2596 meo
758 2539 971 2610 quidem
999 2537 1226 2608 judicio,
1256 2535 1435 2592 valere
1481 2526 1767 2605 plurimum
1808 2533 1987 2599 debet,

418 2631 553 2688 illud
583 2639 685 2698 est,
719 2630 860 2700 quod
885 2644 1006 2684 cum
1035 2629 1247 2684 illorum
1277 2630 1408 2698 q‘uos
1452 2627 1722 2682 nominavi
1753 2627 1989 2699 plerique

417 2723 566 2777 varia
617 2722 830 2776 fortuna
859 2721 940 2776 usi
987 2719 1257 2774 interdum
1289 2721 1415 2783 sint,
1449 2733 1511 2774 ac
1541 2718 1779 2773 nonnulli
1825 2718 1907 2771 vel
1933 2717 1989 2771 in

416 2829 574 2885 reges
603 2814 749 2882 ipsos
777 2810 1224 2880 conspiraverint,
1255 2818 1346 2864 aut
1372 2791 1438 2863 ab
1463 2808 1647 2863 iisdem
1678 2807 1989 2873 defecerint,

421 2906 514 2959 alii
548 2899 810 2975 gravibus
857 2903 924 2957 de
968 2902 1143 2958 causis
1198 2898 1430 2971 suspecti
1480 2909 1531 2952 et
1578 2897 1763 2953 οπεηεὶ
1816 2898 1989 2952 locum

419 3013 573 3053 suum
592 3006 647 3052 et
667 2996 884 3066 gradum
912 2994 1207 3060 amiserint,
1237 3001 1290 3048 et
1318 2993 1509 3048 exsilio
1538 3000 1631 3044 aut
1652 2998 1823 3045 morte
1847 2989 1988 3044 mul-

418 3090 519 3143 tati
563 3085 860 3143 miserrime
904 3085 1224 3150 interierint,
1277 3095 1413 3137 unus
1461 3095 1594 3151 pene
1641 3081 1981 3146 Fortunatus,

423 3177 568 3231 nulla
597 3165 828 3244 unquam
858 3175 925 3229 de
955 3187 1114 3229 causa
1145 3173 1434 3228 accersitus
1463 3161 1872 3239 aut“suspectus
1912 3166 1987 3224 le2

425 3266 567 3335 gitur
595 3265 781 3331 fuisse,
810 3279 906 3318 nec
935 3278 1117 3319 eorum
1151 3277 1286 3332 quos
1312 3261 1662 3316 amicissimos
1688 3272 1741 3315 et
1763 3261 1987 3330 conjun-

427 3356 694 3411 ctissimos
741 3354 968 3409 habebat
1017 3355 1290 3408 calamitas
1345 3351 1420 3406 illi
1477 3366 1580 3419 qua
1626 3350 1763 3419 apud
1820 3350 1990 3419 Reges

427 3449 699 3503 fruebatur
724 3445 908 3516 gratiae
955 3444 1131 3499 offecit
1156 3443 1438 3513 aliquando
1474 3460 1486 3495 :
1519 3441 1658 3510 quod
1694 3456 1884 3511 magno
1912 3440 1990 3494 in-

426 3541 566 3598 dicio
589 3551 672 3596 est
697 3540 769 3594 ita
799 3538 1047 3594 eumdem
1094 3537 1546 3592 nobilissimorum
1593 3535 1828 3589 virorum
1859 3534 1989 3588 ami-

424 3630 580 3688 citias
627 3631 873 3694 coluisse,
924 3638 980 3683 ut
1022 3627 1161 3682 idem
1208 3627 1396 3682 alienis
1449 3640 1478 3679 a
1526 3637 1893 3694 personasua
1939 3631 1993 3678 et

430 3723 595 3795 gradu
625 3719 852 3792 negotiis
880 3734 998 3775 sese
1025 3735 1128 3773 non
1168 3717 1511 3783 immisceret,
1544 3718 1721 3787 atque,
1751 3718 1818 3771 ab
1847 3715 1993 3770 omni

438 3814 662 3885 partium
695 3813 867 3868 studio
891 3812 1116 3879 alienus,
1147 3809 1286 3880 quod
1313 3825 1467 3865 suum
1497 3817 1614 3866 erat
1654 3822 1788 3878 opus
1813 3821 1994 3878 perse-

427 3891 699 3976 queretur,
725 3903 870 3974 pacis
899 3911 1056 3970 atque
1080 3900 1174 3956 otii
1204 3900 1428 3954 amicus.

500 3996 590 4052 74.
626 3997 864 4065 Spatium
899 4007 1027 4047 vero
1059 3992 1311 4059 temporis
1339 3989 1551 4059 aliquod
1584 3985 1836 4042 habitavit
1859 3985 1992 4040 For-

433 4094 648 4141 tunatus
671 4086 722 4137 in
748 4097 811 4136 ea
842 4081 1126 4136 Britannia:
1166 4080 1385 4135 minoris
1413 4087 1562 4149 parte
1591 4093 1708 4148 qua:
1735 4078 1802 4132 ad
1828 4078 1995 4132 Ocea-

2012 3127 2060 3190 Ο

2091 1899 2314 1964 Franc.,
2345 1916 2462 1970 cap.
2495 1900 2584 1968 43,
2615 1902 2753 1970 quod
2783 1903 2895 1972 ipse
2929 1902 3340 1974 Quadragesima:
3364 1904 3627 1973 temperent

2086 1989 2307 2042 insulam
2347 1992 2534 2056 maris,
2576 1992 2825 2045 orationis
2871 2007 3053 2059 causa,
3100 1995 3400 2048 secessisset.
3433 1993 3630 2049 Sanctus

2089 2077 2369 2134 Marculfus
2399 2081 2581 2144 etiam,
2612 2082 2777 2137 abbas
2823 2083 3123 2149 Nantensis,
3170 2084 3224 2138 in
3263 2084 3533 2150 quamdam
3567 2085 3630 2138 in-

2095 2171 2264 2223 sulam
2297 2173 2576 2239 quotannis
2606 2173 2962 2244 confugiebat,
2992 2185 3233 2244 quatenus
3261 2177 3332 2228 ibi
3361 2191 3503 2245 super
3524 2175 3632 2228 illud

2093 2277 2294 2315 sacrum
2325 2273 2523 2331 tempus
2563 2265 3018 2336 quadragenarium
3056 2282 3240 2336 corpus
3267 2266 3480 2335 rigidius
3504 2265 3632 2318 solito

2090 2363 2399 2420 maceraret,
2421 2363 2470 2408 et
2505 2355 2705 2424 quoab
2748 2356 3008 2410 hominum
3035 2366 3307 2425 conspectu
3337 2359 3459 2409 estet
3493 2371 3631 2409 remo-

2092 2445 2211 2511 tior,
2250 2461 2307 2498 eo
2338 2445 2404 2498 ad
2429 2445 2660 2515 vigilias,
2702 2448 3003 2518 orationem,
3043 2449 3348 2519 jejuniaque
3387 2449 3633 2500 exercenda

2090 2541 2277 2607 aptior,
2306 2547 2454 2607 atque
2482 2539 2784 2607 ,σπρεάίιὶον
2833 2549 2980 2602 esset,
3027 2549 3083 2593 ut
3115 2539 3306 2608 legitur
3325 2537 3378 2592 in
3421 2537 3633 2608 ejusdem

2090 2626 2231 2693 Vita,
2266 2643 2318 2680 n.
2347 2628 2432 2694 12,
2461 2643 2581 2697 qua!
2609 2630 2776 2683 relata
2803 2638 2886 2684 est
2925 2644 3050 2684 sate.
3084 2643 3102 2681 1
3129 2628 3352 2693 Bened.,
3385 2643 3497 2696 pag.
3529 2625 3634 2684 128.

2091 2716 2255 2770 Porro
2301 2718 2383 2770 vel
2439 2727 2595 2770 aetate
2652 2719 2762 2771 divi
2804 2713 3069 2771 Ambrosii
3118 2733 3275 2786 quam
3342 2703 3634 2785 frequentari

2092 2803 2278 2857 insulas
2308 2803 2539 2856 solerent
2563 2803 2631 2856 ab
2653 2803 2736 2857 his
2761 2805 2871 2873 qui,
2898 2805 3108 2873 pietatis
3135 2819 3316 2870 causa,
3347 2806 3456 2882 sola
3482 2818 3540 2859 ac
3563 2819 3631 2860 se-

2092 2902 2241 2969 creta
2272 2892 2322 2946 in
2354 2891 2469 2946 loca
2497 2892 2780 2961 cupiebant
2807 2894 3074 2961 secedere,
3126 2895 3324 2948 indicat
3372 2896 3480 2962 ipse
3523 2894 3635 2948 Am-

2089 2983 2301 3038 brosius
2327 2983 2383 3038 in
2415 2981 2638 3038 ﬂexam.
2670 2984 2707 3043 l.
2736 2998 2812 3051 ιιι,
2853 2998 2902 3039 c.
2933 2983 2984 3051 5,
3030 2983 3096 3038 iis
3123 2985 3301 3039 verbis
3330 3002 3342 3036 :
3375 2983 3503 3049 Quid
3527 2999 3632 3038 enu-

2089 3089 2275 3127 merem
2312 3074 2573 3129 insulas...
2604 3074 2659 3127 in
2684 3076 2865 3144 quibus
2909 3075 2947 3128 ii
2986 3076 3071 3144 qui
3117 3090 3171 3130 se
3206 3075 3436 3129 abdicant
3479 3076 3631 3127 intem-

2090 3166 2334 3232 perantia
2352 3165 2610 3219 surcularis
2627 3164 2894 3232 illecebris,
2913 3165 3012 3234 ﬁde
3035 3166 3356 3237 continentia
3377 3169 3627 3235 proposito,

2089 3256 2282 3324 eligunt
2311 3255 2503 3309 mundo
2533 3257 2706 3320 latere,
2749 3265 2796 3310 et
2838 3257 2951 3310 uiua
2993 3256 3147 3326 hujus
3188 3258 3442 3313 declinare
3476 3260 3630 3312 dubios

2089 3344 2351 3412 anfractus
2372 3346 2398 3400 i‘
2428 3344 2571 3400 Mare
2598 3357 2670 3400 est
2697 3362 2814 3416 ergo
2853 3357 3091 3406 secretum
3125 3351 3482 3416 temperantia,
3511 3365 3632 3403 excr-

2089 3439 2265 3493 citium
2291 3439 2631 3506 continentic,
2658 3440 2918 3510 gravitatis
2951 3456 3193 3508 secessus,
3215 3451 3386 3512 portus
3413 3443 3631 3494 securita-

2091 3534 2174 3596 tis,
2207 3532 2548 3602 tranquillitas
2593 3533 2791 3598 saeculi,
2837 3532 3016 3586 mundi
3058 3531 3214 3602 hujus
3256 3533 3514 3599 sobrietas,
3537 3539 3629 3585 tum

2091 3619 2328 3687 ﬁdelibus
2357 3623 2486 3672 uiris
2521 3629 2668 3689 atque
2695 3624 2881 3674 devotis
2929 3625 3228 3677 incentivum
3275 3625 3557 3690 devotionis,
3583 3633 3630 3678 at

2092 3726 2208 3763 cum
2248 3711 2503 3763 undarum
2552 3711 2728 3784 leniter
2756 3709 3053 3765 alluentium
3097 3727 3223 3767 sono
3263 3725 3444 3767 certent
3478 3725 3628 3768 cantus

2092 3798 2439 3868 psallentium,
2471 3800 2714 3870 plaudunt
2740 3801 3231 3871 insulteJranquillo
3269 3805 3506 3872 ﬂuctuum
3529 3819 3628 3857 san-

2093 3902 2287 3946 ctorum
2307 3893 2481 3960 choro,
2515 3893 2716 3961 hymnis
2749 3887 3036 3947 sanctorum
3061 3904 3345 3962 personent.

2167 3981 2257 4034 77.
2289 3982 2417 4048 Quae
2438 3979 2561 4036 cum
2592 3985 2659 4036 ita
2685 3985 2810 4051 sint,
2841 3983 3074 4040 adducor
3100 3995 3154 4040 ut
3181 3988 3390 4043 credam
3421 3988 3494 4044 vel
3517 3987 3624 4043 For-

2104 4081 2347 4125 tunatum
2396 4087 2448 4125 In
2491 4073 2789 4152 quampiam
2838 4074 3062 4130 insulam
3093 4077 3342 4153 secedere
3381 4076 3626 4147 aliquando

427 4191 556 4230 num
602 4174 795 4244 posita,
839 4171 953 4241 ejus
1004 4171 1252 4227 ﬂuctibus
1282 4170 1495 4226 alluitur
1524 4185 1585 4225 ac
1614 4171 1860 4240 cingitur.
1911 4169 1999 4224 Sic
2096 4161 2452 4227 consueViSSO.
2486 4161 2641 4230 idque
2669 4163 2802 4216 Ιοτιθ
2846 4175 2999 4217 sacro
3049 4163 3470 4234 Quadragesima:
3503 4174 3622 4220 tem-

433 4266 573 4321 enim
627 4265 953 4334 ipsescribit
999 4265 1064 4319 ad
1109 4263 1340 4319 Felicem
1371 4263 1806 4329 Namnetensem,
1838 4261 1874 4315 l.
1918 4276 1997 4328 nt,
2098 4268 2245 4323 pore,
2297 4256 2350 4307 in
2398 4267 2520 4322 qua,
2568 4253 2635 4307 ab
2682 4253 2956 4309 hominum
3003 4254 3158 4310 turba
3206 4265 3457 4324 remotus,
3495 4265 3627 4323 atque

433 4357 602 4426 cap.‘
627 4375 640 4409 :
668 4357 922 4410 Uscitante
948 4371 1024 4409 me
1052 4372 1207 4426 prope
1227 4355 1444 4424 ﬁnitima
1468 4355 1636 4425 pelagi
1659 4354 2000 4408 blandimento
2099 4345 2346 4398 omnibus
2375 4358 2576 4399 vacuus
2619 4346 2864 4414 negotiis,
2911 4344 3132 4416 jejuniis
3174 4359 3238 4401 ac
3268 4347 3498 4416 precibus
3536 4357 3626 4400 stu-

434 4450 687 4502 naturalis
715 4449 930 4516 torporis
959 4449 1010 4500 in
1038 4448 1187 4514 lecto,
1230 4458 1275 4501 ct
1305 4446 1519 4501 littorali
1548 4445 1736 4499 diutius
1779 4446 1833 4499 in
1861 4460 2000 4498 mar-
2026 4461 2080 4522 Β
2105 4434 2306 4488 ἀὶυθίυε
2354 4434 2594 4487 ίηειπθιο
2641 4434 2791 4498 QUOd
2839 4435 2979 4488 enim
3031 4438 3144 4504 ipse
3191 4437 3242 4490 in
3285 4433 3449 4505 aliqua
3473 4435 3626 4522 insula

436 4542 553 4610 gine
595 4538 901 4602 decubante,
949 4539 1110 4590 subito
1160 4554 1246 4606 per
1295 4537 1591 4608 undifragos
1633 4537 1994 4618 uestri/luctus
2028 4517 2064 4522 -
2104 4525 2312 4590 νὶιεῐίιν
2343 4539 2406 4590 ex
2439 4525 2674 4594 eillSdem
2699 4525 2873 4580 verbis
2905 4527 3118 4597 intelligi
3155 4535 3353 4596 potest.
3382 4517 3627 4599 quibusad

2100 4619 2418 4676 Placidinam
2448 4618 2654 4683 scribit,
2679 4617 2768 4672 lib.
2803 4631 2837 4683 ι,
2868 4633 2984 4688 cap.
3014 4621 3100 4688 l7,
3131 4620 3229 4675 hoc
3252 4621 3404 4676 modo
3430 4637 3444 4674 :

2196 4712 2393 4778 munera
2415 4705 2739 4778 parvanimis,
2766 4712 2864 4772 pia,
2887 4714 3112 4778 suscipe,
3129 4725 3315 4778 quaso,
3343 4713 3554 4778 libenter,

2255 4775 2373 4829 Quae
2395 4772 2548 4830 magis
2566 4772 2665 4834 ipsa
2685 4771 2886 4834 decens,
2910 4771 3084 4834 munus
3102 4771 3470 4834 in'orbe’micas.

2197 4831 2446 4894 Fluctibus
2473 4844 2501 4878 e
2524 4832 2696 4894 mediis
2715 4832 2816 4880 haec
2833 4831 2886 4880 ut
2908 4831 3043 4880 daret
3067 4831 3220 4881 insula
3241 4834 3393 4894 vobis,

2257 4893 2482 4942 Oceanus
2508 4892 2703 4940 tumidis
2722 4903 2970 4942 murmure
2994 4901 3190 4953 praestat
3215 4897 3368 4957 aquis.

2179 4981 2262 5034 78.
2287 4979 2599 5046 Quanquam
2627 4977 2710 5032 vel
2737 4991 2799 5031 ea
2828 4976 3056 5032 fortasse
3087 4977 3183 5031 fuit
3208 4991 3366 5033 causa
3410 4993 3496 5032 cur
3518 4974 3630 5029 For-

2115 5078 2324 5123 tunatus
2374 5067 2596 5132 insulas,
2637 5070 2748 5122 sive
2803 5067 2905 5122 alia
2953 5069 3220 5122 maritima
3280 5071 3410 5136 loca,
3461 5076 3632 5139 peteret

2116 5161 2420 5229 aliquando,
2472 5159 2613 5235 quod
2659 5161 2704 5213 is
2751 5159 3210 5214 sanctissimorum
3253 5159 3530 5225 hominum,
3562 5158 3633 5225 qui

2114 5252 2220 5306 illis
2253 5255 2307 5306 in
2336 5251 2637 5322 regionibus
2667 5252 3057 5314 habitaverant,
3093 5264 3154 5304 ac
3184 5265 3362 5306 rerum
3388 5251 3452 5304 ah
3477 5247 3635 5304 iisdem

2115 5352 2379 5413 gestarum
2410 5353 2753 5397 monumenta
2775 5350 3064 5411 quatreret,
3095 5341 3289 5411 quibus
3313 5355 3429 5396 cum
3455 5339 3515 5395 ad
3549 5341 3641 5408 pie-

2116 5447 2278 5492 tatem
2314 5440 2707 5499 accenderetur,
2739 5445 2793 5489 et
2821 5445 3096 5491 acueretur
3127 5437 3194 5490 ad
3215 5435 3547 5490 imitationem
3578 5430 3640 5484 si-

2116 5530 2413 5584 militudine
2459 5528 2840 5599 exemplorum,
2890 5535 2996 5581 tum
3041 5537 3185 5580 actas
3215 5525 3284 5578 ab
3311 5523 3490 5579 iisdem
3517 5519 3641 5576 Vitas

2115 5621 2494 5681 conscriberet.
2523 5620 2670 5686 Quod
2701 5620 2751 5674 in
2785 5621 2968 5688 primis
2997 5621 3239 5675 Solemne
3284 5619 3456 5676 eidem
3485 5615 3638 5676 Μίεεσ

439 4631 648 4698 elaquii,
678 4630 822 4698 quasi
847 4629 1067 4698 scopulis
1110 4628 1479 4702 incurrentibus
1515 4627 1657 4694 elisa,
1697 4629 1817 4683 salis
1845 4643 1995 4698 spar-

438 4726 555 4796 gine
582 4739 660 4777 me
687 4721 896 4793 contigit
916 4720 1152 4774 irrorari.
1178 4719 1320 4774 Idem
1347 4719 1582 4774 scribens
1608 4720 1674 4775 ad
1706 4720 1998 4776 Druconem

441 4816 614 4885 Diac.-,
648 4816 740 4870 lib.
766 4827 845 4879 ιιι,
878 4827 993 4884 cap.
1029 4815 1116 4880 55,
1146 4812 1260 4868 haec
1280 4814 1352 4866 ait
1387 4830 1398 4864 :

530 4933 630 4983 Nos
652 4933 799 4980 maris
816 4928 996 4979 Oceani
1017 4928 1249 4976 tumidum
1267 4927 1552 4976 circumﬂuit
1568 4939 1755 4989 equor,

589 4994 665 5042 Te
686 5003 882 5053 quoque
908 4990 1141 5045 Parisius,
1166 4989 1314 5053 chare
1337 4989 1533 5053 sodaiis,
1560 4990 1730 5053 habet.

533 5049 760 5114 Sequana
788 5049 835 5101 t‘e
859 5053 1176 5114 retinet,uos
1202 5049 1326 5096 unda
1358 5049 1628 5098 llritannica
1646 5049 1816 5112 cingit.

596 5112 786 5163 Divisos
811 5115 972 5169 terris,
998 5112 1161 5170 alligat.
1185 5122 1308 5157 unus
1333 5121 1484 5158 amor.
1537 5169 1540 5170 ν
1776 5160 1782 5165 _

533 5176 636 5226 Non
659 5173 790 5223 furor
817 5175 894 5222 hic
918 5169 1290 5234 Pelagi’vultum
1312 5171 1432 5234 mihi
1463 5169 1708 5229 subtrahit
1728 5169 1879 5229 illum,

595 5236 698 5286 Nec
719 5235 902 5284 Boreas
922 5233 1080 5284 aufert
1103 5245 1296 5292 nomen,
1324 5233 1494 5290 amice,
1521 5240 1668 5280 tuum.

524 5340 611 5394 75.
663 5335 1018 5402 Quaerendum
1063 5343 1240 5387 autem
1289 5332 1492 5385 videtur
1521 5329 1744 5399 quanam
1785 5331 2013 5385 maxime

450 5430 517 5484 de
545 5441 700 5483 causa
731 5427 870 5480 idem
893 5427 944 5477 in
972 5438 1089 5478 oras
1116 5425 1229 5477 illas
1250 5437 1314 5477 ac
1344 5422 1516 5475 littora
1535 5422 1873 5477 secessisset?
1904 5423 2015 5488 Qua

460 5536 494 5574 n
525 5534 583 5574 re
609 5519 652 5573 si
685 5518 805 5571 licet
835 5516 1103 5584 conjicere
1132 5514 1348 5582 aliquid,
1374 5513 1503 5576 illud.
1525 5513 1749 5581 primum
1773 5517 2015 5569 animad-

454 5620 620 5673 verto,
661 5611 899 5663 solemne
948 5616 1078 5662 tunc
1123 5604 1378 5674 temporis
1429 5604 1692 5676 plerisque
1743 5605 1869 5685 viris
1894 5605 2014 5664 rel‘-

521 5735 543 5760 ἰ
575 5725 712 5791 Lege
738 5722 889 5790 prati.
921 5718 985 5774 ad
1012 5733 1156 5774 sacc.
1185 5717 1225 5783 l,
1261 5735 1314 5772 ιι.
1343 5717 1462 5771 lll.
