3820 6236
474 379 544 436 ιτ
991 381 1492 445 PROLEGOMENA
1539 386 1628 459 AD
1665 383 1995 449 VENANTIl
2032 382 2190 439 ΗΟΝ.
2233 383 2434 442 CLEM.
2476 383 2863 443 FORTUNATI
2894 388 3149 447 OPERA.
3602 389 3659 449 b8

473 494 816 550 Fortunatum
850 504 1086 551 nostrum
1130 501 1455 570 episcopum,
1501 511 1553 554 et
1597 501 1809 569 quidem
1856 502 2033 556 Picta-
2063 499 2192 560 Aio
2215 498 2427 563 Gallias,
2461 515 2522 556 ac
2553 503 2766 571 triginta
2811 512 3036 572 quatuor
3078 502 3213 557 alios
3255 513 3480 574 exegerit
3505 506 3552 561 in
3575 507 3659 564 hoc

474 592 706 641 vterisem
757 587 934 642 fuisse.
984 588 1113 643 Nam
1163 592 1726 659 primorBaudunivla,
1789 591 2034 648 moaialis

473 679 778 732 inonastetii
829 679 1213 744 Pictaviensis,
1260 696 1436 738 coteva
1484 683 1810 753 Fortitudo,
1853 688 1928 742 sic
1967 688 2034 744 de

473 769 588 835 ipso
632 772 815 825 scribit
862 772 914 825 in
960 773 1163 843 prolog.
1214 774 1349 829 Vitae
1390 790 1584 833 sanciat
1630 780 1965 848 lladcgundis
2017 801 2029 835 :

472 859 593 913 Non
614 879 673 915 ea
701 878 812 929 θείω
840 864 914 915 vir
941 866 1271 931 apostolicus,
1301 865 1381 920 1εό
1419 877 1614 921 'otnatus
1648 870 1936 937 episcopus,
1971 872 2035 925 de

469 950 626 1005 beata:
665 948 777 1002 Vita
826 954 1107 1021 composuit
1146 954 1403 1008 iteramus.
1453 956 1578 1023 Quis
1617 967 1789 1013 autem
1833 968 2035 1015 asserat

472 1037 646 1093 Vitam
673 1040 844 1096 beata:
876 1042 1227 1113 lladegundis,
1260 1061 1379 1114 quae
1411 1047 1560 1102 alteri
1590 1051 1801 1119 scriptae
1839 1066 1870 1104 a
1900 1052 2033 1105 Bau-

466 1128 679 1185 donivia
709 1132 848 1185 solet
877 1134 1097 1204 prmligi,
1125 1149 1153 1187 a
1200 1144 1384 1190 nostro
1430 1137 1689 1193 Venantio
1736 1141 2028 1197 Fortunato

468 1234 575 1276 non
604 1220 767 1278 fuisse
793 1226 1176 1303 conscriptam?
1206 1228 1406 1283 Deinde
1435 1230 1628 1285 Paulus
1660 1233 1827 1297 Diae,
1861 1235 1953 1289 lili.
1996 1250 2035 1289 it

467 1310 606 1366 Hist.
634 1312 827 1385 Long.,
853 1330 971 1383 cap.
1004 1315 1093 1380 15,
1122 1316 1200 1370 sic
1226 1317 1293 1371 de
1322 1318 1439 1382 ipso
1460 1321 1642 1375 scribit
1675 1340 1686 1374 :
1721 1321 2033 1379 Novissime-

467 1419 566 1473 que
606 1403 662 1457 in
700 1406 875 1459 eadem
916 1406 1113 1460 civitate
1155 1407 1427 1479 (Pictavis)
1479 1414 1699 1481 primum
1745 1416 2030 1486 presbyter,

468 1494 655 1550 deinde
682 1497 943 1567 episcopus
976 1497 1240 1552 ordinatus
1275 1496 1368 1556 est.
1399 1498 1516 1556 Jam
1545 1517 1673 1557 vero
1703 1504 1898 1560 Paulus
1921 1508 2036 1560 dia-

467 1599 634 1641 conus
662 1593 698 1639 a’
736 1584 926 1641 Carolo
970 1586 1178 1657 Magno,
1210 1600 1486 1660 postquam
1531 1593 1635 1647 hic.
1659 1594 2036 1666 Longobardo-

466 1690 585 1731 rum
609 1691 825 1745 regnum
858 1678 909 1730 in
936 1679 1078 1732 Italia
1098 1678 1717 1747 exstinxerat,abductus
1738 1687 1787 1739 iu
1816 1687 2032 1754 Gallias,

467 1777 589 1819 cum
633 1774 689 1819 et
733 1765 1000 1847 Pictavum
1043 1769 1110 1822 ad
1143 1771 1405 1825 tumulum
1452 1773 1723 1830 Fortunati
1782 1780 2031 1851 venisset,

469 1871 535 1911 ex
564 1860 726 1912 certis
752 1846 1109 1915 monumentis
1139 1877 1248 1916 rem
1276 1878 1488 1920 onmem
1515 1868 1719 1924 discere
1739 1871 1942 1944 potuita

540 1945 633 2002 88.
662 1948 810 2016 Quod
845 1965 969 2003 vero
997 1950 1157 2022 Greg.
1184 1952 1511 2010 Turonensis
1539 1960 1746 2014 nonnisi
1772 1962 2044 2033 presbytee

474 2057 587 2093 rum
632 2056 754 2097 eum
799 2044 1046 2112 appellet,
1099 2044 1226 2098 nihil
1276 2049 1471 2118 negOtii
1515 2065 1576 2104 ea
1622 2067 1708 2106 res
1738 2052 1881 2119 facit,
1913 2070 2033 2111 cum

471 2130 795 2190 Fortunatus
844 2134 1053 2189 nonnisi
1103 2144 1344 2191 extremo
1371 2139 1495 2192 vita!
1539 2154 1649 2195 suae
1690 2153 1945 2210 tempore,
1979 2158 2037 2201 ut

474 2219 610 2276 infra
653 2222 907 2288 dicemus,
966 2223 1314 2282 Pictaviensis
1357 2229 1637 2297 episcOpus
1677 2244 1884 2287 creatus
1931 2236 2031 2303 sit,

469 2327 574 2382 quo
627 2323 864 2382 tempore
905 2312 1191 2384 Gregorius
1235 2332 1342 2372 non
1392 2320 1561 2375 solum
1604 2322 1839 2381 ediderat
1875 2325 2037 2382 libros

467 2418 632 2470 suos,
685 2406 775 2460 sed
826 2406 983 2460 etiam
1029 2408 1135 2461 vita
1187 2408 1394 2467 iunctus
1436 2412 1624 2479 fuerat,
1677 2410 1734 2469 ut
1780 2421 1876 2471 Suo
1918 2418 2035 2474 loco

469 2497 837 2554 ostendemus.
874 2499 1050 2568 Atque
1080 2501 1262 2557 isthmc
1292 2503 1390 2558 fuit
1419 2519 1578 2575 causa
1606 2523 1702 2562 cur
1729 2509 1842 2577 ejus
1875 2523 2035 2579 Opera

471 2584 730 2656 Gregorio
773 2587 974 2643 Turon.
1022 2605 1318 2662 nuncupata
1363 2597 1641 2668 presbyteri
1687 2598 1877 2668 I:atici,
1928 2617 2032 2659 non

468 2678 692 2747 episcopi
719 2678 1069 2746 Pictaviensis,
1096 2698 1287 2738 nomen
1308 2686 1610 2753 praeferant.

543 2767 634 2822 89.
666 2768 782 2835 Quo
812 2785 938 2823 vero
968 2785 1110 2824 anno
1151 2771 1473 2828 Fortunatus
1519 2778 1699 2831 sedem
1738 2778 2032 2835 Pictavien-

469 2871 583 2913 sein
610 2860 1002 2924 conscenderit,
1028 2860 1247 2916 difﬁcile
1275 2874 1357 2919 est
1383 2865 1606 2920 deﬁnire
1629 2876 1676 2922 ³.
1701 2869 1812 2936 Quo
1833 2872 2037 2927 scilicet

469 2957 708 3015 tempore
751 2950 980 3005 decessit
1024 2952 1358 3023 Radegundis
1402 2955 1543 3026 (qua:
1588 2957 1717 3012 obiit
1768 2975 1855 3013 an.
1906 2959 2033 3027 587,

470 3052 608 3097 teste
644 3042 867 3113 Gregor.
902 3045 1124 3113 Turon.,
1173 3047 1265 3102 lib.
1300 3064 1351 3102 ix
1398 3049 1531 3104 Hist.
1576 3051 1789 3119 Franc.,
1832 3069 1949 3125 cap.
1968 3055 2034 3129 ,2)

473 3133 863 3189 I’ictaviensein
894 3137 1186 3192 Ecclesiam
1227 3138 1400 3194 adhuc
1441 3143 1656 3210 regebat
1700 3144 2031 3214 Mauroveus,
2061 3177 2109 3238 ρ

474 3234 541 3273 ex
568 3224 869 3276 testimonio
900 3224 1066 3290 ipsius
1102 3223 1364 3294 Gregorii,
1406 3229 1492 3296 qui
1543 3244 1656 3297 cap.
1692 3232 1793 3284 106
1839 3233 1932 3286 lib.
1969 3234 2037 3288 de

472 3308 657 3365 Gloria
681 3310 852 3379 conti,
890 3322 1107 3368 testatur
1134 3330 1213 3380 se,
1245 3315 1529 3372 Mauroveo
1553 3319 1793 3382 absente,
1823 3334 2038 3376 curasse

470 3402 633 3458 funus
661 3419 722 3459 ac
751 3406 1075 3476 sepulturam
1103 3406 1275 3461 beatae
1302 3408 1658 3479 Radegundis.
1691 3410 2036 3466 Maurovcum

468 3497 681 3567 excepit
718 3499 865 3552 Plato
908 3514 993 3553 an.
1038 3499 1165 3566 592,
1195 3501 1283 3570 qui
1311 3505 1376 3554 ad
1416 3502 1559 3555 illam
1601 3504 1781 3557 sedem
1824 3514 2039 3559 evectus

467 3598 571 3653 est,
602 3587 775 3642 adhuc
796 3587 1084 3657 superstite
1109 3588 1386 3656 Gregorio,
1420 3589 1571 3655 cujus
1600 3589 1773 3643 fuerat
1800 3592 2037 3659 discipu-

474 3677 581 3732 lus.
613 3678 749 3733 llinc
779 3693 886 3747 quo
913 3677 998 3731 die
1027 3676 1178 3733 Plato
1219 3678 1563 3733 Pictaviensis
1589 3680 1867 3748 episcOpus
1906 3694 2038 3735 con—

472 3766 687 3822 stitutus
724 3777 826 3836 est,
864 3769 941 3823 sic
986 3768 1052 3824 de
1099 3768 1191 3822 illo
1221 3768 1416 3823 cecinit
1455 3768 1781 3825 Fortunatus
1824 3771 1916 3826 lib.
1949 3771 2037 3839 10,

472 3860 712 3927 cap.l8.

588 3947 776 4011 Gaudia
800 3946 909 3998 lieta
934 3957 1072 4011 paret
1094 3948 1349 4011 praesentia
1372 3949 1781 4011 sanctaGregori,

660 4010 720 4058 Et
746 4010 963 4070 geminas
986 4010 1135 4058 urbes
1156 4012 1349 4070 adjuvet
1374 4023 1467 4058 una
1491 4010 1628 4056 tldes.

596 4069 691 4132 Qui
714 4069 855 4132 modo
874 4069 1105 4132 discipulo
1125 4069 1347 4129 Platone,
1368 4072 1584 4132 antistite
1604 4082 1792 4118 summo
1808 4107 1823 4132 ,

653 4130 935 4181 Solemuem
957 4131 1185 4179 Ecclesiae
1210 4132 1287 4178 hic
1309 4131 1443 4179 dedit
1470 4143 1579 4179 esse
1603 4132 1749 4181 diem.
1775 4143 1784 4152 ι

474 4214 609 4272 Sunt
630 4214 719 4285 qui
747 4213 868 4268 huic
887 4213 1092 4267 Platoni
1120 4214 1388 4268 Placidum
1411 4212 1684 4268 sullectum
1710 4215 1872 4268 fuisse
1897 4228 2043 4268 asse-

476 4317 599 4362 runt
639 4307 691 4360 in
740 4297 865 4361 sede
903 4306 1247 4371 Pictaviensi;
1298 4306 1387 4359 sed
1431 4305 1515 4359 liic
1560 4321 1663 4359 non
1712 4307 1847 4360 alius
1891 4307 2042 4359 t'uita

479 4396 700 4452 Platone
724 4397 859 4465 ipso,
890 4405 947 4449 ut
977 4395 1190 4448 adnotat
1217 4394 1284 4447 cl.
1312 4393 1499 4461 Ruin.,
1526 4394 1589 4447 ad
1621 4395 1717 4464 0p.
1752 4394 1911 4463 Greg.
1943 4394 2043 4447 Tu-

2141 603 2326 658 regno,
2359 602 2641 660 antequam
2686 594 2970 661 episcopus
3010 594 3177 661 ﬁeret,
3202 604 3410 649 constat
3446 596 3508 650 ad
3533 596 3659 655 illum

2138 679 2444 745 pervenisse
2472 680 2748 752 dignitatis
2768 683 3013 754 gradum,
3037 692 3158 738 eum
3177 684 3286 754 jam
3308 684 3528 741 devexus
3544 696 3664 745 esset

2136 770 2203 824 ad
2231 781 2579 827 senectutem.
2644 814 2648 819 ι
3653 820 3660 827 -

2206 860 2298 916 91.
2347 863 2545 918 Locum
2583 865 2731 920 illum
2770 866 2992 936 adeptos
3038 866 3384 935 Fortunatus,
3422 883 3534 924 cum
3564 870 3664 928 vita

2136 949 2437 1007 innocentia
2468 963 2521 1009 et
2550 956 2800 1009 virtutum
2832 956 3099 1027 exemplo,
3128 967 3240 1012 tum
3270 957 3503 1012 doctrina
3529 960 3666 1029 pluri-

2138 1056 2304 1108 mum,
2349 1047 2494 1117 gregi
2526 1060 2622 1101 suo
2651 1047 2871 1116 proluit.
2902 1049 3128 1104 Exstant
3167 1049 3277 1117 jam
3320 1050 3546 1122 ejusdem
3583 1053 3667 1107 Ex-

2139 1136 2439 1203 positiones
2480 1140 2529 1191 in
2576 1139 2884 1209 Symbolum
2934 1153 2986 1195 et
3023 1141 3334 1196 Orationem
3378 1141 3666 1199 Dominicain

2138 1225 2225 1296 (L.
2258 1244 2309 1292 x,
2343 1244 2391 1281 c.
2424 1230 2475 1291 Ι,
2500 1227 2581 1297 2),
2614 1244 2749 1300 quas
2778 1231 2866 1287 ille
2903 1224 2969 1285 ad
3008 1246 3127 1287 eum
3161 1233 3322 1289 tinem
3364 1234 3668 1291 elucubrassu

2137 1318 2371 1383 videtur,
2403 1328 2461 1371 ut
2486 1333 2579 1374 eas
2604 1320 2744 1387 plebi
2774 1335 2886 1374 sua
2908 1322 3178 1386 recitaret,
3207 1336 3430 1393 quarum
3459 1324 3506 1377 in
3528 1324 3668 1379 altera

2140 1410 2256 1465 haec
2292 1413 2366 1465 ait
2394 1413 2532 1466 inter
2559 1422 2751 1468 cratera
2786 1431 2800 1465 ε
2832 1412 2966 1469 Inde
2987 1417 3260 1471 retinentes
3282 1419 3395 1488 ejus
3410 1417 3671 1488 (Orationis

2137 1499 2448 1573 Dominicaz)
2482 1506 2741 1574 mysteria,
2771 1513 2822 1559 et
2844 1522 2997 1575 quam
3038 1506 3203 1560 multa
3230 1508 3331 1562 sint
3375 1509 3433 1562 in
3475 1508 3671 1565 brevitate

2136 1592 2342 1661 collata,
2377 1588 2581 1664 prapter
2618 1590 3007 1665 aedificationem
3037 1596 3304 1664 Ecclesia,
3332 1600 3503 1668 paucis
3542 1605 3669 1656 doce-

2138 1700 2250 1738 mur
2277 1688 2548 1756 explicare,
2575 1689 2695 1758 quia
2717 1698 2837 1742 tunc
2855 1690 2998 1743 nobis
3018 1691 3195 1745 melius
3220 1690 3483 1761 placebant
3501 1694 3669 1760 audita,

2138 1793 2252 1830 cum
2296 1781 2549 1846 potuerint
2590 1781 2868 1838 intellectu.
2912 1780 3096 1850 Itaque
3136 1782 3207 1836 ad
3250 1783 3419 1853 ipsum
3454 1784 3673 1839 veniant

2137 1878 2326 1923 sancta:
2375 1870 2631 1925 Orationis
2676 1886 2998 1938 sermonem,
3049 1883 3156 1927 etc.
3196 1871 3492 1940 Quibusin
3524 1868 3673 1929 verbis

2142 1960 2377 2017 Pastoris
2434 1978 2646 2035 gregem
2697 1949 2852 2020 suum
2911 1964 3243 2020 instituentis
3297 1978 3517 2035 persona
3564 1966 3672 2021 satis

2138 2052 2453 2107 ostenditur.

2208 2139 2296 2194 92.
2328 2142 2444 2195 Non
2473 2142 2667 2197 multos
2716 2156 2847 2198 vero
2894 2157 3065 2198 annos
3110 2142 3425 2205 Pictaviensi
3457 2142 3673 2201 Ecclesia

2138 2225 2348 2293 praefuit
2378 2226 2720 2293 Fortunatus,
2752 2242 2874 2283 cuin
2900 2228 3074 2283 eidem
3109 2229 3223 2297 jam
3266 2229 3536 2286 demortuo
3575 2243 3675 2284 ssc-

2138 2314 2361 2368 cesserit
2387 2314 2731 2383 Caregisilus,
2781 2326 2836 2372 et
2880 2316 3022 2373 hunc
3073 2317 3379 2375 Ennoaldus
3418 2322 3672 2390 exceperit,

2136 2405 2225 2473 qui
2265 2404 2331 2457 ad
2361 2417 2451 2457 an.
2485 2404 2590 2458 615
2621 2405 3005 2464 Pictaviensem
3037 2408 3347 2465 Ecclesiam'
3380 2412 3675 2479 regebamle

2136 2507 2242 2563 quo
2291 2494 2545 2567 legendus
2584 2496 2825 2553 Cointius
2870 2498 2935 2552 ad
2980 2497 3121 2554 hunc
3157 2515 3377 2567 annum,
3426 2516 3564 2556 nom.
3595 2502 3673 2559 27.

2136 2584 2456 2641 Fortunatus
2499 2587 2694 2655 itaque,
2744 2588 2970 2657 septimo
3020 2584 3238 2643 ineunte
3282 2590 3493 2657 saculo,
3531 2591 3675 2646 evita

2136 2678 2435 2731 excessisse
2465 2677 2721 2731 dicendus
2747 2688 2867 2741 est;
2899 2693 2963 2732 ac
2989 2679 3219 2734 Pictavis
3240 2681 3294 2733 in
3317 2681 3514 2736 basilica
3538 2684 3675 2738 uasti

2136 2762 2329 2815 Hilarii
2378 2764 2459 2832 (ut
2510 2774 2693 2818 narrat
2719 2765 2912 2820 Paulus
2967 2765 3111 2821 Diae.
3145 2769 3266 2823 loco
3304 2772 3490 2838 sapius
3514 2774 3675 2843 alato)

2137 2854 2290 2925 digno
2338 2855 2620 2923 tumulatus
2650 2857 2839 2927 honore
2868 2858 3099 2925 quiescit.
3129 2857 3294 2929 Cujus
3340 2861 3403 2914 ad
3443 2864 3675 2916 tumulum

2139 2959 2261 2999 cum
2291 2943 2433 2998 idem
2462 2945 2677 3011 Paulus,
2703 2949 3065 3003 venerationis
3088 2963 3151 3004 ac
3179 2951 3391 3018 pietatis
3408 2965 3577 3017 causa,
3602 2965 3677 3007 ac-

2135 3034 2406 3101 cessisset,
2432 3049 2662 3104 sequens
2687 3038 3077 3108 epithaphium,
3104 3042 3447 3111 rogatuApri,
3466 3042 3675 3111 θέαμά

2135 3124 2329 3178 abbatis
2355 3125 2436 3195 (ut
2461 3126 2579 3193 ipse
2607 3125 2769 3181 refert
2795 3128 2863 3182 de
2893 3127 3037 3199 sese)
3064 3131 3388 3205 scribendam
3411 3133 3674 3188 contexuit:

2263 3235 2467 3304 Ingenio
2484 3234 2665 3304 clarus,
2682 3250 2830 3304 sensu
2850 3239 3007 3304 celer,
3033 3250 3120 3304 ore
3139 3234 3320 3304 suavis,

2320 3295 2464 3354 Cujus
2482 3296 2626 3343 dulce
2649 3295 2802 3345 melos
2823 3295 3003 3360 pagina
3022 3300 3171 3348 multa
3192 3295 3338 3351 canii.

2262 3355 2553 3424 Fortunatus
2576 3368 2702 3424 apex
2728 3355 2909 3424 vatum;
2934 3360 3228 3424 venerabilis
3248 3370 3386 3424 actu,

2321 3417 2536 3464 Ausonia
2556 3421 2773 3479 genitus,
2800 3417 3169 3470 bac'tumulatur
3192 3422 3355 3472 humo.

2264 3477 2419 3543 Boius
2440 3480 2501 3543 ab
2524 3477 2770 3543 ore‘sacro'
2791 3492 3063 3530 sanctorum
3086 3490 3228 3543 gesta
3250 3484 3461 3543 priorum

2322 3540 2564 3604 Discimus
2585 3555 2597 3589 :
2618 3540 2722 3588 haec
2745 3548 3013 3604 monstrant
3032 3540 3385 3604 caipere'lucis
3409 3548 3517 3596 iter.

2260 3600 2424 3668 Felix,
2447 3605 2729 3668 constantis
2746 3600 3209 3668 decoraris,_t_;allia,
3233 3610 3459 3668 gemmis,

2322 3657 2527 3725 Lumine
2552 3662 2614 3707 de
2634 3660 2835 3725 quarum
2861 3673 2953 3725 nos
2980 3657 3065 3709 tibi
3090 3657 3215 3711 tetra
3234 3657 3386 3725 Tugit.

2262 3718 2367 3787 Hos
2386 3720 2599 3787 modicos
2622 3718 2829 3787 prompsi
2853 3718 3046 3780 plebeio
3064 3726 3281 3787 carmine
3294 3718 3497 3787 ἴθι-ως,

2328 3780 2531 3829 Netuus
2556 3782 2607 3830 in
2628 3782 2837 3842 pOpolts,
2867 3788 3047 3842 srmcte,
3074 3782 3251 3833 lateret
3269 3785 3439 3835 honor.

2259 3838 2431 3911 Redde
2455 3844 2612 3911 vicem
2628 3838 2831 3911 misero,
2854 3854 2917 3890 ne
2935 3838 3098 3911 judice
3120 3857 3322 3904 ψει-ιλιι-
3343 3850 3404 3896 ab
3421 3852 3573 3911 equo,

2320 3903 2521 3953 Eximiis
2542 3906 2730 3952 meritis
2752 3903 2917 3967 poSce,
2934 3903 3102 3966 beate,
3132 3903 3321 3967 precor.

2212 4027 2302 4081 93.
2334 4025 2502 4082 Porro
2530 4028 2848 4084 Fortunatus
2884 4043 3006 4083 cum
3036 4029 3106 4084 ob
3146 4032 3401 4099 pietatem
3426 4048 3488 4090 ac
3508 4030 3676 4090 sancti

2067 4150 2070 4154 λ
2142 4118 2393 4182 maniam,
2420 4126 2530 4172 tum
2559 4119 2629 4172 ob
2656 4128 2965 4174 ornamenta
2998 4120 3196 4188 ingenii
3227 4133 3386 4192 atque
3431 4113 3675 4190 doctrina,

2125 4209 2500 4262 acomiiiendari
2526 4209 2805 4278 plurimum
2835 4212 3132 4276 consuevit,
3167 4221 3224 4266 ut
3250 4224 3329 4267 tot
3350 4229 3479 4282 pene
3506 4216 3676 4271 habue-

2143 4303 2211 4356 rit
2242 4304 2445 4357 virtutis
2475 4318 2585 4356 sorc
2616 4317 2907 4372 praecones,
2934 4317 2996 4358 ac
3018 4312 3203 4367 testes,
3234 4315 3364 4374 quot
3383 4306 3448 4361 de
3470 4308 3554 4361 illo
3568 4305 3677 4361 scri-

2144 4408 2321 4463 psere.
2354 4397 2509 4449 Certe
2561 4403 2636 4447 tot
2680 4392 2733 4446 in
2780 4391 2967 4465 Gallia
2999 4394 3386 4465 Germaniaque
3431 4394 3677 4451 clarissimi

479 4504 624 4567 mp,
654 4487 746 4540 lib.
782 4501 831 4538 iv
858 4485 927 4538 de
953 4484 1065 4538 Μὶν.
1102 4485 1267 4536 sancti
1310 4483 1540 4547 Martini,
1569 4499 1686 4552 cap.
1718 4481 1804 4537 52.
1832 4484 2039 4538 Platoni
2070 4504 2124 4563 ι)
2149 4486 2426 4539 sanctitate
2470 4484 2589 4546 viri,
2613 4484 2751 4537 inter
2793 4498 2925 4552 quos
2971 4484 3313 4539 celeberrimi
3358 4487 3492 4542 illius
3530 4485 3677 4542 atatis

484 4587 657 4645 itaque
682 4579 785 4631 vita
819 4577 1018 4641 iuncto,
1061 4590 1165 4628 non
1204 4576 1338 4628 alius
1381 4577 1635 4629 successit
1664 4591 1817 4644 quam
1850 4574 2043 4629 Fortu-

484 4682 666 4736 natus;
706 4683 931 4737 cumque
973 4666 1146 4721 obitus
1190 4665 1426 4721 Platonis
1469 4668 1725 4719 referatur
1752 4668 1815 4719 ad
1846 4682 2041 4719 anitum

482 4760 692 4815 circiter
735 4755 860 4822 599,
899 4756 1084 4809 eodem
1118 4754 1283 4809 ferme
1326 4764 1560 4822 tempore
1584 4753 1904 4809 Fortunatus
1932 4754 2045 4822 epi-

483 4867 677 4919 scopus
706 4850 1051 4905 Pictaviensis
1082 4857 1287 4902 creatus
1318 4848 1484 4901 fuisse
1513 4848 1766 4902 dicendus
1795 4857 1896 4910 est,
1925 4860 2042 4901 cum

409 4992 419 5013 ι
486 4942 644 5011 tireg.
677 4942 801 4995 Tur.
835 4940 898 4991 ad
929 4953 1016 4991 au.
1045 4938 1148 4992 595
1173 4938 1311 4991 diem
1336 4952 1485 4991 suum
1510 4937 1618 5006 jaui
1648 4938 1884 4991 obiisset.

555 5035 644 5087 90.
677 5034 857 5085 Exstat
884 5030 974 5082 lib.
1005 5043 1056 5080 iv
1093 5026 1191 5094 0p.
1220 5027 1392 5093 Fort.,
1438 5045 1553 5096 cup.
1586 5028 1677 5093 9.3,
1711 5044 1891 5096 poema
1916 5028 2045 5081 seri.

488 5135 634 5193 plum
678 5123 741 5175 ab
769 5138 832 5176 co
868 5123 917 5176 in
947 5120 1106 5172 funus
1150 5114 1557 5170 Tlieodccliildis
1590 5120 1807 5187 regium,
1836 5135 1951 5187 qua:
1980 5121 2045 5171 ad

488 5233 576 5268 aii.
610 5201 714 5269 598
744 5212 853 5269 lato,
874 5213 1131 5265 exstincta
1164 5219 1266 5271 est,
1292 5218 1350 5259 ut
1380 5210 1607 5260 ostendit
1636 5212 1702 5261 cl.
1735 5210 1945 5278 Pagius,
1977 5209 2040 5261 ad

488 5310 633 5363 illittii
676 5322 894 5371 annum,
934 5322 1079 5359 num.
1129 5304 1182 5357 4.
1216 5304 1328 5358 Non
1360 5304 1521 5357 inulto
1567 5305 1735 5374 itaque
1765 5317 2046 5374 postquam

489 5400 619 5452 illud
645 5396 1010 5466 epilliipliiiim
1036 5396 1268 5464 scripsit,
1307 5393 1633 5447 renuntiatus
1664 5406 1745 5449 est
1767 5396 2049 5465 episcopus

491 5487 868 5553 Pii-.tai'icnsis,
914 5487 1023 5558 jam
1074 5489 1316 5541 inclinata
1366 5485 1430 5538 ad
1489 5496 1811 5539 senectutem
1871 5494 2046 5541 attate.

491 5575 619 5630 Cum
651 5576 789 5630 enim
814 5578 856 5629 is
880 5590 1047 5629 annos
1078 5574 1287 5628 circiter
1313 5573 1519 5643 triginta
1546 5588 1637 5627 sex
1672 5583 1823 5627 natus
1846 5578 2051 5630 venerit

562 5709 587 5744 "
621 5709 752 5765 Vide
780 5710 927 5777 Pag,
954 5711 1017 5763 ad
1057 5725 1144 5764 an.
1174 5707 1296 5763 599.
1330 5710 1467 5776 Lege
1494 5707 1645 5774 Greg.
1679 5708 1830 5773 Tur.,
1865 5711 1930 5764 de
1964 5712 2046 5769 Gl.

494 5781 657 5846 cOiil‘.,
694 5796 743 5834 c.
776 5782 887 5847 96.,
925 5792 978 5835 et
1018 5782 1052 5834 l.
1095 5796 1145 5836 tv
1181 5780 1248 5835 de
1277 5779 1393 5834 Μὴν.
1434 5782 1491 5836 S.
1527 5779 1755 5849 Martini,
1794 5796 1841 5835 c.
1874 5780 1971 5849 .32;
1999 5794 2052 5838 et

2149 4578 2403 4646 episcoiii,
2434 4591 2551 4629 cum
2584 4574 2873 4628 Fortunato
2902 4574 3085 4628 intima
3112 4575 3346 4631 amicitia
3388 4590 3450 4630 ac
3486 4574 3679 4630 familia-

2148 4671 2303 4722 ritate
2324 4667 2613 4734 conjuncti,
2632 4667 2682 4718 in
2710 4666 2890 4733 primis
2913 4680 3039 4720 vero
3054 4664 3673 4736 RadegundisetAgoetis.

2148 4774 2267 4828 qua:
2296 4768 2400 4811 tam
2432 4758 2715 4824 singularis
2742 4756 2953 4823 pietatis
2978 4756 3131 4808 laude
3150 4756 3257 4809 illis
3273 4755 3676 4823 temporibusio—

2153 4854 2395 4907 ruerunt,
2415 4852 2556 4896 tanta
2579 4856 2701 4896 cum
2720 4841 3014 4895 Fortunato
3038 4838 3377 4911 necessitudo
3390 4850 3442 4894 et
3457 4838 3675 4901 charitas.

2148 4935 2276 4987 satis
2302 4934 2575 4987 declarant
2612 4946 2715 4997 qua
2761 4936 2804 4983 is
2833 4924 3226 4983 existimatione
3253 4928 3471 4983 essetin
3497 4927 3676 4990 631555.

2148 5041 2371 5095 quaeque
2400 5028 2465 5078 de
2491 5024 2729 5092 ejusdem
2762 5021 2959 5074 virtute
2987 5000 3128 5075 esset
3154 5022 3389 5074 omnium
3419 5019 3605 5090 opinio.

2219 5117 2306 5172 94.
2348 5120 2528 5185 Itaque
2552 5113 2849 5167 mirandum
2882 5127 2988 5163 non
3012 5112 3082 5165 sit
3112 5110 3486 5165 Baudoniviam
3510 5116 3678 5177 φωσ-

2150 5207 2302 5260 licunt
2333 5208 2475 5261 illurn
2507 5206 2675 5257 virum
2730 5202 3057 5271 appellasse:
3118 5200 3341 5254 Paulum
3382 5200 3677 5265 Discussa,

2150 5316 2268 5354 cum
2319 5302 2553 5353 venisset
2592 5297 2644 5350 in
2694 5296 2913 5362 Gallias,
2941 5292 3176 5362 ejusdem
3208 5293 3560 5358 tumulum,“
3582 5290 3679 5359 ipse

2151 5393 2218 5447 de
2265 5409 2322 5447 se
2374 5396 2675 5461 proﬁtetur,
2725 5391 2967 5443 orationis
3020 5403 3175 5441 causa
3223 5390 3505 5454 invisisae,
3542 5395 3681 5457 σφι

2152 5484 2394 5537 eumdem
2423 5493 2651 5535 sanctum
2678 5492 2731 5534 et
2756 5480 2955 5532 beatum
2988 5479 3038 5532 in
3062 5478 3152 5531 illo
3180 5478 3417 5532 carmine
3618 5471 3677 5529 ad

2153 5573 2269 5643 ejus
2326 5576 2623 5643 sepulcrum
2664 5571 2996 5627 elucubravit
3037 5570 3385 5635 nominasse,
3416 5584 3477 5626 ac
3514 5564 3679 5639 δωμα-

2151 5710 2353 5773 Coint.,
2374 5708 2437 5760 ad
2459 5722 2545 5759 an.
2570 5706 2694 5773 59:2,
2730 5724 2780 5761 ii.
2806 5706 2867 5773 5;
2898 5717 2951 5761 ct
2979 5705 3157 5769 liiiin.,
3191 5703 3242 5758 in
3279 5703 3419 5761 notis
3443 5698 3506 5759 ad
3535 5700 3679 5770 ΕΜ.

2154 5782 2308 5847 Tun,
2330 5780 2585 5834 cit.‘loco.

3774 5491 3784 5597 ἓ
