3780 6350
120 398 191 468 ωδ
1219 409 1383 468 VITA
1420 412 1737 471 VENANTII
1776 414 2187 475 FORTUNATI.

3231 430 3340 489 ~50

121 533 250 578 rasae
291 524 345 575 nt
384 516 484 574 sibi
526 518 666 590 apud
719 533 919 589 aeuum
959 519 1182 588 iudicem
1221 521 1420 577 eximiis
1467 526 1663 581 meritis
1690 529 1744 588 Α
1837 526 1924 582 98.
1956 528 2105 595 Quod
2136 545 2261 586 vero
2288 532 2482 590 attinet
2509 536 2575 592 ad
2622 536 2888 609 ingenium
2937 548 2993 597 et
3034 542 3335 602 doctrinam

124 613 536 684 patrocinaretur.
560 612 637 667 Ex
675 614 868 682 quibus
899 612 1122 682 intelligi
1166 624 1341 683 potest
1390 630 1506 671 eam
1546 633 1663 687 quae

124 716 229 762 tunc
254 704 317 760 de
345 704 615 761 Fortunati
651 706 935 759 sanctitate
984 705 1165 773 Opinio
1204 708 1257 760 in
1303 693 1491 762 Galliis
1545 709 1661 777 fuit,

110 799 191 854 vel
214 797 274 854 ad
295 797 612 869 posteriores
634 807 845 864 aetates,
868 810 1123 869 perpetua
1146 798 1419 855 hominum
1439 816 1665 858 consen-

119 893 266 959 sione,
293 892 616 964 pervenisse.

179 985 259 1043 85.
296 986 467 1057 Ipsum
489 987 684 1043 deinde
711 987 1062 1044 Fortunatum
1093 990 1230 1045 inter
1256 990 1514 1060 imagines
1537 1005 1662 1045 san-

119 1091 298 1138 ctorum
326 1085 752 1152 Angustanoruiu
798 1084 1024 1138 relatum
1054 1084 1281 1153 legimus
1326 1084 1392 1138 iis
1430 1083 1607 1138 verbis
1648 1100 1662 1138 :

118 1174 312 1228 Sanctus
335 1158 687 1245 fortunatus.
723 1190 787 1228 ex
830 1174 1117 1246 presbytero
1146 1173 1353 1241 Italico,
1402 1177 1664 1246 episcopus

119 1262 463 1331 Pictavimis;
486 1280 649 1335 quem
677 1264 938 1320 honorem
962 1266 1136 1321 eidem
1168 1267 1422 1323 tributum
1445 1273 1668 1323 censent

115 1357 349 1423 nonnulli,
376 1358 518 1429 quod
543 1373 663 1415 eam
692 1358 760 1413 ad
786 1359 997 1425 urbem,
1031 1359 1083 1414 in
1123 1374 1224 1414 suo
1252 1360 1345 1414 illo
1394 1373 1489 1429 per
1535 1356 1668 1413 Ger-

119 1451 322 1506 maniam
348 1440 538 1509 itinere
559 1492 576 1519 ,
604 1452 913 1519 accesserit,
946 1463 1006 1508 ut
1041 1453 1251 1509 cineres
1296 1460 1497 1506 sanctte
1524 1450 1667 1506 Mrta

115 1542 174 1596 lbi
199 1542 430 1599 conditos
466 1553 856 1611 veneraretur;
887 1560 949 1601 ac
975 1544 1129 1612 forte,
1153 1544 1382 1617 spatium
1414 1544 1664 1628 temporis

117 1635 304 1704 aliquod
362 1652 424 1694 ea
450 1641 503 1692 in
547 1640 761 1694 civitate
791 1648 1174 1709 commoratus,
1199 1637 1426 1708 egregiae
1456 1636 1667 1692 virtutis

113 1724 351 1792 Specimen
379 1725 592 1794 aliquod
621 1727 831 1780 dederit
863 1725 1001 1793 (ιη
1040 1725 1168 1780 Vita:
1190 1726 1252 1782 S.
1278 1725 1486 1795 Mart).
1519 1725 1663 1781 idem

112 1814 359 1883 invocatur
386 1815 439 1869 in
496 1814 700 1869 litaniis
753 1817 923 1870 sancti
977 1816 1225 1887 Cypriani
1279 1832 1431 1873 extra
1480 1833 1663 1875 muros

1770 616 2062 686 Fortunati,
2096 621 2203 689 etsi
2231 622 2359 677 illud
2382 625 2525 694 dem,
2555 629 2792 697 ejusdem
2824 643 3062 700 poemata
3095 630 3162 689 iis
3192 636 3336 704 lepo-

1766 708 1910 763 ribus
1940 725 2002 764 ac
2033 715 2397 771 venustatibus
2427 716 2519 771 lita
2560 733 2702 788 saepe
2752 737 2856 775 non
2900 738 3158 793 apparere
3207 742 3336 798 quas

1765 799 2031 876 delica‘tuli
2063 804 2300 859 nonnulli
2333 810 2580 878 persequi
2607 824 2669 865 ac
2692 810 2997 868 desiderare
3047 831 3337 873 consueve-

1765 901 1905 955 runt,
1930 891 2035 946 into
2065 903 2118 947 et
2144 897 2427 965 quamdam
2459 900 2727 957 interdum
2752 904 3072 972 barbariem,
3106 926 3171 965 ex
3203 921 3335 966 tem-

1768 982 2192 1050 porum‘indole,
2228 1002 2335 1055 pra:
2358 1003 2419 1044 se
2450 989 2590 1046 ferre
2618 995 2931 1062 concedam,
2963 996 3104 1053 idem
3160 1009 3336 1057 tamen

1765 1069 1891 1123 illud
1920 1071 2152 1141 affirmo,
2184 1090 2304 1129 cum
2333 1078 2473 1146 aptis
2500 1083 2880 1153 concinnisque
2909 1088 3185 1143 sententiis
3232 1101 3337 1145 tota

1765 1160 1876 1216 fere
1905 1160 1995 1214 illa
2022 1174 2271 1219 contexta
2303 1181 2423 1223 esse
2450 1168 2613 1240 (quod
2643 1172 2853 1241 plurimi
2896 1176 3192 1234 iaciendum
3234 1192 3336 1247 est,

1765 1263 1870 1303 non
1897 1252 2072 1305 solum
2100 1253 2156 1308 in
2182 1256 2355 1311 soluta
2400 1261 2657 1326 oratione,
2684 1262 2780 1317 sed
2825 1262 2984 1319 etiam
3043 1268 3095 1321 in
3146 1268 3337 1341 poesi),

1766 1350 1875 1395 tum
1903 1356 1969 1397 ne
1998 1344 2128 1400 rude
2175 1346 2410 1415 quidem,
2434 1350 2621 1405 saltem
2670 1356 2724 1406 in
2780 1354 2911 1409 locis
2963 1356 3220 1426 pluribus,
3248 1372 3340 1414 aut

1765 1430 2064 1505 impolitum
2121 1438 2335 1495 dicendi
2381 1456 2549 1512 genus
2591 1443 2658 1498 ab
2701 1460 2769 1500 eo
2812 1447 3075 1516 adhiberi,
3100 1450 3341 1519 quinimo

1766 1528 1871 1583 tale
1889 1529 2031 1598 quod
2063 1529 2327 1587 interdum
2358 1533 2439 1587 vel
2488 1534 2821 1592 delicatiores
2870 1553 3025 1594 aures
3070 1540 3340 1598 delectare

1767 1622 1955 1685 possit.
1990 1619 2134 1676 Idem
2187 1623 2241 1677 in
2268 1622 2642 1682 affectionibus
2694 1630 2878 1697 auiuu,
2913 1647 3009 1699 pro
3037 1642 3331 1704 temporum

1770 1724 1834 1765 ac
1857 1726 2203 1782 personarum
2236 1727 2420 1772 natura
2438 1759 2453 1783 ,
2481 1723 2848 1789 exprimendis
2876 1726 3043 1796 (quod
3074 1729 3123 1781 in
3147 1730 3335 1795 primis

1764 1804 1899 1857 artis
1930 1812 1985 1857 ct
2014 1805 2207 1875 ingenii
2236 1808 2343 1861 vim
2366 1810 2624 1879 ostendit)
2656 1816 2886 1869 tnaxitue
2911 1819 3205 1883 antecellit;
3240 1834 3337 1875 nec

115 1903 461 1969 l‘ictavienses,
480 1915 541 1960 ut
561 1921 625 1960 ex
661 1904 801 1961 illius
828 1886 1081 1963 Ecclesia:
1111 1910 1278 1963 sacris
1299 1910 1658 1965 monumentis

1768 1894 1892 1947 salis
1916 1894 2133 1964 quidem
2157 1905 2211 1951 et
2231 1897 2426 1967 leporis
2451 1914 2663 1971 expers,
2688 1918 2806 1957 cum
2840 1906 2986 1961 locus
3014 1909 3336 1978 expOstulat,

112 1997 317 2053 ostendit
337 1998 579 2054 Andreas
605 1997 890 2055 Suassaius
937 2000 1004 2054 ad
1049 2002 1249 2057 calcem
1283 1984 1662 2074 Martyrologii

111 2085 354 2145 Gallicani.
386 2091 497 2159 Qua
521 2091 591 2147 de
636 2107 696 2146 re
743 2092 1002 2161 legendus
1030 2094 1291 2159 Cointius,
1316 2095 1382 2148 ad
1409 2108 1499 2147 an.
1531 2094 1658 2159 599,

110 2193 239 2235 num.
262 2180 350 2247 28,
376 2191 432 2236 et
457 2181 671 2251 Pagius,
702 2182 883 2255 adan.
908 2182 1035 2247 568,
1061 2198 1210 2237 num.
1241 2182 1297 2237 4.
1322 2184 1377 2238 1η
1410 2184 1659 2237 vetustis-

112 2269 239 2322 simis
262 2273 415 2331 etiam
459 2273 732 2340 precibus,
770 2286 863 2328 seu
911 2272 1129 2340 litaniis,
1179 2260 1353 2329 solitis
1392 2289 1422 2328 a
1469 2272 1662 2329 Carolo

110 2357 252 2415 Calvo
280 2363 509 2430 recitari,
541 2365 680 2420 inter
710 2374 937 2419 ceteros
983 2375 1199 2420 sanctos
1245 2368 1528 2437 episcopos
1575 2367 1661 2421 vel

113 2450 359 2512 Fortunali
389 2474 585 2516 nomen
628 2473 948 2528 expressum
996 2460 1262 2530 reperitur
1301 2461 1386 2516 his
1426 2462 1605 2541 verbis
1647 2480 1660 2514 :

114 2544 282 2602 Sancte
310 2549 616 2620 Fortunate,
632 2569 727 2607 ora
749 2570 842 2623 pro
870 2554 1037 2619 nobis,
1068 2554 1144 2609 uti
1166 2563 1393 2625 apparet
1422 2568 1485 2609 cx
1522 2554 1665 2609 anti-

114 2637 346 2726 quissimo
374 2642 501 2707 118..
555 2646 698 2713 quod
750 2645 921 2700 edidit
975 2646 1278 2714 Stephanus
1327 2646 1559 2726 llalutius
1611 2644 1664 2698 in

112 2738 217 2792 app.
237 2725 299 2779 ad
316 2724 448 2794 Cap.
482 2726 685 2799 Regum
710 2727 929 2795 Franc.,
946 2744 1067 2798 cap.
1092 2729 1183 2782 94.
1215 2724 1489 2786 Postremo
1516 2728 1663 2797 ejus-

114 2814 218 2869 dem
244 2816 456 2873 Festum
488 2818 541 2873 in
574 2818 816 2875 Ecclesia
846 2820 1164 2875 Pictavicnsi
1193 2819 1295 2873 sub
1333 2821 1436 2879 ritu
1464 2818 1661 2887 duplici

114 2906 390 2965 celebratur
427 2913 494 2965 ad
536 2911 679 2966 diem
706 2911 775 2968 14
806 2913 1132 2981 Decembris,
1156 2923 1214 2967 ut
1241 2915 1478 2970 referunt
1507 2914 1665 2970 Sam-

82 2998 85 3005 ‘
114 3000 351 3056 tnartbani
382 3002 438 3057 in
458 2988 599 3059 Call.
622 3001 845 3069 Christ,
881 3013 918 3059 t.
957 3004 1021 3073 ll,
1041 3022 1091 3074 p.
1127 3004 1284 3060 H5l.
1310 3004 1594 3077 Legendus
1613 3016 1668 3062 et

112 3089 369 3151 Suessaius
399 3096 450 3150 in
479 3097 634 3151 Hart.
659 3096 799 3154 Gall.
834 3112 892 3164 tt,
923 3113 975 3168 p.
1005 3097 1091 3165 15,
1119 3098 1238 3155 Kal.
1260 3098 1381 3153 Jan.

171 3204 249 3261 96.
289 3209 458 3280 Atque
480 3209 594 3264 haec
621 3198 852 3265 externa
868 3220 994 3303 sunt
1013 3211 1081 3267 de
1103 3212 1299 3282 pietate
1323 3227 1388 3267 ac
1412 3211 1665 3282 religione
1693 3242 1739 3305 ρ

114 3296 366 3355 Fortunati
394 3298 748 3358 testimonia.
803 3304 860 3359 Si
916 3294 1093 3360 autem
1138 3305 1255 3376 ejus
1302 3306 1520 3375 scripta,
1551 3305 1665 3361 sive

111 3393 403 3467 prosa,sire
438 3408 630 3459 versu,
681 3394 1008 3461 elucubrata,
1062 3395 1327 3465 legantur,
1369 3396 1497 3450 nihil
1556 3398 1664 3452 fere

109 3482 233 3539 aliud
255 3485 341 3540 illa
360 3501 525 3556 quam
546 3487 890 3558 egregiamin
912 3486 1081 3543 Deum
1107 3504 1172 3543 ac
1188 3489 1394 3545 beatam
1420 3491 1660 3557 Mariam,

48 3604 65 3609 η
109 3572 348 3645 Divosque
383 3592 599 3641 omnes,
630 3578 883 3645 pietatem
932 3590 987 3632 et
1036 3582 1390 3633 reverentiam
1442 3596 1552 3646 pra:
1600 3594 1661 3634 se

105 3661 279 3726 ierunt,
303 3674 413 3717 tum
444 3666 496 3717 in
531 3665 820 3718 virtutibus
850 3665 1122 3718 hominum
1152 3680 1215 3727 ac
1236 3667 1514 3731 praeclaris
1539 3681 1656 3720 me-

102 3750 202 3807 ritis
221 3753 553 3808 celebrandis
574 3754 806 3807 alienum
828 3753 896 3807 ab
915 3754 1060 3807 onmi
1084 3751 1371 3808 invidentia
1390 3754 1658 3825 singulare

101 3834 310 3899 studium
365 3861 432 3900 ac
483 3845 841 3900 sedulitatem.
897 3846 955 3899 In
1016 3842 1203 3900 iisdem
1255 3846 1468 3916 ubique'
1498 3846 1658 3916 digna

103 3934 388 3993 Christiano
408 3938 650 4006 homine,
684 3937 987 4008 ingenuitas
1015 3932 1078 3993 ac
1105 3953 1314 3993 morum
1340 3938 1657 4008 simplicitas

100 4037 320 4094 appetet,
346 4027 401 4083 in
430 4026 675 4083 colendis
714 4027 968 4083 amicitiis
1017 4028 1307 4097 singularis
1357 4029 1656 4083 innocentia

96 4130 149 4169 ac
168 4119 310 4184 ﬁdes,
340 4131 450 4176 tum
477 4121 777 4190 prtecipuus
798 4119 1065 4189 mquitatis
1083 4120 1480 4193 honestatisque
1505 4135 1655 4176 amor

96 4207 268 4278 ubique
290 4224 577 4278 expressus
603 4212 937 4280 perspicitur.
967 4211 1042 4265 De
1064 4227 1122 4267 se
1149 4211 1360 4280 quoties
1399 4211 1652 4281 loquitur,

93 4314 183 4352 nou
208 4304 360 4357 modo
382 4303 560 4359 verbis
583 4318 686 4358 non
718 4302 870 4359 eﬂ‘ert
898 4319 962 4359 ea
992 4314 1302 4358 ornamenta
1331 4320 1451 4374 qua:
1478 4305 1569 4359 alii
1598 4306 1652 4359 in

92 4390 193 4459 ipso
220 4394 636 4458 admirabantur,
662 4395 759 4449 sed
781 4397 941 4450 etiam
970 4404 1111 4449 totus
1149 4406 1232 4450 est
1262 4396 1313 4449 in
1335 4397 1535 4451 eisdem
1556 4400 1652 4451 ec-

90 4483 354 4550 culctndis,
382 4496 473 4540 aut
501 4486 877 4551 extenuandis,
905 4484 1045 4539 idem
1072 4487 1121 4538 in
1148 4488 1357 4541 caeteris
1377 4490 1648 4553 ornandis,

1765 1986 2202 2055 deprehenditur.

1833 2077 1923 2131 99.
1967 2079 2120 2143 Quod
2151 2082 2196 2134 si
2225 2084 2343 2149 quis
2377 2083 2510 2138 forte
2540 2084 2593 2138 id
2626 2087 2914 2155 desiderat,
2944 2098 3001 2143 ut
3052 2093 3340 2162 elegantior

1763 2166 2027 2221 interdum
2056 2185 2117 2236 ac
2145 2170 2447 2239 diligentior
2473 2186 2635 2238 esset,
2667 2176 2808 2231 idem
2840 2181 3143 2236 meminerit
3165 2186 3337 2252 opor-

1762 2267 1860 2338 tet,
1882 2272 1943 2313 ea
1972 2259 2026 2313 itt
2077 2270 2316 2331 tempora
2367 2264 2516 2317 illum
2572 2268 2845 2335 incidisse,
2878 2274 3064 2338 quibus
3116 2276 3334 2333 dimittis

1767 2348 1923 2404 bellis
1950 2367 2012 2405 ac
2046 2351 2408 2423 frequentibus
2442 2357 2792 2415 Barbatorum
2816 2364 3210 2422 incursionibus
3232 2386 3336 2424 non

1764 2442 1935 2496 solum
1963 2441 2129 2510 italia,
2163 2443 2217 2499 in
2241 2461 2342 2516 qua
2387 2447 2575 2503 ductus
2621 2458 2677 2505 et
2720 2452 2975 2509 educatus
3020 2455 3211 2524 fuerat,
3242 2461 3338 2515 sed

1767 2533 1949 2601 etiam,
1979 2533 2029 2587 in
2060 2550 2160 2604 qua
2190 2537 2443 2608 deinceps
2476 2540 2629 2607 vixit,
2653 2542 2822 2598 Gallia
2852 2555 3037 2601 vexata
3067 2559 3120 2604 et
3143 2550 3338 2606 afﬂicta

1766 2625 1962 2693 saepius
1993 2625 2109 2693 fuit,
2143 2636 2201 2680 ut
2231 2629 2529 2685 mirandum
2558 2633 2738 2700 potius
2757 2636 2846 2702 sit,
2877 2637 2922 2690 si
2952 2641 3097 2706 quid,
3123 2656 3182 2695 ea
3210 2653 3340 2697 tcta-

1769 2723 1840 2782 te,
1874 2731 1991 2767 cum
2020 2719 2302 2772 cwtcrisiu
2348 2721 2527 2789 rebus,
2561 2733 2670 2777 tuttt
2716 2725 2768 2778 in
2812 2727 2973 2780 Musis
3019 2745 3080 2783 ac
3126 2730 3336 2797 litteris,

1766 2807 2064 2891 barbariem
2092 2826 2155 2865 ac
2175 2810 2435 2867 feritatem
2468 2830 2571 2868 non
2602 2817 2887 2874 redoleret.
2937 2820 2993 2873 hi
3037 2822 3164 2891 quid
3212 2838 3339 2877 vero

1767 2900 1933 2966 aliud,
1959 2886 2118 2956 blusa:
2145 2913 2289 2959 certe
2319 2904 2550 2974 quietem
2606 2916 2659 2961 et
2701 2910 2867 2963 otium
2920 2910 3243 2979 desiderant,
3267 2928 3331 2969 ac

1768 2992 2049 3058 quamdam
2082 2994 2393 3049 vacuitatem
2447 2997 2514 3050 ab
2558 2999 2856 3067 angoribus.
2904 3000 3160 3069 Quocirca
3208 3004 3335 3071 quid

1771 3086 1984 3138 tandem
2014 3084 2283 3154 festivum,
2316 3104 2377 3143 ac
2410 3089 2609 3158 lectum,
2638 3101 2693 3145 et
2738 3072 2855 3147 suis!
2895 3094 3195 3149 absolutum
3238 3113 3337 3150 un-

1773 3178 1954 3244 uieris,
1985 3193 2175 3234 canere
2224 3182 2268 3235 is
2315 3193 2540 3252 poterat,
2572 3184 2686 3254 qui,
2719 3187 2908 3240 anxius
2949 3202 3010 3242 ac
3050 3188 3333 3251 sollicitus.

1771 3272 1899 3327 illud
1929 3288 2070 3341 saepe
2095 3284 2357 3343 quaereret
2387 3294 2400 3328 :

1889 3373 1940 3427 Si
1967 3375 2129 3437 gravis
2152 3388 2279 3424 arma
2300 3383 2494 3436 tenens,
2518 3375 2657 3426 [tatas
2677 3378 2792 3426 terit
2808 3378 2987 3440 hoSpes
3005 3381 3211 3431 arenas?

1764 3455 1961 3524 quique
1990 3455 2058 3509 ab
2089 3455 2232 3509 ltaha
2281 3457 2371 3510 diu
2398 3458 2570 3523 exsul,
2599 3472 2776 3512 secum
2808 3459 2934 3512 i;lud
2964 3468 3017 3513 et
3053 3476 3171 3513 cum
3214 3460 3331 3515 aliis

1763 3561 1900 3615 conq
1910 3546 2194 3600 uerebatur
2226 3563 2237 3599 ;

1883 3634 1978 3697 ρω-
2001 3636 2114 3697 mihi
2142 3642 2233 3681 tam
2260 3635 2440 3682 validas
2464 3638 2672 3683 inuectis
2693 3648 2808 3683 cura
2830 3637 3095 3697 querelas?

1881 3692 2090 3758 Tristius
2111 3706 2230 3758 erro,
2246 3697 2408 3758 nimis,
2439 3696 2601 3755 patriis
2625 3710 2773 3757 vagus
2801 3692 2943 3747 exsul
2966 3701 3026 3746 ab
3047 3702 3162 3758 oris,

1941 3753 2096 3813 Quam
2120 3757 2184 3804 sit
2207 3753 2470 3815 Apollonii:
2492 3753 2750 3821 naufragiis
2773 3759 2949 3829 hospes
2972 3763 3125 3823 aquis.

1832 3835 1952 3890 100.
1984 3836 2142 3892 Hisce
2170 3838 2306 3894 adde
2341 3842 2480 3910 quod
2507 3840 2553 3895 is
2584 3840 2832 3910 pleraque
2879 3843 3173 3898 carminum
3224 3858 3337 3901 nou

1757 3928 1900 3983 domi
1925 3931 2138 3996 scripsit
2158 3932 2347 3997 otiose,
2376 3944 2428 3985 ιιι
2456 3934 2640 3987 eadem
2664 3934 2801 3988 seria
2827 3950 2951 3988 cura
2975 3950 3034 3990 ac
3056 3937 3329 4006 diligentia

1756 4020 2097 4087 elucubrare,
2129 4037 2213 4088 ac,
2237 4023 2284 4077 si
2314 4024 2439 4092 quid
2485 4026 2661 4078 minus
2704 4029 2983 4082 commode
3026 4031 3316 4097 exciderat,

1758 4115 2017 4184 relingcre
2040 4130 2104 4169 ac
2133 4114 2320 4170 limare
2346 4115 2587 4171 subtilius
2619 4129 2829 4185 posset,
2859 4118 2955 4173 sed
3000 4119 3054 4172 in
3107 4120 3321 4186 itinere,

1755 4216 1846 4259 aut
1891 4206 2170 4277 navigans,
2218 4216 2309 4262 aut
2354 4208 2614 4277 equitans,
2663 4207 2772 4263 fere
2817 4209 3016 4275 elludit,
3051 4220 3138 4265 aut
3186 4211 3325 4268 inter

1759 4299 2011 4354 barbaros
2040 4284 2304 4369 homines,
2328 4301 2582 4355 invitatus
2611 4301 2678 4354 ad
2700 4302 2961 4369 convivia,
2996 4320 3058 4359 ex
3087 4315 3327 4376 tempore

1756 4392 2007 4461 profudit.
2046 4392 2114 4449 Ut
2140 4395 2281 4448 enim
2311 4395 2425 4463 ipse
2464 4395 2530 4449 de
2574 4410 2692 4449 sese
2740 4394 2927 4448 scribit
2981 4396 3046 4450 ad
3100 4396 3324 4467 Gregor.

1752 4480 1988 4549 Turon.,
2024 4485 2115 4539 lib.
2147 4501 2182 4550 ι,
2208 4502 2325 4554 cap.
2355 4486 2379 4538 l
2435 4504 2446 4538 :
2489 4485 2810 4551 Prtesertim,
2843 4488 3033 4557 inquit,
3064 4507 3180 4543 cum
3231 4508 3323 4563 ego

88 4589 208 4637 quos
231 4576 334 4630 ulla
357 4578 570 4630 virtutis
593 4577 749 4630 laude
774 4576 1028 4645 praestare
1050 4589 1367 4647 cognoverat
1396 4579 1565 4634 facilis
1584 4596 1645 4634 ac
1668 4588 1724 4646 1)
1750 4576 2017 4645 imperitus
2045 4578 2107 4629 de
2154 4576 2398 4631 Rauenna
2441 4580 2769 4649 progrediens
2805 4579 3004 4632 Padum
3021 4623 3034 4643 ,
3066 4584 3320 4651 Athesim,

88 4662 304 4747 liberalis
330 4668 648 4737 os:euditur.
1240 4741 1246 4747 ἢ

148 4737 672 4830 :7..l:jusdetn,v_ero
700 4763 752 4815 in
782 4762 1064 4825 scribendo
1112 4741 1359 4829 pietatem
1412 4762 1642 4817 Ecclesia

88 4850 373 4906 testimonio
414 4868 512 4908 suo
558 4868 621 4908 ac
676 4852 813 4906 iactu
864 4853 1251 4919 comprobavit,
1298 4868 1416 4906 cum
1467 4854 1644 4923 plures

87 4944 297 5014 hymnos
323 4944 392 5001 ab
420 4947 537 5016 ipso
562 4944 907 5001 conciuuatos
936 4945 1000 4998 ad
1030 4946 1208 4998 divina
1236 4945 1408 4998 ofﬁcia
1441 4954 1493 4999 et
1517 4960 1645 5017 san-

84 5046 277 5102 ctorum
304 5038 435 5092 festa
464 5035 780 5092 celebranda
806 5035 1126 5102 adhibuerit,
1151 5046 1206 5090 et
1231 5051 1329 5088 “all
1373 5050 1472 5089 suo
1516 5050 1645 5091 con-

84 5114 311 5193 scutarii,
344 5145 477 5198 quos
504 5129 800 5197 permultos
833 5127 993 5183 fuisse
1024 5129 1284 5199 (quamvis
1309 5128 1395 5181 alii
1420 5128 1644 5184 fortasse

78 5208 307 5276 adhiberi
336 5222 613 5288 desim-int,
640 5222 730 5275 alii
758 5221 990 5275 auctoris
1016 5222 1100 5275 sui
1130 5237 1193 5275 ex
1241 5222 1439 5275 incuria
1470 5221 1646 5276 homi-

82 5324 195 5367 num
221 5318 276 5367 et
300 5313 567 5368 oblivione
594 5328 786 5366 nomen
818 5311 1119 5379 amiserint)
1164 5328 1247 5365 δι’
1273 5311 1437 5366 Paulo
1493 5313 1638 5368 Diae.

79 5412 125 5453 et
146 5403 344 5459 Joanne
368 5402 662 5458 Trithemio
690 5404 897 5457 discere
924 5415 1220 5470 possumus,
1252 5416 1475 5469 quorum
1507 5405 1641 5459 alter

78 5491 273 5559 hymnos
287 5496 604 5567 singularum
625 5492 951 5561 [estiritatum
972 5493 1274 5559 compositos
1297 5508 1325 5545 a
1351 5492 1640 5550 Fortunato

76 5578 225 5636 fuisse
267 5588 450 5649 refert,
473 5586 608 5641 alter
661 5584 887 5655 hymnos
939 5583 1005 5637 ab
1060 5582 1249 5637 eodem
1303 5585 1639 5644 elucubratus

74 5678 388 5745 septuaginta
438 5690 644 5747 septem
692 5688 993 5741 enumerat,
1024 5692 1248 5743 quorum
1293 5681 1496 5747 primus
1548 5683 1637 5736 ille

28 5824 29 5837 γ
74 5765 325 5833 statuitur,
350 5770 442 5837 qui
467 5771 653 5839 incipit
686 5787 698 5822 :
733 5771 988 5840 Agnoscat
1015 5786 1162 5823 omne
1197 5773 1470 5837 circulum,
1504 5783 1633 5842 etc.,

71 5853 152 5925 qui
174 5865 347 5913 exstat
372 5857 465 5912 lib.
499 5873 756 5930 vm,cap.
787 5858 840 5927 5,
862 5860 962 5930 Op.
989 5860 1136 5915 Fort.

1749 4674 1875 4729 etc.,
1907 4675 2153 4729 trandus,
2186 4668 2437 4736 pendulus
2490 4671 2743 4722 montanis
2779 4672 3112 4739 anfractibus,
3160 4671 3325 4742 Pyre-

1748 4760 1873 4810 nwis
1895 4774 2183 4825 occurrens,
2200 4757 2232 4811 Ι
2241 4761 2342 4812 alio
2366 4776 2531 4813 mense
2549 4761 2755 4825 nivosis,
2777 4776 2899 4831 pene
2916 4772 3004 4813 aut
3024 4764 3316 4831 equitando,

1746 4862 1834 4905 aut
1853 4852 2172 4905 dormitando
2193 4853 2596 4919 conscripserit».
2623 4852 2721 4907 Ubi
2743 4855 2873 4908 inter
2889 4854 3147 4909 Barbaros
3167 4860 3319 4925 longe

1746 4956 1913 5001 tractu
1938 4948 2195 5015 gradiens,
2225 4956 2313 4998 aut
2357 4947 2437 4999 rio
2468 4950 2629 5016 fessus
2649 4991 2664 5014 ,
2686 4958 2781 5013 ‘ant
2825 4949 3033 5013 crapula
3080 4950 3319 5014 brumali,

1746 5049 1831 5090 aut
1859 5038 2069 5107 frigore,
2120 5035 2272 5089 Musa
2313 5038 2565 5101 hortante,
2611 5038 2776 5090 nescio
2823 5038 2989 5106 gelida
3036 5039 3194 5106 magis
3247 5054 3315 5091 an

1744 5127 1901 5192 ebria,
1932 5144 2091 5181 novus
2120 5128 2354 5197 Orpheus
2381 5129 2614 5198 Lyricus,
2642 5128 2782 5181 silva:
2807 5143 2947 5179 uoces
2963 5126 3163 5191 dabunt,
3186 5129 3315 5182 silva

1744 5220 2005 5273 reddebat.
2029 5220 2227 5286 Quibus
2259 5232 2536 5289 propterea
2559 5234 2617 5272 se
2638 5226 2855 5272 excusat
2881 5215 2943 5267 ad
2971 5212 3307 5285 Gregorium,

1744 5316 2025 5385 quominus
2055 5316 2291 5368 carmina
2320 5330 2412 5368 sua
2443 5316 2643 5367 ederet.
2678 5312 2805 5364 ltetn
2845 5308 2896 5360 iu
2940 5306 3041 5361 alia
3087 5312 3310 5378 epistola

1742 5406 1808 5460 ad
1852 5405 2096 5459 eumdem
2128 5406 2371 5471 Grcgor.,
2404 5419 2521 5471 qua:
2559 5402 2769 5469 pra-lixa
2798 5412 2877 5455 est
2909 5414 3131 5472 quatuor
3161 5404 3309 5458 libris

1741 5500 1807 5553 de
1859 5498 1972 5551 Vita
2013 5498 2181 5551 sancti
2230 5497 2477 5558 Martini,
2510 5509 2661 5547 suum
2690 5495 2971 5562 quoddam
3005 5513 3189 5565 poema
3239 5500 3306 5553 ad

1714 5590 1982 5657 'cumdem
2009 5588 2133 5653 dicit
2160 5588 2371 5642 mittere
2406 5603 2417 5637 :
2450 5585 2586 5654 quod
2607 5585 2659 5638 in
2686 5603 2835 5656 opere
2862 5590 3183 5655 uicarium,id
3213 5602 3309 5657 est,

1740 5683 1793 5734 in
1817 5682 1927 5749 ipsa
1948 5695 2125 5746 messe,
2144 5679 2235 5740 ait,
2256 5688 2309 5729 ut
2336 5692 2556 5745 promens
2584 5679 2839 5743 explicare
2867 5683 3081 5750 portitor
3102 5686 3307 5754 poterit,

1738 5790 1827 5827 nec
1857 5771 2093 5841 expedire
2118 5768 2280 5835 licuit,
2314 5785 2404 5821 ηις
2430 5776 2624 5821 tentare
2649 5769 2869 5839 singula.
2896 5770 2960 5826 Et
2981 5771 3129 5828 addit
3161 5793 3174 5827 :
3207 5774 3307 5828 To-

1737 5877 1842 5921 tum
1868 5862 2000 5917 illud
2030 5878 2157 5932 opus
2190 5862 2403 5931 (nempe
2426 5872 2658 5931 quatuor
2685 5862 2851 5922 libros
2879 5866 2947 5923 de
2974 5867 3091 5925 Vita
3136 5868 3309 5925 sancti
