3780 6372
176 301 232 353 i5
1278 305 1432 363 VITA
1477 303 1795 361 VENANTII
1830 302 2244 363 FORTUNATI.
3307 303 3376 360 54

235 412 372 470 Idem
393 416 445 470 in
469 418 680 486 epistola
704 431 916 486 prensa
940 418 1029 472 tib.
1055 423 1270 486 quatuor
1295 416 1358 471 de
1381 415 1650 470 virtutibus
1744 417 1798 477 Δ
1824 416 1953 471 adeo
1977 416 2216 486 quaedam
2242 417 2466 471 solerter
2487 430 2606 472 eum
2630 416 2970 483 investigasse
2988 461 3001 484 ,
3026 430 3146 474 cum
3171 417 3217 472 ei
3246 430 3374 472 con-

741 489 898 542 sanctt'
931 487 1160 541 Martini.

237 575 462 642 Utinam,
485 580 664 649 inquit,
687 579 934 644 Severus,
957 587 1049 631 aut
1078 578 1326 632 Paulinus
1352 577 1608 640 viverent,
1633 584 1722 631 aut

173 675 307 721 certe
336 667 652 722 Fortunatus
681 668 908 734 adesset,
943 669 1029 737 qui
1064 669 1163 722 ista
1201 667 1583 734 describerent,
1613 677 1715 722 etc.

173 757 241 811 De
265 760 434 812 eodem
462 757 742 811 Fortunato
771 760 850 811 vel
887 757 1002 811 aliis
1027 760 1080 811 in
1104 758 1229 812 locis
1253 757 1551 811 mentionem
1578 756 1716 824 facit.

236 848 548 903 Baudonieia
595 849 1026 913 sanctimonialis,
1057 851 1108 902 in
1131 849 1339 918 prologo
1379 847 1446 902 ad
1480 845 1649 902 Vitam

665 920 853 974 sancite
883 919 1229 991 Radegundis.

236 1011 344 1068 Non
373 1027 456 1078 ea,
485 1025 606 1080 qua
632 1012 714 1066 vir
744 1003 1068 1080 apostolicus
1095 1008 1416 1065 Fortunatus
1441 1008 1720 1080 episcopus

172 1102 232 1157 de
251 1097 423 1158 beatae
447 1100 558 1157 V’ita
581 1103 900 1171 composuit,
931 1102 1206 1168 iteramus,
1236 1110 1345 1157 etc.

177 1194 361 1250 Paulus
387 1194 664 1261 Diaconus,
691 1196 753 1248 de
778 1194 941 1250 Geatis
965 1193 1279 1265 Longobar.,
1298 1193 1384 1248 tib.
1410 1209 1467 1260 tt,
1485 1209 1599 1260 cap.
1633 1194 1721 1249 15.

235 1288 375 1344 Sane
401 1290 520 1357 quia
546 1288 701 1358 hujus
741 1287 930 1344 Felicis
959 1287 1179 1344 iecimus
1209 1289 1532 1345 mentionem
1554 1328 1569 1353 ,
1598 1287 1723 1342 libet

172 1395 373 1450 quoque
397 1396 558 1449 pauca
584 1395 682 1436 nos
703 1381 770 1438 de
801 1381 1086 1436 venerabili
1110 1391 1165 1436 et
1190 1380 1582 1450 sapientissimo
1603 1379 1722 1434 viro

172 1471 450 1527 Fortunato
475 1482 718 1527 retexere
735 1513 750 1538 ,
783 1472 869 1542 qui
901 1471 1046 1528 hunc
1071 1471 1306 1548 Felicem
1335 1485 1486 1527 suum
1511 1484 1721 1526 asseve-

169 1568 243 1612 rat
271 1558 468 1615 socium
512 1560 697 1616 fuisse.
746 1560 986 1631 Denique
1033 1561 1158 1628 hic,
1184 1560 1252 1616 de
1277 1574 1381 1630 quo
1427 1560 1718 1628 loquimur,

170 1646 507 1714 Fortunatus,
543 1659 699 1704 natus
727 1650 938 1718 quidem
983 1651 1038 1704 in
1063 1652 1180 1705 loco
1201 1651 1287 1719 qui
1304 1637 1600 1719 'Duplavilis
1636 1648 1720 1703 di-

1825 510 2124 576 temporalis
2172 510 2406 562 existens
2431 510 2511 562 vir
2542 509 2767 576 prudens
2799 519 2852 564 et
2880 509 3374 581 scholasticissimus

1823 597 2163 665 Fortunatus,
2176 600 2261 666 qui
2280 600 2423 667 plura
2450 611 2501 653 et
2525 597 2828 668 frequenter
2845 601 2912 654 ad
2932 615 3053 654 eum
3068 602 3370 670 scripserat,

1824 689 2086 759 ilymnum
2127 691 2404 761 rytltmicaa
2449 690 2849 759 compositionis
2881 691 3288 772 pulcherrimum
3308 694 3378 750 de

1823 779 1924 833 isto
1951 780 2338 850 gloriosissimo
2361 782 2987 850 martyrecomposuerit.
3019 782 3072 835 in
3090 793 3376 853 quocum-

1821 877 2082 925 memorat
2105 884 2228 926 eum
2258 886 2287 924 a
2313 871 2474 941 beato
2499 870 2772 928 Clemente
2795 872 3132 939 destinatum,
3161 877 3378 931 sicut-in

1821 959 2128 1016 Latinon
2158 963 2363 1033 paginis
2383 962 2586 1018 didicit.
2637 961 2712 1017 De
2743 963 2956 1018 natione
2980 973 3156 1019 autem
3183 962 3297 1034 ejus
3325 975 3382 1020 et

1824 1052 2155 1108 ordinatione
2200 1054 2534 1129 episcopatus
2581 1055 2902 1110 mentionem
2934 1068 3037 1110 non
3065 1048 3230 1122 facit,
3258 1058 3381 1127 quia

1825 1141 2016 1210 linguai
2036 1140 2237 1197 Gratcae
2268 1145 2471 1212 penitus
2499 1159 2691 1213 expers
2714 1143 2830 1215 fuit.
3137 1197 3140 1200 .
3261 1167 3264 1170 ’

1823 1197 2157 1300 Hincmarus,
2175 1234 2226 1287 in
2263 1197 2378 1288 i’ita
2402 1197 3058 1307 sartctirlimiaii:epiuopi
3083 1197 3381 1292 [ΠιεΜώ

2346 1306 2400 1358 in
2421 1309 2596 1374 prwf.,
2627 1305 2768 1359 num}
2799 1305 2855 1360 9.

1893 1394 2280 1468 Egidius,post
2323 1397 2534 1451 beatum
2577 1395 2915 1467 Remigium,
2965 1408 3184 1468 quartus
3229 1400 3399 1456 istius.

1823 1486 2052 1540 civitatis
2098 1473 2375 1556 episcopus
2413 1487 2695 1555 quemdam
2733 1488 2905 1543 virum
2933 1489 3257 1560 religiosum,
3287 1504 3385 1543 ηοο

1823 1576 1967 1632 mine
1995 1576 2340 1654 Fortunatum
2365 1619 2381 1643 ,
2413 1577 2652 1633 metricis
2681 1579 2921 1634 versibus
2942 1579 3226 1651 insignem,
3258 1581 3381 1649 quia

1824 1667 2004 1722 multis
2033 1668 2410 1736 potentibus‘et
2435 1670 2831 1730 honoubiiibus
2886 1671 3037 1738 viris,
3065 1672 3119 1726 in
3151 1670 3236 1726 bis
3254 1670 3382 1726 Gal-

167 1738 315 1832 οίίξιῇ
343 1737 440 1832 ἢιῇ
465 1755 488 1832 ξ
516 1737 606 1807 qui
633 1738 778 1832 '96“
816 1738 955 1832 him}!
984 1739 1140 1812 Ῐοηϐθ
1169 1755 1196 1832 ἒ
1233 1739 1497 1832 οθθίίθηξί
1519 1749 1714 1830 “Si”;
1744 1761 1794 1823 Β
1821 1757 1936 1814 licis
1963 1771 2014 1815 et
2044 1760 2262 1830 Belgicis
2304 1762 2626 1832 regionibus,
2674 1778 2767 1832 per
2819 1737 3030 1818 diversa
3062 1764 3200 1829 loca,
3253 1774 3380 1819 tunc

171 1827 245 1882 vel
275 1827 580 1884 Tarvisiana
621 1829 783 1884 distat
825 1829 1075 1894 civitate;
1108 1831 1198 1884 sed
1222 1838 1400 1885 tamen
1447 1827 1728 1886 Ravenna!

172 1919 392 1972 nutritus
420 1927 473 1974 et
496 1919 681 1976 doctus
699 1960 715 1985 ,
743 1921 794 1974 in
824 1929 939 1976 arte
979 1921 1320 1988 grammatica
1341 1960 1357 1985 ,
1391 1922 1505 1977 sive
1533 1922 1715 1978 rheto-

165 2009 288 2073 rica,
317 2009 428 2065 sive
449 2009 606 2065 etiam
633 2011 872 2075 metrica,
895 2011 1218 2066 clarissimus
1245 2012 1463 2066 exstitit.
1490 2011 1716 2067 Hiccum

165 2099 431 2154 oculorum
474 2100 712 2155 dolorem
762 2083 1286 2160 vehementissimum
1331 2108 1630 2169 pateretur,
1661 2108 1717 2156 et

168 2185 505 2244 nihilominus
536 2188 685 2243 Felix
712 2191 832 2256 iste,
862 2174 1028 2257 ipsius
1049 2189 1246 2254 socius,
1271 2192 1382 2258 pari
1409 2189 1564 2244 modo
1591 2204 1716 2244 ocu-

165 2281 240 2335 los
286 2281 519 2346 doleret,
561 2289 786 2349 uterque
826 2278 892 2333 ad
939 2279 1210 2334 basilicam
1254 2279 1528 2334 beatorum
1571 2279 1715 2334 Pauli

163 2381 314 2440 atque
341 2371 586 2439 Joannis,
617 2386 736 2441 quae
777 2373 915 2428 intra
960 2371 1200 2426 eamdem
1244 2372 1426 2426 urbem
1471 2372 1570 2426 sita
1598 2380 1711 2436 est,

165 2472 509 2526 perrexerunt
536 2464 588 2516 in
618 2478 721 2530 qua
750 2464 910 2518 etiam
939 2463 1182 2518 altarium
1211 2464 1265 2518 in
1291 2463 1546 2519 hunorem
1573 2462 1718 2519 beati

165 2547 367 2601 Martini
409 2547 728 2606 confessoris
771 2561 1129 2607 constructum
1184 2555 1527 2622 propinquam
1561 2552 1718 2607 habet

167 2634 466 2701 fenestram,
500 2637 550 2689 in
579 2652 686 2705 qua
715 2638 925 2692 lucerna
955 2642 1023 2694 ad
1047 2641 1401 2695 exhibendum
1433 2642 1610 2696 lumen
1634 2649 1719 2696 est

167 2729 443 2782 constituta
462 2770 480 2797 ,
510 2727 578 2783 de
606 2727 757 2798 cujus
785 2729 906 2784 oleo
947 2746 1068 2786 mox
1104 2733 1205 2788 sibi
1245 2733 1366 2800 isti,
1396 2733 1716 2790 Fortunatus

166 2818 365 2873 scilicet
402 2826 456 2872 et
482 2817 663 2886 Felix,
695 2818 928 2874 dolentia
971 2819 1167 2876 lumina
1215 2822 1531 2891 tetigerunt:
1572 2821 1716 2878 lliico

164 2907 339 2964 dolore
381 2909 597 2980 fugato,
651 2911 968 2978 sanitatem,
1013 2927 1168 2983 quam
1207 2915 1495 2983 optabant,
1541 2914 1717 2984 adepti

165 3007 299 3052 sunt.
345 2997 458 3065 Qua
500 2998 752 3071 de‘causa
801 3000 1119 3058 Fortunatus
1166 3006 1218 3058 in
1261 3015 1464 3060 tantum
1504 3004 1716 3060 beatum

167 3087 435 3142 Martinam
464 3100 744 3146 veneratus
773 3102 878 3156 est,
907 3105 981 3160 ut,
1008 3094 1189 3148 relicta
1218 3095 1409 3164 patria,
1445 3098 1600 3164 paulo
1620 3112 1715 3151 an-
1740 3101 1790 3168 α

167 3186 370 3248 tequam
400 3179 734 3249 Longobardi
780 3183 976 3238 Italiam
1009 3184 1360 3254 invaderent,
1391 3187 1621 3243 Turonis
1649 3189 1716 3243 ad

167 3269 398 3338 ejusdem
431 3273 567 3328 beati
611 3274 712 3328 viri
742 3276 1042 3343 sepulcrum
1069 3288 1401 3347 preperaret.
1447 3281 1547 3346 Qui
1578 3282 1718 3349 sibi,

166 3370 216 3416 ut
247 3361 298 3415 in
327 3363 437 3418 suis
487 3365 602 3432 ipse
643 3366 963 3420 carminibus
1005 3358 1210 3438 refert,
1241 3369 1362 3423 illnc
1413 3370 1720 3439 properanti

165 3466 252 3518 per
281 3453 534 3509 ﬂuentilia
564 3457 751 3520 menti,
777 3463 830 3511 et
859 3457 1118 3528 liounam,
1151 3475 1351 3528 perque
1380 3458 1635 3530 O'sopum,
1666 3469 1719 3517 et

163 3542 342 3609 Alpem
365 3543 580 3608 Juliam,
620 3562 815 3615 perque
852 3550 1118 3618 Aguntum
1162 3562 1412 3619 castrum,
1458 3555 1713 3607 Dravum-

162 3643 258 3694 que
280 3669 296 3694 ,
330 3640 384 3684 et
411 3633 630 3700 Byrrum
678 3634 866 3696 ﬂuvios
889 3674 905 3700 ,
939 3651 1001 3689 ac
1040 3638 1259 3692 Briones
1282 3677 1296 3701 ,
1329 3647 1384 3691 et
1427 3641 1714 3708 Augustam

165 3718 446 3787 civitatem,
483 3736 639 3789 quam
678 3721 834 3778 Virdo
864 3734 918 3778 et
943 3724 1081 3780 Lech
1111 3727 1385 3794 ﬂuentum,
1416 3728 1514 3783 iter
1555 3729 1718 3787 fuisse

162 3809 430 3865 describit.
481 3810 582 3878 Qui
634 3821 908 3884 postquam
959 3815 1229 3871 Turonum
1256 3841 1280 3886 ,ι
1317 3815 1471 3889 juxta
1533 3829 1712 3876 votum

164 3905 450 3974 proprium,
483 3904 716 3970 advenit,
747 3905 974 3962 Pictavis
1001 3909 1360 3978 pertra_usiens
1385 3955 1400 3979 ,
1438 3909 1543 3966 illic
1565 3912 1716 3968 babi-

163 3994 285 4046 tavit
311 4036 325 4061 ,
357 4005 410 4049 et
440 3996 728 4051 multorum
756 3996 948 4053 ibidem
980 4010 1284 4056 sanctorum
1312 4011 1457 4072 gesta
1476 4047 1498 4071 ,
1527 4005 1715 4073 partim

163 4097 309 4148 prosa
328 4122 344 4148 ,
374 4083 560 4153 partim
589 4087 792 4141 metraii
821 4087 1094 4156 oratione,
1138 4093 1490 4160 conscripsit;
1539 4094 1716 4149 novis-

159 4173 394 4243 simeque
415 4174 464 4228 in
487 4175 672 4231 eadem
697 4175 912 4232 civitate
937 4179 1157 4244 primunt
1187 4181 1459 4251 presbyter
1480 4222 1493 4246 ,
1526 4183 1717 4239 deinde

159 4260 430 4336 episcopus
446 4265 716 4318 ordinatus
732 4273 835 4330 est,
850 4275 1007 4336 atque
1032 4269 1081 4322 in
1106 4268 1288 4323 eodem
1311 4270 1436 4325 loco
1455 4270 1616 4341 digno
1642 4283 1721 4327 tu-

160 4354 383 4408 mulatus
401 4355 601 4410 honore
617 4355 860 4424 quiescit.
882 4357 977 4411 Hic
995 4359 1132 4413 beati
1151 4361 1359 4415 Martini
1380 4361 1568 4439 Vitam,
1591 4377 1717 4434 qua-

1819 1849 1939 1903 vita:
1965 1863 2027 1904 ac
2053 1850 2288 1904 scientiae
2343 1864 2455 1906 suae
2503 1853 2695 1929 merito
2742 1839 3089 1920 invitabatur,
3126 1852 3295 1920 .petiit
3314 1852 3385 1907 de

1818 1941 2006 1996 eodem
2035 1942 2189 2008 libro,
2223 1945 2484 1998 cothurno
2503 1942 2778 1999 Gallicano
2805 1944 3027 2010 dictato,
3049 1952 3234 2013 aperto
3258 1947 3376 1997 ser-

1817 2050 1976 2090 mone
2021 2037 2195 2105 aliqua
2230 2038 2513 2104 miracula,
2541 2052 2660 2108 qua
2685 2037 2740 2092 in
2771 2038 2967 2107 populo
3010 2035 3382 2103 recitarentur,

1816 2124 2078 2190 excipere,
2105 2135 2209 2180 etc.

1818 2228 1960 2286 Inter
1990 2226 2358 2308 inscriptiones
2413 2233 2768 2308 be_qti__1'_’lacci
2798 2235 3012 2308 Alcuini
3057 2241 3113 2292 in
3151 2240 3374 2308 quodam

1887 2305 2414 2380 monasteriotForte,
2447 2304 2814 2377 Nobitiacenai)
2832 2323 3042 2380 sequens
3060 2304 3261 2364 cannon
3287 2311 3383 2362 Ita-

1889 2374 2032 2427 betur
2053 2375 2381 2445 inscriptum:
2401 2374 2405 2375 ί
2791 2374 2800 2377 ⁷
2896 2374 2909 2380 ⁷
3000 2381 3002 2384 ’

1982 2511 2301 2552 ενιτυωωι
2341 2483 2639 2556 roarunsrt
2672 2505 2860 2555 non.
2894 2502 3213 2556 amantur.

1834 2609 1839 2616 ο
1887 2583 2011 2640 Haec
2037 2602 2245 2658 quoque
2275 2588 2521 2655 prtesenti
2547 2581 2742 2658 praesul
2769 2589 3055 2660 requiescit
3081 2591 3137 2646 in
3165 2591 3306 2659 aula,

1961 2674 2279 2730 Fortunatus
2304 2675 2444 2731 enim
2473 2679 2572 2742 vir,
2602 2677 2765 2734 decus
2789 2679 3079 2746 Ecclesia;

1885 2764 2114 2821 Plurima
2143 2768 2234 2836 qui
2262 2767 2389 2821 fecit
2415 2777 2720 2822 sanctorum
2747 2769 2982 2826 carmina
3007 2778 3201 2838 metro,

1957 2855 2348 2913 Concelebrans
2379 2867 2589 2914 sanctos
2614 2857 2864 2916 laudibus
2892 2860 3233 2931 hymnidicis'

1885 2948 1984 3017 Qui
2010 2963 2254 3004 sermone
2283 2950 2380 3004 iuit
2405 2950 2623 3020 nitidus,
2652 2965 2923 3021 sensuque
2952 2951 3120 3010 ﬁdelis

1954 3039 2170 3111 Ingenio
2197 3040 2418 3110 calidus,
2445 3051 2721 3115 promptus
2741 3052 2796 3102 et
2821 3057 2914 3099 ore
2941 3059 3059 3102 suo.
3153 3079 3155 3082 ‹

1892 3151 1964 3205 lta
1985 3151 2248 3221 reperitur
2275 3152 2491 3208 allatum
2539 3168 2729 3223 poema
2761 3155 2810 3209 in
2843 3155 2980 3209 Edit.
3013 3147 3246 3221 Ratisb.,
3283 3173 3373 3212 aa.

1821 3240 1993 3307 i777,
2042 3241 2294 3298 adornata
2339 3259 2436 3313 per
2481 3245 2893 3301 illustrissimum
2944 3256 2996 3300 et
3040 3248 3376 3303 reverendis-

1823 3338 2013 3391 simum
2057 3337 2226 3394 virum
2260 3338 2580 3394 Frobenium
2610 3339 2666 3396 Β.
2696 3339 2759 3396 Β.
2791 3339 2835 3394 l.-
2867 3340 3176 3409 principem,
3208 3352 3260 3396 et
3286 3341 3375 3395 ab.

1822 3427 1888 3481 ad
1910 3434 2155 3483 sanctum
2180 3429 2599 3484 Emmeramum.

1966 3516 2315 3584 Flodoardus,
2359 3521 2499 3573 Hist.
2526 3520 2708 3574 Rheni.
2751 3520 2915 3584 Ecel.,
2940 3520 2977 3574 ι.
3012 3534 3070 3585 tr,
3099 3535 3143 3573 c.
3173 3521 3227 3574 2.

1890 3604 2211 3658 Fortunatus
2257 3605 2468 3660 ltalicus
2516 3607 2653 3660 aoud
2695 3605 2895 3663 Gallias
2923 3608 2975 3663 in
3001 3611 3220 3664 metrica
3248 3610 3378 3666 insi-

1817 3692 1935 3761 gnis
1964 3692 2279 3747 habebatur.

2080 3784 2368 3852 Aimoinus,
2394 3784 2432 3838 ι.
2466 3800 2521 3842 Ill
2547 3787 2688 3842 Hist.
2720 3786 2938 3857 Frena,
2957 3796 3006 3844 ὁ.
3029 3788 3114 3844 15.

1893 3877 2241 3943 Fortunatus,
2286 3879 2373 3948 qui
2404 3881 2456 3932 in
2497 3879 2762 3935 rhetorica
2804 3882 3128 3954 metrica'que
3151 3893 3267 3940 arte
3293 3883 3378 3940 la-

1822 3981 2002 4021 mosus
2044 3967 2358 4032 habebatur,
2390 3968 2455 4021 ab
2494 3967 2746 4037 Hesperia
2777 3971 2828 4023 in
2860 3968 3055 4025 Gallias
3087 3975 3376 4044 transiens,

1823 4057 2050 4114 Pictavis
2087 4057 2367 4127 episcopus
2411 4059 2699 4112 ordinatur.
2744 4058 2847 4112 Hic
2899 4060 3183 4116 multorum
3233 4063 3380 4120 Vitas

1827 4151 2174 4222 passionesve
2194 4161 2518 4218 sanctorum,
2545 4153 2736 4221 partim
2769 4165 2944 4220 prosa,
2965 4153 3154 4221 partim
3181 4164 3378 4222 metro,

1824 4243 2142 4311 composuit,
2175 4243 2239 4297 ad
2270 4243 2469 4298 amicos
2527 4257 2737 4312 quoque
2770 4243 2972 4312 singula
3015 4243 3242 4300 disticha
3266 4247 3380 4301 ele-

1824 4350 1952 4404 gans
1979 4345 2158 4390 orator
2186 4335 2523 4405 conscripsit.
2572 4336 2722 4390 Unde
2747 4335 3014 4407 Sigiberto
3041 4339 3150 4409 regi
3180 4340 3378 4410 elegia-

159 4451 272 4496 tuor
298 4443 537 4510 inlibris,
566 4444 779 4500 heroico
821 4445 872 4497 in
916 4461 1094 4509 versu,
1125 4452 1395 4502 contexuit
1421 4490 1435 4513 ,
1473 4432 1526 4504 et
1556 4424 1717 4506 multa
1745 4444 1798 4509 D
1823 4440 1944 4481 cum
1979 4424 2123 4480 mis“
2173 4440 2407 4490 carmen’
2451 4426 2822 4494 consmwlam
2847 4427 2896 4480 ei
2921 4428 2975 4480 in
3002 4429 3202 4498 nuptiis
3249 4431 3379 4484 Bm-

158 4531 273 4593 ulia,
313 4533 649 4600 maximeque
674 4532 896 4599 hymnos
921 4534 1240 4603 singularum
1275 4537 1635 4605 (estivitatum,
1669 4549 1722 4595 et
1826 4516 2089 4605 "whims:
2121 4517 2289 4586 Quem
2319 4531 2436 4570 eam
2459 4530 2574 4570 3°"
2603 4517 2815 4579 librum’
2851 4517 2916 4571 ad
2944 4519 3186 4575 diversos
3213 4522 3280 4576 ab
3310 4537 3376 4578 eo

158 4620 419 4687 praecipue
449 4620 518 4674 ad
540 4621 774 4689 singulos
804 4623 1003 4677 amicos
1035 4625 1344 4691 versiculos,
1372 4627 1504 4680 nulli
1530 4638 1712 4696 poeta-

158 4726 268 4765 rum
301 4711 586 4783 secundus,
615 4715 762 4767 suavi
803 4723 853 4767 et
883 4713 1084 4769 diserto
1118 4700 1367 4770 sermone
1393 4719 1716 4786 composuit.

158 4800 234 4854 Ad
264 4801 417 4872 cujus
445 4816 544 4871 ego
573 4802 831 4857 tumulum
857 4843 872 4867 ,
901 4817 1021 4858 cum
1043 4804 1166 4858 illuc
1188 4850 1201 4873 ,
1234 4805 1493 4860 orationis
1521 4809 1711 4877 gratia,

156 4893 519 4950 adventassem
546 4937 559 4962 ,
614 4896 713 4950 hoc
755 4894 1116 4964 epitaphium,
1163 4904 1376 4965 rogatus
1421 4897 1488 4951 ab
1532 4897 1713 4967 Apro,

156 4989 389 5058 ejusdem
419 4989 516 5044 loci
540 4990 748 5055 abbate,
772 4990 1107 5045 scribendum
1131 4993 1376 5047 contexui
1423 5003 1526 5049 ete.
1559 4994 1739 5064 (Vide'

158 5081 246 5134 hac
275 5095 473 5134 carmen
501 5081 556 5134 in
588 5079 705 5134 Vita
731 5077 907 5146 Fort,
935 5097 1078 5134 num.
1111 5080 1228 5152 92.)

161 5171 440 5235 Hit’duinus
460 5165 632 5238 abbas,
651 5175 708 5256 in
730 5172 1028 5256 epistolaad
1044 5171 1358 5256 budooicum
1382 5173 1558 5242 Pium,
1580 5178 1719 5246 apud

645 5241 874 5309 Surium,
898 5243 978 5296 die
992 5243 1028 5298 9
1046 5243 1222 5300 Octob.

237 5344 483 5390 Actorum
529 5333 845 5401 parcendum
872 5344 953 5389 est
989 5335 1309 5403 simplicitati
1336 5336 1429 5390 viri
1478 5337 1709 5408 religiosi

159 5419 395 5494 Gregorii
438 5425 757 5482 Turonensis
784 5427 1040 5496 episcopi,
1070 5429 1156 5496 qui
1185 5428 1347 5482 multa
1377 5431 1529 5484 aliter
1557 5447 1712 5500 quam

155 5522 212 5563 se
231 5513 426 5569 veritas
449 5515 660 5583 habeat,
679 5516 969 5585 aestimans,
995 5530 1104 5571 non
1127 5516 1430 5573 calliditatis
1459 5529 1598 5586 astu,
1621 5521 1713 5576 sed
1737 5526 1752 5538 ’

156 5597 493 5672 benignitatis
539 5608 988 5678 ac‘simplicitatis
1025 5617 1174 5674 voto,
1216 5610 1405 5665 litteris
1439 5627 1712 5667 commen-

156 5691 314 5748 davit.
365 5690 610 5756 Patenter
637 5701 925 5771 etquidem
983 5715 1203 5758 noscere
1257 5716 1558 5770 possumus,
1606 5717 1708 5757 non

1821 4607 1920 4660 sibi
1949 4597 2234 4662 familiares
2261 4607 2636 4673 conscriptum,
2663 4607 2903 4660 manibus
2925 4608 3194 4686 intulisset
3222 4611 3376 4677 meis,

1822 4698 1873 4750 in
1891 4710 1957 4752 eo
1983 4696 2362 4750 fecunditatem
2386 4697 2504 4764 viri,
2527 4696 2844 4766 dulcemque
2867 4698 3229 4755 aii‘abilitatem
3247 4703 3377 4758 satis

1819 4786 2108 4841 admiratus
2135 4800 2270 4842 sum.

2067 4932 2070 4936 ,
2267 4877 2477 4948 Regina,
2509 4880 2563 4932 in
2590 4877 2871 4948 Chron.,.i.
2895 4896 2930 4934 ι.
2960 4873 2962 4875 ’

1891 4967 2212 5023 Fortunatus
2239 4978 2391 5037 poeta
2418 4968 2476 5025 in
2499 4969 2686 5026 Galliis
2713 4971 2936 5042 insignis
2962 4971 3212 5028 habetur.

2098 5057 2406 5130 Sigibertus,
2437 5060 2493 5113 et
2521 5045 2733 5128 Civem,
2762 5063 2829 5116 ad
2855 5062 3087 5118 013.575.

1891 5148 2209 5205 Fortunatus
2232 5162 2383 5218 poeta
2406 5151 2626 5207 veniens
2648 5152 2716 5207 ab
2744 5152 2888 5206 italia
2909 5153 3074 5208 claret
3096 5154 3148 5209 in
3181 5153 3372 5213 Gallia.

2171 5241 2336 5310 Idem,
2371 5244 2433 5295 de
2454 5241 2646 5307 Script.
2671 5240 2838 5308 Eccl.,
2865 5256 2910 5295 c.
2932 5242 3022 5298 45.

1886 5335 2234 5399 Fortunatus,
2287 5334 2498 5388 natione
2555 5333 2748 5396 ltaius‘,
2789 5329 3097 5392 liberalibus
3173 5340 3373 5396 artibus

1815 5421 2126 5487 eruditus,a
2155 5420 2338 5476 dolore
2386 5421 2657 5474 oculorum
2701 5419 2896 5476 virtute
2941 5422 3149 5479 aiartini
3199 5425 3370 5480 Turo—

1813 5511 1994 5567 nensis
2019 5511 2251 5579 episcopi
2276 5518 2511 5572 sanatus,
2543 5518 2596 5561 et
2625 5522 2722 5577 pro
2739 5509 2841 5564 hac
2861 5526 3016 5565 causa
3047 5512 3110 5566 ad
3132 5512 3371 5570 Turones

1816 5604 1975 5664 venit;
2006 5609 2060 5654 et
2085 5600 2149 5654 ad
2205 5599 2447 5654 Pictavos
2478 5614 2808 5667 progressus,
2856 5602 3024 5669 primo
3055 5604 3125 5658 ibi
3150 5607 3367 5679 presby.

1815 5704 1914 5757 ter,
1937 5691 2129 5750 deinde
2147 5691 2424 5760 episcopus
2438 5701 2780 5746 consecratus
2795 5702 2894 5749 est.
2914 5694 3136 5767 Scripsit
3154 5699 3365 5758 metrico
