3820 6236
432 279 506 338 55

964 282 1479 343 PROLEGOMENA
1525 252 1977 345 ADVVENANTH
2017 291 2173 345 ιιυΝ.
2216 290 2423 349 CLEM.
2468 295 2857 356 FORTUNATI
2899 301 3145 361 OPERA.
3587 317 3640 378 56

429 398 858 467 llodoepericum
889 402 1319 468 suum;scripsit
1343 403 1556 456 metriec
1577 415 1808 471 quatuor
1830 404 2003 458 libros
2040 408 2091 466 Α
2118 406 2258 460 nolui
2308 413 2642 479 consignare.
2689 413 2847 471 Plura
2887 423 3026 474 enim
3084 424 3349 495 epitaphia
3392 440 3446 486 et
3489 450 3640 497 venus

428 492 501 546 de
550 492 669 546 Vita
713 495 881 545 sancti
929 493 1164 558 Martini,
1212 504 1265 549 et
1305 496 1469 548 multa
1510 497 1637 560 alia,
1683 507 1734 550 et
1779 498 2010 551 maxime

428 585 663 653 hymnus
708 584 1038 654 singularum
1087 585 1454 639 festivitatum.
1489 586 1567 639 Ad
1614 585 1850 654 singulos
1879 587 2011 641 ami-

429 684 527 725 cos
555 675 856 738 composuit
879 688 1067 728 versus
1093 673 1242 745 suavi
1275 685 1328 728 et
1358 673 1560 728 diserto
1586 689 1856 728 sermone.

515 757 772 822 Vincent.,
799 760 953 831 Spec.
973 762 1061 815 lib.
1089 777 1219 828 uti,
1237 779 1286 816 c.
1306 761 1511 830 £96,”:
1542 763 1588 816 Η
1599 781 1684 835 ug.
1704 762 1933 818 Florioc.

472 847 481 856 ”
509 850 833 906 Fortunatus
864 853 948 905 vir
978 852 1245 923 egregius,
1716 913 1719 918 ,

680 940 888 1004 ingenio
909 942 1091 1002 clarus,
1114 955 1263 992 sensu
1286 945 1442 1006 celer,
1470 956 1559 992 ore
1585 947 1746 1014 suavis

504 1040 602 1108 Qui
633 1043 700 1094 ab
725 1044 871 1096 Italia
906 1045 1150 1100 Turonos
1199 1029 1510 1110 adveniens,
1535 1057 1683 1102 actus
1714 1049 1853 1103 beati
1875 1049 2011 1103 Mar-

433 1131 532 1182 tini
559 1147 609 1183 tv
641 1132 813 1198 libris,
851 1135 1067 1190 heroico
1115 1128 1391 1190 cantexuit
1418 1147 1609 1191 metro.
1665 1138 1856 1193 Verum
1884 1138 2012 1192 inde

425 1233 765 1292 assumptus,
833 1225 1168 1283 Pictavorum
1234 1230 1511 1284 ordinatus
1562 1241 1644 1285 est
1704 1219 2006 1299 episcopus.

428 1316 652 1384 Scripsit
693 1326 867 1370 autem
898 1320 1056 1372 etiam
1106 1319 1274 1374 Vitam
1305 1320 1443 1375 beati
1474 1321 1657 1374 Hilarii
1711 1321 2012 1376 Pictavien-

429 1409 528 1472 sis,
557 1395 615 1462 et
642 1409 816 1466 \‘itam
847 1412 987 1466 beati
1011 1412 1238 1466 Maurilii
1279 1411 1699 1481 Audegavensis.
1736 1413 1900 1482 Hujus
1929 1426 2012 1469 est

432 1501 524 1556 illa
548 1505 815 1558 sententia
847 1504 1025 1562 brevis
1056 1513 1110 1558 et
1140 1504 1282 1557 utilis
1307 1522 1322 1556 :

651 1614 846 1677 Pauper
866 1615 916 1663 in
938 1623 1144 1677 angusto
1166 1619 1342 1678 regnat
1364 1615 1587 1678 habendo
1607 1615 1784 1665 Deum.

656 1683 664 1690 η
761 1676 766 1677 ί
1007 1676 1020 1677 ί
1155 1676 1385 1749 (ιὲῃίηιν
1418 1677 1452 1730 ι.
1489 1693 1600 1740 vm,
1625 1694 1670 1730 c.
1705 1679 1757 1742 ti,
1788 1694 1833 1730 υ.
1860 1676 2007 1748 396-)

433 1787 616 1844 Petrus
635 1790 698 1842 de
723 1789 1018 1853 Natolibus,
1047 1792 1100 1842 in
1122 1776 1278 1843 colat.
1309 1789 1515 1853 Sanct.,
1541 1788 1628 1841 lib.
1667 1806 1740 1853 ιχ,
1772 1807 1884 1858 rap.
1917 1791 2004 1844 65.

500 1880 841 1941 Fortunatus,
902 1879 1186 1946 episcOpus
1242 1879 1610 1944 Pictaviensis,
1661 1881 1850 1934 claruit
1880 1889 2010 1935 tem-

428 1983 561 2035 pore
591 1969 784 2023 Justini
816 1969 1157 2036 imperatoris
1179 1971 1424 2037 junioris.
1463 1971 1561 2036 Qui
1590 1972 1804 2026 natione
1827 1973 2005 2038 italus,

423 2058 606 2126 primo
646 2069 823 2126 poeta,
875 2059 1070 2114 deinde
1099 2061 1151 2113 in
1180 2063 1415 2128 praelatae
1445 2062 1596 2116 urbis
1643 2065 2004 2132 episcopatum

423 2149 763 2215 sublimatus,
791 2151 872 2205 vir
895 2152 1167 2222 egregius,
1195 2151 1404 2223 ingenio
1427 2153 1626 2223 clarus,
1651 2169 1810 2210 sensu
1841 2157 2002 2221 celer,

416 2257 514 2296 ore
533 2243 736 2297 suavis.
1602 2239 1610 2248 “

660 2334 889 2400 Plotina,
921 2337 975 2388 in
1018 2336 1128 2388 Vita
1152 2332 1372 2388 Joannis
1401 2336 1561 2389 Tertii
1591 2352 1761 2404 popae.

493 2443 840 2507 Fortunatus,
860 2443 939 2495 vir
953 2442 1243 2512 singularis
1264 2443 1578 2498 litteratura:
1593 2453 1648 2499 et
1662 2445 2000 2513 eloquentiae,

418 2533 601 2587 Gallos
632 2535 697 2587 ad
731 2535 997 2588 mitiorem
1019 2537 1220 2590 cultum
1243 2535 1453 2604 redegit
1485 2537 1702 2606 scriptis
1733 2548 1786 2592 et
1815 2552 2001 2593 exem-

415 2632 530 2699 plo.
554 2631 633 2684 Ad
676 2631 999 2701 Sigibertum
1025 2634 1168 2687 enim
1209 2647 1393 2687 eorum
1442 2648 1620 2701 regem
1670 2634 1904 2688 libellum
1935 2633 2002 2688 de

413 2725 763 2795 gubernando
787 2742 951 2797 regno
975 2727 1311 2797 perscripsit,
1343 2743 1405 2784 ac
1430 2729 1570 2784 beati
1599 2729 1810 2783 Martini
1838 2729 1996 2784 vitam

415 2815 689 2886 eleganter
714 2820 1032 2886 composuit.

451 2907 677 2963 Joannes
710 2910 1041 2975 Tritlmnius,
1065 2913 1154 2966 lib.
1185 2914 1247 2964 de
1274 2913 1536 2979 Scriptor.
1564 2911 1958 2965 Ecclesiaslicis.

488 2997 812 3053 Fortunatus
841 3001 1126 3067 episcopus
1152 3000 1504 3054 Pictaviensis
1525 3041 1539 3065 ,
1566 3000 1783 3053 natione
1812 3001 1992 3067 Italus,

413 3088 498 3140 vir
527 3088 580 3140 in
624 3088 818 3141 divinis
864 3089 1160 3155 Scripturis
1208 3089 1430 3153 doctus,
1459 3097 1513 3142 et
1555 3088 1606 3140 in
1651 3089 1994 3142 sazcularibus
2023 3101 2071 3164 ε

412 3176 614 3230 litteris
655 3177 1070 3240 eruditissimus,
1127 3175 1342 3246 ingenio
1385 3178 1614 3243 subtilis,
1669 3178 1880 3246 eloquio
1908 3180 1990 3233 di-

412 3277 591 3323 sertus
620 3278 670 3321 et
705 3266 933 3334 nitidus,
963 3267 1199 3321 carmine
1236 3276 1290 3322 et
1321 3283 1476 3335 prosa
1526 3272 1821 3333 excellens,
1854 3271 1995 3325 inter

409 3366 635 3411 ctmctos
675 3371 785 3408 sua:
831 3357 1004 3409 atatis
1051 3356 1299 3410 doctores
1333 3372 1437 3410 non
1486 3360 1665 3412 minus
1711 3360 1994 3414 sanctitate

411 3447 838 3502 conversationis
909 3463 1067 3517 quant
1150 3449 1369 3501 scientia
1438 3449 1756 3504 eruditionis
1816 3450 1995 3504 clarus

408 3541 630 3596 eﬂ'ulsit.
663 3539 760 3595 Hic
788 3541 983 3596 virtute
1005 3542 1177 3600 sancti
1207 3542 1420 3596 Martini
1444 3558 1472 3595 a
1499 3542 1685 3598 dolore
1714 3543 1989 3598 oculorum

409 3623 670 3686 liberatus
716 3647 810 3699 pro
855 3632 1058 3701 agenda
1099 3631 1388 3701 gratiarum
1435 3633 1663 3698 aetione,
1717 3633 1989 3688 Turonem

405 3723 476 3779 ad
517 3725 638 3793 ejus
674 3726 978 3793 sepulcrum
1032 3725 1179 3777 venit
1203 3765 1218 3785 ,
1252 3733 1328 3788 et,
1358 3724 1608 3778 Pictavos
1652 3739 1986 3792 progressus,

405 3815 584 3883 primo
606 3816 1135 3887 presbyter,,deinde
1157 3813 1438 3883 episcopus
1460 3814 1659 3868 ibidem
1681 3815 1983 3879 ordinatus,

409 3923 604 3978 magna
628 3909 875 3963 doctrina
895 3920 948 3963 ct
979 3907 1235 3976 religione
1265 3907 1478 3961 claruit.
1505 3906 1733 3975 Scripsit
1761 3905 1987 3976 eleganti

410 4002 652 4057 carmine
700 4003 868 4055 multa
899 4002 1048 4054 utilia
1079 4012 1130 4056 et
1163 3986 1364 4055 devota"
1401 3998 1675 4068 opuscula,
1705 3997 1772 4052 de
1799 3997 1990 4066 quibus

405 4110 510 4166 ego
538 4103 746 4150 tantum
771 4096 876 4148 vidi
910 4094 1173 4160 subjecta.

475 4190 556 4242 Ad
609 4197 850 4242 sanctam
911 4183 1341 4252 Radegundem,
1390 4180 1533 4250 regis
1591 4178 1986 4247 Tburingorum

401 4279 580 4332 ultimi
621 4276 809 4337 ﬁliam,
838 4283 896 4327 et
921 4274 1063 4343 regis
1091 4272 1421 4327 Francorum
1463 4270 1749 4338 captivam,
1794 4279 1984 4338 postea

403 4367 764 4424 Pictaviensis
804 4365 1037 4420 cmnobii
1067 4361 1416 4431 abbatissam,
1457 4376 1612 4415 versu
1639 4361 1980 4415 hexametro:

2036 1757 2084 1815 B

2115 497 2308 554 breves
2329 503 2564 571 scripsit,
2589 521 2720 573 quos
2747 509 2869 570 vidi.
2899 510 3097 568 Claruit
3119 517 3217 572 sub
3237 518 3446 577 luatin
3460 522 3640 594 juniom

2116 594 2274 660 Aug.,
2306 607 2394 645 an.
2424 594 2632 649 Domini
2659 597 2782 652 570.

2217 680 2399 736 Petrus
2424 684 2682 752 Crinitae,
2700 690 2829 744 libro
2851 695 3028 762 quinto
3059 697 3121 752 de
3145 696 3315 754 Poetis
3337 701 3548 760 Latinis.

2188 773 2478 831 Venantius
2513 777 2773 836 llonorius
2807 783 3126 843 Fortunatus
3176 791 3318 846 inter
3346 792 3639 857 Christianos

2115 877 2301 933 poetas
2331 869 2526 923 relatus
2554 879 2678 936 est;
2735 883 2790 926 et
2820 889 2939 928 cum
2968 877 3180 946 ingenio
3209 923 3224 946 ,
3251 892 3408 951 atque
3440 889 3640 945 moribus

2113 961 2269 1025 longe
2299 967 2592 1026 praestaret,
2629 961 3144 1024 Ravennateruditus
3176 972 3425 1046 traditur,
3454 991 3639 1046 magna-

2113 1062 2219 1116 que
2269 1049 2535 1118 diligentia
2593 1053 2647 1107 in
2677 1055 2878 1112 Latinis
2907 1058 3100 1116 litteris
3151 1044 3440 1122 institutus.
3471 1044 3641 1128 Delioc

2113 1139 2402 1195 Fortunato
2469 1143 2767 1199 referuntur
2814 1152 3070 1217 permulta
3123 1156 3262 1222 apud
3289 1172 3382 1211 eos
3433 1172 3643 1220 auctores

2113 1230 2202 1296 qui
2234 1232 2299 1283 de
2318 1231 2482 1322 gestis
2505 1230 2776 1289 Gallorum
2800 1240 3016 1294 annales
3038 1256 3469 1313 composuerunt.
3491 1249 3642 1322 Neque

2113 1320 2305 1375 desunt
2332 1321 2421 1390 qui
2448 1323 2687 1378 scribant
2713 1327 2858 1380 illum
2889 1329 2979 1384 diu
3003 1344 3268 1389 versatum
3315 1338 3368 1390 in
3395 1320 3641 1405 Gallia—et

2113 1413 2183 1466 ob
2237 1416 2504 1484 egregiam
2567 1419 2918 1476 eruditionem
2984 1426 3348 1498 optimumque
3402 1432 3638 1504 ingenium

2112 1506 2415 1577 pontiﬁcem
2451 1509 2784 1568 Pictavorum
2810 1510 3026 1569 factum.
3054 1517 3208 1573 Plura
3255 1536 3317 1574 ac
3340 1522 3477 1577 varia
3506 1539 3640 1593 opera

2112 1598 2293 1665 edidit,
2325 1600 2515 1669 quibus
2563 1603 2756 1672 ingenii
2788 1605 3116 1673 facilitatem,
3158 1611 3474 1682 minimeque
3502 1615 3640 1681 impa-

2116 1707 2230 1747 rem
2290 1694 2987 1770 doctrinam,_demonstrat.
3039 1700 3310 1770 Leguntur
3339 1705 3501 1760 adhuc
3549 1709 3641 1776 ejus

2117 1796 2357 1853 poemata
2392 1793 2448 1841 et
2489 1786 2672 1858 hymni
2698 1791 3021 1859 complures,
3047 1794 3136 1860 qui
3184 1811 3498 1864 magnopere
3524 1814 3641 1858 cotu-

2111 1877 2346 1930 meudati
2401 1887 2526 1932 sunt
2552 1895 2581 1931 a
2615 1881 2812 1935 nostris
2845 1883 3228 1950 grammaticis.
3263 1884 3365 1938 Sed
3408 1897 3460 1939 et
3504 1887 3641 1942 libros

2110 1979 2336 2040 quatuor
2371 1970 2497 2024 fecit
2519 1973 2584 2026 de
2611 1975 2773 2040 gestis
2801 1972 2915 2027 divi
2938 1974 3148 2029 Martini
3177 1977 3412 2030 versibus
3427 1975 3640 2035 hexame-

2111 2061 2228 2125 tris,
2261 2060 2511 2130 prazl‘atus
2541 2064 2627 2116 tali
2657 2068 2819 2131 Opere
2868 2079 2927 2117 se
2963 2064 3155 2118 imitari
3185 2065 3503 2120 Christianos
3529 2083 3638 2136 poe-

2109 2163 2209 2219 tas,
2231 2163 2288 2206 ut
2305 2152 2628 2218 Alchimum,
2651 2153 3018 2219 Prudentium,
3039 2153 3355 2220 Juvencum,
3372 2156 3636 2222 Paulinum,

2107 2253 2161 2298 et
2190 2245 2321 2298 alios
2354 2244 2548 2309 plures.
2596 2244 2743 2299 Idem
2797 2235 3121 2301 Fortunatus
3153 2248 3387 2302 maximo
3438 2249 3631 2316 aﬂ'ectu,

2107 2335 2469 2402 singularique
2505 2333 2874 2389 benevolentia
2907 2347 3216 2404 prosecutus
3254 2339 3636 2410 estGregoriuui

2107 2425 2436 2494 pontiﬁcem,
2490 2426 2874 2495 Euphronium,
2935 2440 3091 2498 atque
3135 2431 3365 2486 Felicem
3392 2443 3489 2497 ,ιιι
3528 2435 3637 2489 alios

2105 2515 2432 2570 omittamus.
2477 2518 2531 2572 ln
2561 2520 2876 2587 pervetustis
2909 2523 3303 2590 exemplaribus
3331 2523 3546 2578 additum
3570 2537 3637 2579 est

2105 2622 2298 2662 nomen
2318 2607 2698 2678 Clementiani,
2727 2610 2867 2679 quod
2896 2611 2964 2665 ab
2990 2612 3074 2665 bis
3104 2612 3318 2680 probari
3346 2613 3538 2682 poterit,
3561 2615 3634 2683 qui

2103 2704 2261 2774 paulo
2298 2705 2600 2760 accuratius
2629 2707 2996 2776 antiquitatem
3028 2708 3344 2777 perscrutari
3384 2710 3632 2764 voluerint.

2100 2817 2454 2887 Hieronymus
2476 2817 2715 2886 Boloyni,
2741 2820 2793 2870 in
2832 2818 3003 2870 electis
3051 2820 3286 2888 elegiacis
3341 2820 3535 2874 exlibro
3568 2835 3628 2874 ιιι

2519 2890 2919 2957 promiscuorum
2938 2928 2951 2950 ,
2976 2905 3117 2942 num.
3139 2889 3230 2941 ‘25.

2174 2975 2484 3043 Fortunate,
2518 2978 2610 3030 tibi
2637 2979 2792 3031 vallis
2826 2979 3114 3046 Duplabilis
3144 2989 3320 3034 ortum

2248 3068 2300 3120 ln
2333 3067 2606 3121 Tarvisiua
2631 3078 2712 3122 est
2739 3084 2857 3136 qua:
2886 3070 3124 3138 regione,
3149 3071 3316 3126 dedit.

2172 3158 2422 3214 Nascenti
2458 3160 2617 3214 Musa:
2645 3163 2900 3229 riserunt,
2932 3163 3292 3232 risitApollo;

2239 3250 2456 3319 ingenio
2485 3251 2740 3306 addentes
2769 3267 2986 3307 munera
3017 3253 3174 3323 digna
3199 3265 3304 3308 tuo.

2166 3341 2275 3395 Nec
2300 3358 2468 3418 mora,
2502 3342 2812 3397 Pindaricos
2831 3345 3040 3412 superis
3065 3342 3376 3401 Celestibus
3403 3349 3598 3418 hymnos

2239 3434 2531 3503 Scripsisti,
2564 3446 2616 3490 et
2646 3436 2814 3490 variis
2833 3437 3054 3506 mystica
3083 3453 3234 3492 sacra
3258 3438 3441 3494 modis.

2164 3529 2369 3594 Scripta
2392 3540 2602 3595 quoque
2631 3531 2715 3580 est
2744 3540 2899 3581 versu
2928 3509 3134 3580 Martini
3169 3527 3283 3582 Vita
3312 3528 3442 3583 beati

2230 3619 2360 3674 Cum
2389 3620 2480 3674 tibi
2512 3620 2757 3674 Turonos
2782 3621 2953 3675 visere
2977 3635 3103 3674 cura
3135 3620 3258 3686 fuit;

2166 3711 2362 3765 Pictavi
2394 3711 2626 3764 didicere
2653 3711 2791 3778 pios,
2823 3721 2874 3764 te
2909 3712 3152 3778 praesule,
3177 3706 3370 3779 mores,

2117 3798 2119 3800 ’
2235 3799 2345 3864 Qua
2377 3799 2588 3851 tandem
2621 3800 2827 3866 positus
2850 3801 2951 3852 rite
2979 3801 3213 3866 quiescis
3242 3803 3418 3855 humo.

2164 3890 2298 3944 Sese
2327 3891 2546 3955 Aponus
2566 3888 2721 3941 stella
2747 3895 2839 3940 aut
2868 3887 3061 3942 Flacco
3085 3903 3150 3943 ne
3172 3889 3335 3957 jactet
3357 3890 3560 3945 alumnis

2236 3982 2372 4036 Urbs
2393 3980 2528 4034 adeo
2558 3979 2694 4032 fastu
2720 3993 2825 4048 quo
2854 3980 3102 4033 Patavina
3131 3970 3319 4036 tumet.

2161 4073 2240 4128 Tu
2271 4087 2443 4142 neque
2469 4072 2768 4141 przedones,
2792 4073 2976 4126 audaci
3003 4075 3173 4128 classe
3202 4074 3447 4144 furentes,

2230 4164 2340 4219 Nec
2369 4164 2587 4218 Veneris
2610 4161 2751 4218 [mdo
2778 4165 2966 4235 probra
2996 4164 3238 4231 pudenda
3261 4168 3419 4222 canis.

2161 4260 2262 4314 Per
2293 4269 2363 4325 te,
2394 4257 2488 4313 sed
2516 4268 2713 4326 quanto
2743 4266 2994 4326 praestant
3023 4256 3204 4312 divina
3228 4258 3480 4327 profanis!

2226 4350 2474 4405 Tarvisio
2502 4350 2671 4418 major
2701 4349 2865 4419 gloria
2899 4359 3046 4418 partu
3079 4358 3171 4404 tuo
3194 4360 3297 4405 eat.

403 4459 687 4514 Excidium
718 4456 886 4526 Heg-ii
913 4453 1333 4525 Thuriugorum,
1364 4455 1399 4507 Ι.
1422 4469 1468 4509 ι;
1493 4451 1730 4507 Conditio
1751 4453 1867 4505 belli
1888 4453 1978 4505 tri-
2011 4458 2066 4519 ι)
2093 4465 2389 4533 υνιεηάίω,
2423 4461 2574 4518 Orbis
2613 4464 2746 4516 sacri
2783 4474 2831 4518 ει
2870 4463 3076 4534 profani
3118 4463 3363 4518 illustrati
3402 4470 3520 4533 part.
3556 4478 3602 4528 ll,

401 4552 518 4606 stis.
561 4551 642 4605 Ad
687 4550 936 4604 Jovinum
964 4538 1031 4602 de
1060 4546 1402 4616 Radegunde,
1427 4546 1463 4600 l.
1490 4559 1538 4597 ιε
1588 4544 1778 4598 Aonios
1806 4545 1978 4608 avido,

399 4643 489 4713 qui
516 4642 672 4696 (amb.
697 4641 780 4697 Ad
811 4639 1075 4693 Justinum
1095 4638 1385 4706 juniorem,
1417 4637 1454 4689 Ι.
1488 4651 1539 4689 t-z
1571 4633 1756 4688 Gloria
1779 4651 1980 4716 summa

400 4733 603 4799 Patris,
649 4732 898 4800 Natique.
933 4729 1012 4782 Ad
1038 4728 1291 4796 Sophiam
1342 4733 1654 4796 Augustam,
1679 4727 1776 4782 lib.
1806 4742 1851 4781 t:
1885 4726 1981 4781 Cui

397 4828 593 4880 meritis
619 4841 846 4893 compar.
907 4822 966 4874 In
1007 4836 1232 4888 persona
1281 4820 1646 4888 Radegundis,
1679 4820 1716 4872 l.
1749 4836 1801 4873 ιε
1852 4818 1980 4872 Post

399 4924 584 4988 patria
603 4923 819 4972 cineres.
847 4917 902 4969 In
928 4915 1138 4970 Iaudem
1171 4914 1379 4969 Martini
1435 4916 1693 4983 episcopi,
1729 4915 1762 4966 Ι.
1798 4930 1845 4969 l:
1878 4915 1980 4968 Lu-

399 5031 518 5066 men
533 5011 895 5079 apostolicum.
917 5006 993 5059 De
1010 5004 1232 5058 Leontio
1255 5003 1543 5057 venerabili
1566 5005 1840 5071 episcOpo,
1866 5004 1900 5054 Ι.
1929 5018 1975 5056 l:

400 5105 547 5158 Inter
583 5116 709 5168 quos
755 5099 947 5169 genuit.
998 5096 1072 5150 De
1100 5097 1286 5150 eodem
1329 5095 1523 5161 laudis,
1553 5093 1589 5147 Ι.
1621 5109 1664 5146 i:
1724 5094 1978 5164 Agnoscat

403 5210 552 5247 omne
574 5192 837 5246 stecnlum.
874 5189 1203 5259 Hymnorum
1237 5185 1572 5254 septuaginta
1597 5192 1826 5252 septem,
1854 5184 1890 5236 l.
1927 5199 1974 5236 ιε

404 5291 660 5355 Agnoscat
689 5301 836 5339 omne
861 5281 1130 5338 naculum.
1161 5281 1234 5332 De
1257 5277 1528 5331 miraculis
1551 5278 1720 5331 sancti
1743 5276 1974 5340 Martini,

400 5380 441 5432 Ι.
472 5395 543 5432 tv.
576 5378 692 5432 Vita
730 5378 898 5430 sancti
932 5376 1115 5429 llilarii
1149 5370 1513 5432 Pietavieusis,
1546 5370 1581 5423 l.
1616 5386 1650 5423 I.
1697 5370 1980 5436 llodoepo-

386 5473 574 5524 .rieum
603 5473 700 5524 vim
726 5485 856 5530 sua},
885 5469 919 5520 Ι.
949 5482 985 5520 ι.
1013 5451 1130 5521 Vita
1152 5465 1318 5519 sancti
1343 5462 1568 5516 Maurilii
1595 5461 1852 5530 epiSCOpi,
1879 5460 1912 5512 l.
1940 5475 1976 5511 t.

407 5562 580 5627 Epist.
611 5562 676 5614 ad
725 5560 990 5618 diversos,
1026 5559 1058 5609 l.
1091 5574 1127 5609 ι.
1181 5555 1488 5609 Carmiuum
1515 5555 1579 5607 ad
1633 5555 1834 5606 amicos
1859 5552 1896 5604 Ι.
1928 5567 1975 5603 t:

404 5651 516 5704 lica:
560 5653 789 5718 regionis
836 5667 996 5718 apex,
1027 5659 1130 5702 etc.
1155 5649 1267 5700 Alia
1297 5662 1506 5714 quoque
1540 5629 1699 5697 multa
1757 5644 1974 5711 compo-

399 5741 543 5807 suit,
575 5756 694 5810 qua:
733 5756 850 5795 cum
902 5741 1078 5797 brevia
1133 5741 1273 5807 sint,
1320 5741 1420 5794 sub
1466 5738 1719 5793 librorum
1765 5737 1978 5793 nomine

1087 5966 1122 5988 \

2759 4538 2859 4590 vol.
2894 4533 2946 4589 I.

2158 4631 2311 4685 Viros
2367 4627 2834 4698 praestantissimos
2881 4626 3197 4698 (Tarvisius)
3249 4627 3437 4697 geoit,
3467 4634 3598 4693 atque

2079 4725 2135 4779 in
2169 4723 2228 4777 iis
2257 4722 2490 4776 maxime
2516 4719 2972 4774 excelluerunt.-...
3029 4717 3321 4771 Venautius
3358 4717 3594 4788 Fortqu-

2084 4823 2187 4877 tus,
2216 4815 2500 4883 episcopus
2539 4811 2907 4879 Pietaviensis,
2944 4809 3262 4864 Christiana:
3287 4822 3489 4877 possess
3522 4820 3598 4860 no-

2078 4901 2187 4957 bile
2216 4903 2398 4967 decus,
2427 4900 2516 4970 qui
2543 4913 2603 4954 se
2631 4897 2876 4954 Tarvisio
2900 4895 3185 4954 oriundum
3210 4895 3352 4950 hisce
3372 4888 3602 4962 carminio

2080 4992 2181 5047 bus
2211 4992 2409 5048 indicat
2439 5011 2469 5044 :.

2207 5083 2307 5143 Qua
2331 5096 2439 5132 mea
2461 5082 2681 5134 Zarvisus
2702 5083 2903 5143 residet,
2926 5085 2966 5131 si
2990 5080 3202 5130 molliter
3227 5081 3396 5138 intras,
3415 5084 3501 5125 etc.

2081 5169 2306 5223 Joannes
2336 5168 2587 5221 Antonius
2620 5164 2794 5230 Oliva,
2839 5165 3138 5238 Torviainus
3166 5162 3407 5238 Bononia
3431 5156 3608 5238 enisis-

2153 5255 2260 5289 rum
2291 5249 2454 5290 τρι-ιον
2480 5279 2493 5301 ,
2537 5241 2586 5288 in
2623 5239 2852 5290 oratione
2878 5237 2942 5287 dc
2964 5235 3213 5306 laudibus
3233 5233 3405 5299 patria
3427 5233 3610 5306 recitata

2152 5326 2234 5359 un.
2265 5309 2416 5370 1557,
2441 5296 2502 5360 ci
2536 5307 2583 5358 Μ
2593 5324 2637 5358 s.
2656 5323 2884 5374 quousus
2912 5315 2985 5357 est
3004 5296 3613 5374 doctigimus‘ctergditis-

2151 5381 2306 5431 simus
2334 5363 2416 5432 v‘r'
2433 5363 2749 5430 Ramboldus
2776 5377 2838 5452 δ
2862 5375 3120 5452 Assartiis,
3145 5370 3421 5452 Tarvisina
3441 5363 3612 5448 “Eccle-

2150 5452 2236 5501 sio:
2265 5454 2558 5515 canonicos,
2589 5466 2620 5501 o
2645 5463 2745 5516 quo
2774 5448 2869 5498 hoc
2921 5445 3263 5497 testimonium
3290 5445 3567 5506 accepimus.

2155 5544 2304 5598 llaud
2334 5554 2412 5598 est
2440 5543 2655 5595 silentio
2684 5536 3033 5592 involvendus
3060 5533 3376 5586 Fortunatus
3405 5528 3604 5584 ’1³11ὶεί-

2083 5651 2202 5700 nus,
2238 5636 2398 5701 ipsius
2427 5634 2617 5687 Felicis
2647 5629 2824 5684 socius
2848 5666 2862 5690 ,
2889 5640 3045 5695 quem
3069 5624 3263 5678 merito
3293 5623 3602 5678 Fortunatam

2080 5740 2381 5787 censemus.
2409 5725 2730 5794 Pythagoras
2751 5721 2918 5787 enim,
2951 5718 3042 5774 ille
3073 5717 3273 5789 primus
3294 5709 3600 5797 philosopth
