3780 6366
102 384 155 439 υ7
965 384 1370 440 TESTIMONIA
1397 382 1483 437 ns
1517 375 1863 438 VENANTIO
1888 385 2319 450 ronrusuo.
2492 346 2495 349 ’
3233 391 3304 449 ss

102 503 419 565 nuncupatur,
448 495 586 549 inter
614 496 837 564 plurima
868 512 986 568 qua-
1016 500 1248 554 humano
1278 498 1460 569 generi
1496 496 1641 552 salu-
1664 492 1721 555 Δ
1744 502 1863 558 dam
1891 505 2195 575 magistrum
2230 550 2246 573 ,
2276 520 2329 564 et
2357 525 2694 583 cor-ypnaum
2721 512 3039 568 musicorum
3062 511 3300 567 modula-

99 588 298 642 berrima
356 587 672 641 documenta
725 590 994 656 praecepit,
1073 590 1366 657 prmsertim
1428 598 1629 653 monet,

100 679 239 732 Deum
268 668 525 745 religione
574 677 855 731 colendum
886 693 1028 744 esse,
1075 678 1311 734 animum
1340 680 1635 749 disciplinis

95 768 413 825 excolendum
435 808 451 833 ,
478 784 597 836 qua!
616 768 729 823 duo
759 770 941 823 sociali
968 771 1107 825 nodo
1137 786 1415 838 connexus,
1451 772 1635 841 procul

97 860 234 915 dubio
260 860 387 913 fient
416 858 761 914 beatitudinis
789 860 1085 917 eﬂ'ectrices
1111 904 1125 927 ,
1176 864 1374 931 quippe
1424 863 1631 930 religio,

95 955 313 1009 vitiorum
331 953 619 1021 expultrix,
641 953 753 1009 Deo
774 969 871 1007 nos
895 956 1171 1022 conciliat,
1194 965 1249 1009 et
1276 954 1488 1009 vinculo
1516 954 1663 1023 pul-‘

96 1045 332 1101 cherrima
357 1047 645 1100 connectit.
668 1044 917 1099 Doctrina
930 1060 1079 1115 vero,
1094 1046 1633 1119 virtutisindagatrix,

95 1138 184 1193 imo
231 1139 340 1207 ipsa
391 1142 557 1195 virtus
609 1145 819 1201 animos
871 1154 1082 1201 nostros
1136 1156 1379 1211 exornat,
1413 1156 1469 1201 et
1518 1146 1635 1211 alit,

95 1238 334 1295 renustal,
368 1230 534 1298 fovet,
569 1248 632 1288 ac
659 1235 989 1292 moderatur.
1028 1236 1122 1291 ilic
1143 1236 1414 1306 utriusque
1453 1236 1633 1291 admi-

93 1320 253 1376 rabﬂis
280 1323 452 1376 cultor
489 1324 560 1379 ita
587 1326 831 1394 religioni
855 1327 1066 1382 deditus
1105 1326 1223 1390 fuit,
1256 1328 1400 1397 quod
1432 1342 1498 1382 eo
1521 1326 1631 1395 epi-

93 1426 233 1481 scopo
261 1412 594 1470 Pictarornm
622 1432 751 1488 gens
771 1418 823 1473 in
847 1418 1169 1489 Gallia,jure
1194 1408 1417 1489 optimo,
1442 1418 1635 1489 gloria-

92 1509 199 1569 tur;
226 1503 293 1558 ita
319 1506 479 1559 etiam
510 1506 744 1562 doctrina
790 1508 1073 1564 decoratur
1099 1550 1114 1578 ,
1146 1509 1286 1577 quod
1319 1510 1458 1564 inter
1502 1508 1629 1586 .elo-

92 1597 445 1661 quentissimos
469 1610 707 1656 oratores
734 1601 1191 1672 suavissimosque
1210 1609 1394 1672 poetas
1416 1615 1521 1656 non
1542 1614 1635 1671 po-

92 1694 302 1743 stremus
327 1690 605 1745 habeatur.

431 1803 588 1857 Card.
617 1802 897 1872 Baronius,
919 1806 989 1858 ad
1008 1823 1097 1859 an.
1121 1805 1246 1860 825.

147 1892 243 1947 Sed
279 1909 438 1965 quam
470 1896 609 1949 male
631 1896 929 1965 gloriantur
954 1896 1022 1952 de
1049 1898 1311 1968 majorum
1339 1911 1634 1956 consuetu-

68 1982 192 2057 dine
217 1981 327 2055 (qui
353 1985 521 2039 sacris
569 1984 889 2057 imaginibus
915 1986 1312 2059 adversantur),
1347 2000 1431 2047 sat
1459 1991 1561 2045 erit
1589 1993 1638 2047 si

88 2073 432 2129 testiﬁcatione
472 2073 795 2130 sanctissimi
825 2078 926 2132 viri
954 2078 1161 2132 Martini
1189 2119 1206 2142 ,
1237 2088 1293 2134 et
1339 2084 1638 2137 assertione

88 2164 308 2221 \‘cnantii
332 2165 631 2241 Fprtunati,
660 2167 758 2223 viri
781 2169 993 2239 quidem
1025 2170 1216 2237 sancti,
1242 2172 1492 2242 doctique
1514 2172 1637 2229 Pic-

85 2260 315 2316 taviensis
334 2259 597 2330 episcopi,
628 2262 718 2330 qui
748 2262 907 2316 ambo
935 2261 1258 2331 Gallicanam
1311 2262 1633 2330 Ecclesiam,

84 2349 419 2419 illustrarunt,
444 2352 722 2420 perspicue
746 2351 1179 2409 demonstremus
1203 2342 1475 2422 receptum
1502 2346 1638 2410 antié

83 2440 244 2505 quitus
272 2439 484 2513 Deoque
509 2452 717 2513 gratum
745 2458 865 2502 esse
885 2444 1083 2500 cultum
1114 2455 1419 2501 sanctarum
1447 2445 1637 2518 imagi-

83 2548 213 2599 num,
235 2542 342 2595 etc,
1273 2542 1281 2549 ”

84 2641 265 2713 Gaspar
284 2642 549 2709 Barthius,
575 2648 629 2701 in
655 2649 958 2704 adversariis
983 2648 1266 2706 Comment.
1284 2690 1301 2717 ,
1322 2652 1359 2705 l.
1383 2667 1435 2719 ν,
1466 2668 1513 2704 c.
1547 2649 1632 2707 12.

144 2732 188 2790 is
210 2743 387 2805 poeta,
419 2734 734 2813 Venantium
765 2738 884 2792 dico
916 2779 931 2806 ,
978 2739 1204 2793 mirifico
1250 2750 1303 2794 et
1342 2739 1640 2795 admirabili

84 2827 283 2897 ingenio
313 2827 437 2893 fuit,
463 2829 793 2897 temporibus
820 2839 874 2884 et
902 2830 1151 2900 gentibus
1179 2831 1501 2901 eloquentiae
1532 2830 1640 2886 ini-

80 2921 338 2987 quissimis
361 2921 556 2986 editus,
588 2930 645 2975 nt
664 2921 778 2977 fere
804 2922 883 2991 fit,
908 2922 1271 2994 magnitudine
1292 2922 1491 2997 ingenii
1521 2938 1634 2979 ser-

82 3028 278 3068 nionem
305 3013 461 3067 etiam
489 3012 639 3082 pejus
667 3014 907 3083 corrupit
934 3031 1092 3086 quam
1116 3032 1252 3071 unus
1275 3025 1330 3072 et
1356 3018 1491 3071 alter
1519 3029 1628 3071 non

78 3104 181 3169 pari
208 3102 692 3159 felicitatenaturae
717 3105 870 3161 editi.
904 3105 1061 3161 Multa
1116 3117 1291 3164 tamen
1326 3109 1480 3165 habet
1541 3124 1641 3164 va-

1663 1836 1713 1897 Β

1741 598 1961 664 ntinum,
1982 600 2212 666 respexit
2234 602 2408 655 omnis
2428 604 2763 669 sequentium
2784 612 3056 673 poetarum
3077 603 3296 657 chorus.

1740 686 1894 742 ϐατά.
1918 687 2280 757 Bellarminus,
2311 692 2361 744 in
2386 692 2473 746 tib.
2498 692 2560 744 de
2590 692 2949 763 Script.ec'cl.,
2969 695 3038 747 ad
3063 710 3149 746 an.
3172 693 3295 748 570.

1812 779 2424 837 VenantiusFortunatus
2436 783 2727 852 .episcopus
2754 783 3098 839 Pictaviensis
3126 783 3302 838 floruit

1740 871 1979 925 doctrina
2007 882 2061 927 et
2090 872 2367 927 sanctitate
2391 881 2625 942 tempore
2656 872 2847 927 Justini
2875 872 3129 941 junioris,
3164 882 3269 927 etc.

1739 981 1991 1052 Antonius
2012 982 2243 1051 θοάων,
2278 983 2411 1039 Hist.
2449 982 2591 1037 Eccl.
2618 993 2658 1043 t.
2686 984 2705 1037 ι
2723 982 2793 1047 γ,
2816 984 2908 1037 lib.
2939 1000 2998 1049 It,
3028 995 3296 1052 postquam

1809 1050 2087 1107 Fortunati
2130 1050 2349 1124 patriam
2388 1056 2583 1121 retulit,
2626 1054 2674 1109 et
2717 1058 2829 1124 ejus
2872 1055 2969 1107 iter
2997 1050 3050 1108 in
3076 1052 3296 1121 Gallias,

1812 1123 1919 1178 hac
1945 1124 2115 1178 subdit
2140 1139 2160 1178 :

1814 1235 1883 1288 Sa
1916 1234 2205 1303 principale
2257 1234 2552 1302 profession
2581 1234 2712 1290 dans
2756 1235 2835 1291 les
2874 1235 3166 1305 premieres
3203 1248 3301 1289 an-

1741 1326 1869 1381 nées
1894 1324 1961 1380 de
1980 1340 2038 1379 sa
2067 1326 2153 1380 vie
2179 1324 2257 1379 fut
2283 1326 2333 1381 la
2356 1326 2537 1395 poesie
2570 1326 2754 1392 latine,
2778 1335 2834 1381 et
2855 1326 2902 1380 si
2932 1340 3001 1380 on
3018 1324 3299 1381 considere

1741 1417 1791 1472 la
1812 1416 2056 1472 barbarie
2105 1417 2171 1470 de
2218 1432 2315 1472 son
2367 1427 2559 1486 temps,
2585 1418 2622 1471 il
2650 1426 2735 1472 est
2769 1416 2931 1488 digne
2971 1418 3038 1471 de
3077 1416 3299 1487 quelche

1740 1508 2003 1580 loiiange;
2033 1507 2070 1561 il
2118 1515 2202 1562 est
2246 1522 2395 1578 vray,
2425 1523 2529 1578 que
2568 1508 2679 1563 l‘on
2721 1523 2910 1563 accuse
2952 1506 3153 1562 d’avoir
3180 1508 3302 1563 ioue

1740 1596 2129 1669 Fredegonde,
2161 1599 2511 1666 Brunebaud,
2564 1614 2595 1654 e
2642 1599 2874 1655 d’atttres
2927 1599 3165 1666 Princes,
3211 1600 3301 1668 qui

1742 1691 1936 1748 etaient
1969 1693 2140 1760 plutot
2166 1692 2351 1762 dignes
2378 1692 2446 1747 de
2476 1706 2739 1756 censure,
2769 1706 2874 1761 que
2896 1690 3122 1762 d’éloge.
3174 1689 3302 1742 Mais

1743 1783 1782 1836 il
1806 1782 1917 1837 faut
1944 1782 2205 1845 l'excuser
2233 1784 2415 1837 vivant
2463 1784 2607 1836 alors
2648 1781 2781 1836 dans
2822 1781 2939 1835 leur
2980 1779 3142 1845 (Jour,
3171 1793 3239 1834 ou
3267 1776 3305 1832 il

1739 1890 1810 1931 ne
1836 1876 2136 1943 subsistoit,
2164 1890 2267 1944 que
2298 1889 2393 1945 par
2419 1888 2478 1927 sa
2513 1874 2711 1943 plume.

1947 1987 2178 2053 Vossius,
2200 1988 2264 2042 de
2293 1985 2432 2041 Hist.
2457 1983 2601 2056 Lat.,
2639 1984 2731 2039 lib.
2760 1999 2834 2048 xt,
2863 1999 2980 2051 cap.
3009 1980 3100 2036 22.

1810 2101 2129 2155 Fortunatus
2176 2107 2353 2167 poeta,
2401 2107 2557 2166 prout
2607 2108 2843 2167 tempora
2872 2094 2961 2150 illa
3000 2102 3170 2161 erant,
3203 2106 3302 2151 no-

1740 2187 1864 2241 bilis
1885 2190 2016 2241 fuit.
2058 2177 2065 2181 ⁴

1740 2302 1969 2356 Andreas
1997 2300 2059 2353 de
2086 2298 2335 2368 Saussay,
2355 2300 2411 2369 in
2444 2297 2665 2369 ﬂartyr.
2713 2296 2876 2362 ϐαιὴ,
2906 2306 3043 2367 part.
3100 2292 3163 2365 tt,
3210 2312 3305 2353 ιω

2318 2368 2441 2424 Kal.
2491 2367 2708 2422 Ianuar.

1813 2464 2011 2520 Beatus
2038 2442 2329 2518 Venantius
2356 2459 2677 2516 Fortunatus
2705 2457 3052 2515 Pictaviensis
3094 2457 3302 2527 episco-

1741 2577 1861 2636 pus,
1894 2562 1979 2617 vir
2007 2550 2061 2616 in
2091 2574 2195 2628 quo
2220 2559 2504 2629 ambigitur
2546 2557 2713 2627 magis
2742 2571 2810 2611 ne
2837 2555 3079 2610 doctrina
3107 2564 3163 2609 et
3188 2554 3305 2625 pul-

1742 2654 1996 2712 chritudo
2018 2652 2217 2723 ingenii
2239 2665 2397 2721 quam
2445 2650 2574 2704 vitae
2628 2650 2882 2703 sanctitas
2926 2646 3304 2717 praecelluerit,

1743 2745 1914 2815 utqui
1939 2744 2293 2799 encomiastes
2330 2750 2637 2796 sanctorum
2688 2755 2787 2793 suo
2817 2754 2931 2794 τι]νο
2979 2740 3302 2808 praecipuus,

1743 2836 2164 2907 eorumdemque
2204 2834 2475 2889 studiosus
2514 2834 2767 2896 imitator,
2810 2847 2873 2886 ac
2902 2820 3307 2902 omnipotentiae

1743 2920 1992 3000 supernae
2042 2928 2337 2998 maiestatis
2384 2940 2562 2996 praeco
2610 2925 2939 2996 perelegans,
2981 2940 3308 2994 operumque

1749 3023 1841 3079 Dei
1892 3022 1943 3077 in
1988 3022 2188 3077 sanctis
2236 3019 2557 3075 mirabilium
2605 3029 2882 3074 enarrator
2927 3019 3305 3088 gravissimus,

1746 3122 1933 3169 exacta
1965 3113 2019 3166 in
2048 3112 2191 3166 omni
2224 3111 2439 3182 pietatis
2479 3108 2656 3164 studio
2702 3119 2756 3165 et
2784 3116 2904 3163 actu
2950 3117 3127 3175 aetate,
3156 3110 3309 3164 senio

78 3196 201 3249 riam
242 3196 525 3252 lectionem
554 3200 850 3268 arguentis,
870 3208 933 3255 et
974 3216 1078 3255 non
1105 3202 1426 3258 mediocrem
1454 3203 1638 3259 erudi-
1668 3184 1719 3250 α
1749 3222 1855 3262 non
1884 3214 2171 3299 tamquam
2186 3197 2386 3258 sanctis
2415 3202 2881 3257 exercitationibus
2911 3203 3124 3269 fractus,
3149 3217 3311 3271 quam

80 3284 287 3367 tionem,
320 3302 485 3357 quare
529 3303 635 3343 non
694 3290 850 3357 plane
879 3292 1035 3346 nobis
1087 3292 1306 3362 insuper
1365 3291 1641 3350 habendus

78 3378 588 3433 videtur.............
625 3380 702 3435 De
722 3382 1023 3437 eruditione
1044 3390 1220 3437 autem
1250 3382 1408 3452 hujus
1437 3399 1641 3453 prtesu-

78 3468 155 3535 lis,
184 3469 325 3539 quod
343 3469 474 3536 dixi,
506 3470 660 3526 facile
679 3481 926 3528 auctores
954 3474 1203 3541 probant,
1230 3490 1362 3544 quos
1391 3474 1641 3530 nomina-

78 3561 159 3614 tim
184 3563 349 3618 citat:
384 3562 667 3629 Homerus,
698 3563 1010 3630 Menander,
1029 3566 1245 3626 Aratus,
1264 3565 1413 3629 Cato,
1440 3566 1635 3635 Pytha-

76 3666 247 3723 goras,
292 3654 641 3719 Chrysippus,
674 3653 841 3716 Plato,
875 3653 1143 3716 Cleantes,
1173 3651 1412 3715 Ovidius,
1462 3653 1633 3721 Virgi-

73 3738 189 3805 lius,
216 3738 493 3803 Horatius,
540 3736 749 3802 Cicero,
788 3739 1071 3807 Pindarus,
1117 3741 1375 3810 Sappho;
1406 3740 1637 3811 denique

74 3826 368 3895 quicunque
394 3825 720 3903 celebriores
750 3828 889 3882 inter
916 3827 1154 3894 Graecos,
1186 3828 1510 3899 Latinosque
1536 3830 1638 3886 Pa-

76 3928 193 3977 tres.
226 3933 455 3987 quorum
474 3927 580 3972 tam
605 3917 881 3988 gentilium
900 3934 1057 3987 quam
1083 3918 1507 3977 Christianorum
1530 3937 1638 3977 non

71 4010 235 4064 solum
292 4010 507 4065 nomina
539 4010 712 4080 ponit,
742 4010 834 4065 sed
858 4010 1116 4081 phrasim
1144 4012 1340 4082 saepius
1366 4013 1635 4081 exprimit,

68 4101 471 4174 doctrinamque
494 4104 731 4159 numeris
752 4103 1044 4158 concludit.
1066 4103 1218 4159 Adde
1234 4119 1339 4158 non
1365 4105 1634 4173 vulgarem

68 4192 303 4251 historiae
345 4205 400 4250 et
427 4194 764 4266 geographia
791 4210 859 4250 eo
893 4203 1132 4264 tempore
1176 4194 1420 4248 nctitiam
1455 4211 1469 4259 ;
1502 4194 1636 4248 adde

68 4286 317 4357 physicos
343 4301 448 4342 non
469 4286 653 4342 infelix
681 4288 941 4353 studium,
976 4296 1035 4341 ut
1054 4301 1119 4340 ex
1143 4286 1423 4339 herbarum
1448 4326 1464 4349 ,
1487 4298 1636 4352 gem-
1686 4282 1687 4291 ‘

64 4394 290 4445 marum,
320 4381 608 4445 arborum,
659 4388 963 4441 aromatum
997 4376 1276 4446 speciebus
1309 4382 1538 4444 constat,
1566 4376 1635 4430 de

64 4473 257 4544 quibus
277 4470 563 4527 commode
593 4478 649 4524 et
674 4470 880 4524 erudite
910 4468 1162 4536 loquitur,
1190 4478 1291 4522 etc.

514 4600 661 4655 Idem
688 4598 776 4653 lib.
811 4612 958 4664 xui,
994 4612 1108 4667 cap.
1150 4596 1205 4653 5.

130 4697 230 4765 Qui
282 4694 598 4750 Venantium
654 4690 1002 4747 Fortunatam
1049 4692 1353 4759 ediderunt,
1407 4692 1633 4749 multum

63 4792 248 4860 gratia:
295 4793 710 4859 promeruerunt
736 4784 801 4839 ab
829 4785 1079 4839 omnibus
1106 4794 1320 4839 aetatum
1369 4783 1635 4839 Christia-

62 4896 251 4937 narum
283 4878 595 4935 lectoribus.
625 4875 835 4932 Infinita
864 4875 1006 4931 enim
1032 4886 1158 4931 sunt
1184 4877 1249 4930 ad
1267 4876 1533 4931 clarorum
1553 4876 1635 4930 vi-

61 4997 268 5045 rorum,
285 4978 518 5041 urbium,
543 4975 878 5046 populorum,
898 4988 1103 5029 morum
1125 4983 1182 5029 et
1226 4972 1466 5027 historia:
1494 4970 1636 5024 illus-

62 5077 377 5133 trationem,
404 5069 677 5124 utilissima
710 5068 763 5122 in
795 5066 885 5120 illo
902 5066 1130 5120 maximi
1155 5064 1352 5137 ingenii
1374 5072 1510 5125 vate,
1536 5077 1637 5119 nec

59 5163 348 5219 infeliciter
376 5161 445 5214 ab
476 5160 661 5214 iisdem
673 5165 914 5226 ex'parte
937 5167 1179 5211 enarrata
1198 5166 1355 5222 atque
1370 5153 1632 5221 exposita.

59 5254 270 5309 Tamen
320 5266 427 5304 non
456 5249 570 5304 sine
598 5260 721 5303 nota
778 5246 1041 5317 properati
1071 5246 1231 5300 nimis
1259 5243 1437 5310 operis
1466 5285 1481 5311 ,
1516 5258 1635 5311 qua:

58 5347 120 5398 ad
146 5346 489 5401 intellectum
521 5342 636 5411 ejus
665 5340 935 5410 pertinent
962 5339 1135 5411 quoad
1175 5350 1385 5406 generat
1418 5324 1631 5389 dicendi

54 5447 106 5487 et
137 5438 343 5508 stylum
377 5433 751 5503 ipsum,etiam
777 5432 888 5485 loca
921 5430 1131 5485 mendis
1156 5430 1425 5495 inqttlnata
1442 5441 1628 5495 parum

53 5524 229 5579 eidem
260 5525 626 5579 contulerunt.
656 5524 829 5593 Atque
880 5521 997 5574 talis
1026 5520 1115 5589 qui
1148 5519 1197 5570 in
1250 5517 1389 5569 hunc
1414 5528 1627 5585 poetam

54 5625 208 5668 notas
238 5615 603 5669 elaboraverit
632 5657 649 5680 ,
700 5629 805 5668 non
852 5612 1023 5666 solum
1080 5608 1255 5680 ipsum
1285 5646 1301 5670 ,
1334 5608 1423 5662 sed
1474 5622 1632 5663 omne

50 5708 223 5777 ipsius
253 5708 536 5773 mulum,
559 5723 678 5761 cum
698 5707 966 5761 universis
982 5698 1325 5770 sequentibus
1346 5701 1627 5770 adjuverit.

53 5803 133 5858 Ad
157 5799 310 5856 hunc
326 5799 471 5853 enim
494 5796 863 5862 Fortunatutn,
884 5792 1091 5849 velutad
1112 5790 1423 5863 Calliopium
1447 5808 1627 5864 quem-

1748 3312 1869 3353 cum
1899 3298 1950 3351 in
1982 3292 2191 3351 assidua
2237 3296 2375 3350 sacri
2424 3295 2663 3350 muneris
2699 3295 3060 3359 exsecutione,
3098 3304 3205 3348 tum
3254 3292 3309 3349 itt

1743 3386 2061 3442 Chr'mianaa
2106 3385 2380 3452 sapientia:
2425 3385 2569 3439 cultu
2624 3395 2679 3439 et
2707 3386 3039 3456 egregiorum
3084 3399 3303 3453 operum

1742 3478 2050 3533 exaratione
2096 3476 2280 3541 subiit,
2325 3475 2429 3529 line
2480 3474 2635 3529 beato
2684 3486 3107 3539 consummatur,
3148 3483 3306 3540 atque

1742 3569 1810 3622 ad
1838 3569 2069 3621 lauream
2112 3567 2386 3621 caelestem
2440 3565 2809 3634 progreditur,
2853 3565 2919 3617 ab
2968 3562 3154 3615 amicis
3202 3561 3309 3617 illis

1739 3668 1937 3711 aterna
1970 3659 2022 3709 in
2055 3656 2393 3709 tabernacula
2425 3652 2772 3722 excipiendus
2800 3664 2937 3722 quos
2973 3651 3075 3707 sibi
3098 3666 3204 3706 non
3234 3650 3303 3707 de

1739 3747 2034 3816 iniquitatis
2075 3760 2399 3811 mammona,
2434 3745 2531 3800 sed
2560 3759 2629 3800 ex
2674 3745 2809 3800 doni
2848 3745 3084 3800 scientia:
3134 3760 3306 3812 penu,

1739 3839 2034 3910 gratiaque
2054 3853 2115 3892 ac
2138 3837 2349 3907 pietatis
2366 3836 2552 3891 fenore
2578 3835 2877 3906 justissima
2912 3837 3305 3905 comparavit...

1743 3945 1851 4000 quo
1881 3929 2034 3983 titulo
2061 3928 2244 3993 sancti,
2276 3937 2333 3982 et
2362 3929 2406 3982 si
2440 3927 2660 3982 minime
2689 3937 3000 3983 recensetur
3028 3928 3081 3981 in
3115 3928 3310 3997 Hagio-

1743 4019 1885 4089 logia
1914 4020 2168 4072 Romana:
2198 4017 2472 4086 Ecclesiae,
2503 4019 2696 4071 merito
2725 4026 2899 4073 tamen
2944 4019 3138 4071 dudum
3166 4019 3305 4071 inter

1742 4118 1955 4164 sanctos
1980 4120 2424 4169 connumeratum
2450 4108 2785 4161 solertissimi
2811 4117 3113 4162 sanctorum
3156 4108 3302 4161 inda-

1738 4209 1950 4271 gatores
1975 4209 2255 4255 testantur.
2281 4202 2347 4255 Et
2367 4216 2552 4255 revera
2585 4199 2785 4267 pridem
2813 4198 2865 4253 in
2897 4198 3172 4269 Aquitania
3201 4200 3298 4253 ho-

1739 4290 1959 4347 nuribus
1981 4292 2179 4347 sanctis
2209 4293 2299 4363 qui
2330 4291 2498 4347 beatis
2519 4291 2831 4346 deferuntur
2852 4290 3147 4345 celebratus
3171 4299 3270 4343 est.

2228 4409 2475 4473 Caintius,
2496 4408 2565 4460 ad
2588 4424 2674 4461 an.
2698 4405 2818 4459 599.

1666 4532 1723 4594 D
1816 4505 2137 4561 Fortunatus
2161 4514 2220 4560 ut
2248 4502 2567 4568 eruditione,
2610 4503 2677 4554 ita
2708 4502 2899 4569 pietate
2928 4501 3177 4564 emicuit,
3225 4499 3304 4552 in-

1743 4607 2069 4668 vocaturque
2099 4600 2150 4651 in
2180 4594 2376 4650 litantis
2408 4594 2715 4648 monasterii
2745 4592 2910 4647 sancti
2932 4590 3178 4659 Cypriani
3204 4605 3299 4643 ex-

1727 4704 1823 4750 ‘tra
1847 4708 2029 4750 muros
2053 4690 2431 4751 Pictavienses,
2468 4697 2525 4739 ut
2551 4701 2621 4739 ex
2648 4686 2815 4740 sacris
2846 4682 3094 4737 Ecclesia:
3124 4679 3298 4734 Picta-

1739 4786 1939 4841 viensis
1992 4781 2350 4836 monumentis
2407 4779 2571 4833 refert
2611 4779 2852 4849 Andreas
2907 4773 3182 4831 Suassaius
3233 4774 3296 4827 ad

1740 4878 1938 4934 calcem
1963 4874 2178 4942 Martyr.
2207 4869 2340 4924 Gali.

1740 5011 2015 5082 Dupim‘us,
2052 5025 2105 5082 gi
2138 5022 2265 5059 nova
2296 5000 2616 5064 Bibliotheca
2648 5012 2913 5057 auctorum
2940 5000 3087 5068 ecct.,
3138 5010 3178 5053 t.
3228 4998 3295 5056 V.

2044 5076 2081 5085 ρ.

1809 5147 2068 5202 Furtunat
2090 5161 2119 5199 a
2151 5145 2306 5214 posse
2341 5160 2406 5198 cn
2447 5159 2543 5197 son
2565 5154 2736 5211 temps
2779 5155 2911 5210 pour
2934 5154 3001 5192 un
3041 5138 3299 5193 excellent

1736 5241 1966 5296 Orateur
1992 5247 2046 5292 ct
2073 5253 2206 5305 pour
2232 5252 2301 5291 ttn
2335 5237 2439 5290 bon
2473 5239 2631 5291 Poete
2659 5254 2672 5288 :
2701 5245 2754 5289 et
2783 5250 2843 5287 ce
2881 5233 3015 5285 n'est
3046 5248 3140 5301 pas
3164 5249 3289 5289 sans

1741 5333 1917 5388 raison
1950 5347 1963 5382 :
1995 5344 2089 5383 car
2123 5344 2225 5383 nun
2257 5330 2562 5405 seulement
2593 5328 2624 5381 il
2664 5339 2911 5393 surpassc
2945 5335 3060 5378 tous
3099 5327 3175 5380 lcs
3201 5340 3298 5380 au-

1734 5433 1844 5478 tres
1874 5420 2061 5475 Poetes
2086 5420 2154 5475 de
2186 5435 2282 5474 son
2313 5422 2477 5475 siccle
2500 5464 2513 5488 ,
2548 5419 2680 5472 mais
2709 5416 2744 5469 il
2775 5415 3043 5484 approche
3066 5417 3130 5471 de
3158 5433 3289 5472 ceux

1733 5516 1855 5570 d‘un
1888 5512 2130 5566 meilleur
2161 5529 2265 5567 non
2299 5528 2390 5581 pas
2431 5530 2459 5564 a
2508 5512 2553 5565 la
2589 5509 2754 5565 verité
2780 5526 2872 5579 par
2904 5512 2951 5564 la
2990 5520 3171 5579 purcte
3199 5511 3291 5564 des

1733 5602 2087 5673 expressions,
2117 5604 2170 5655 ni
2200 5619 2292 5670 par
2318 5604 2363 5657 la
2395 5603 2584 5657 bcaute
2613 5602 2717 5667 des,
2754 5617 2892 5667 vers,
2937 5601 3067 5654 mais
3111 5614 3202 5667 par
3243 5602 3291 5655 le

1742 5708 1860 5752 tour
1914 5697 2181 5764 poetique,
2227 5705 2282 5750 et
2330 5698 2375 5748 la
2425 5695 2621 5753 facilite
2666 5696 3032 5752 tnerveilleuse
3062 5709 3190 5751 avec
3240 5696 3288 5751 la

1731 5788 1905 5860 quelle
1932 5785 1966 5840 il
1996 5786 2160 5842 escrit
2188 5803 2253 5842 en
2288 5803 2425 5843 vers.
