  <div class='ocr_page' id='page_1' title='image "/cluster/home/n/w/nwhite01/storage/ocr_20150623/87-88/uva.x000827073/797.png"; bbox 0 0 3820 6236; ppageno 0'>
   <div class='ocr_carea' id='block_1_1' title="bbox 405 307 1975 398">
    <p class='ocr_par' dir='ltr' id='par_1_1' title="bbox 405 316 1975 398">
     <span class='ocr_line' id='line_1_1' title="bbox 405 316 1975 398; baseline -0.004 -20"><span class='ocrx_word' id='word_1_1' title='bbox 405 323 476 380; x_wconf 79' lang='grc'><strong>65</strong></span> <span class='ocrx_word' id='word_1_2' title='bbox 866 395 868 398; x_wconf 11' lang='grc' dir='ltr'>ν</span> <span class='ocrx_word' id='word_1_3' title='bbox 1120 316 1429 372; x_wconf 72' lang='lat' dir='ltr'><strong>VENAN-TII</strong></span> <span class='ocrx_word' id='word_1_4' title='bbox 1491 317 1646 372; x_wconf 80' lang='lat' dir='ltr'><strong>HON.</strong></span> <span class='ocrx_word' id='word_1_5' title='bbox 1691 317 1897 372; x_wconf 73' lang='lat' dir='ltr'><strong>CLEM.</strong></span> <span class='ocrx_word' id='word_1_6' title='bbox 1941 317 1975 371; x_wconf 83' lang='lat' dir='ltr'><strong>F</strong></span> 
     </span>
    </p>
   </div>
   <div class='ocr_carea' id='block_1_2' title="bbox 2091 307 3630 398">
    <p class='ocr_par' dir='ltr' id='par_1_2' title="bbox 2091 307 3630 378">
     <span class='ocr_line' id='line_1_2' title="bbox 2091 307 3630 378; baseline 0.006 -7"><span class='ocrx_word' id='word_1_7' title='bbox 2091 315 2332 371; x_wconf 80' lang='lat' dir='ltr'><strong>I‘UNATI</strong></span> <span class='ocrx_word' id='word_1_8' title='bbox 2381 307 2666 375; x_wconf 77' lang='lat' dir='ltr'><strong>OPERUM</strong></span> <span class='ocrx_word' id='word_1_9' title='bbox 2698 319 2874 378; x_wconf 80' lang='lat' dir='ltr'><strong>PARS</strong></span> <span class='ocrx_word' id='word_1_10' title='bbox 2912 320 2954 376; x_wconf 92' lang='grc' dir='ltr'><strong>Ι.</strong></span> <span class='ocrx_word' id='word_1_11' title='bbox 3577 314 3630 370; x_wconf 57' lang='grc' dir='ltr'><strong>(οὗ</strong></span> 
     </span>
    </p>
   </div>
   <div class='ocr_carea' id='block_1_3' title="bbox 407 431 3630 506">
    <p class='ocr_par' dir='ltr' id='par_1_3' title="bbox 407 431 3630 506">
     <span class='ocr_line' id='line_1_3' title="bbox 407 431 3630 506; baseline -0.001 -15"><span class='ocrx_word' id='word_1_12' title='bbox 407 439 512 502; x_wconf 89' lang='lat' dir='ltr'><strong>nis,</strong></span> <span class='ocrx_word' id='word_1_13' title='bbox 544 450 728 506; x_wconf 82' lang='lat' dir='ltr'><strong>poema</strong></span> <span class='ocrx_word' id='word_1_14' title='bbox 760 449 861 487; x_wconf 92' lang='lat' dir='ltr'><strong>non</strong></span> <span class='ocrx_word' id='word_1_15' title='bbox 893 447 1159 497; x_wconf 87' lang='lat' dir='ltr'><strong>canerem,</strong></span> <span class='ocrx_word' id='word_1_16' title='bbox 1215 433 1307 487; x_wconf 88' lang='lat' dir='ltr'><strong>scd</strong></span> <span class='ocrx_word' id='word_1_17' title='bbox 1355 434 1643 502; x_wconf 80' lang='lat' dir='ltr'><strong>garrirem,</strong></span> <span class='ocrx_word' id='word_1_18' title='bbox 1694 449 1800 502; x_wconf 91' lang='lat' dir='ltr'><strong>quo</strong></span> <span class='ocrx_word' id='word_1_19' title='bbox 1849 432 1981 486; x_wconf 82' lang='lat' dir='ltr'><strong>resi-</strong></span> <span class='ocrx_word' id='word_1_20' title='bbox 2008 431 2066 492; x_wconf 60' lang='lat' dir='ltr'><strong>A’.</strong></span> <span class='ocrx_word' id='word_1_21' title='bbox 2085 434 2222 503; x_wconf 91' lang='lat' dir='ltr'><strong>gusti</strong></span> <span class='ocrx_word' id='word_1_22' title='bbox 2269 448 2457 488; x_wconf 81' lang='lat' dir='ltr'><strong>sensus</strong></span> <span class='ocrx_word' id='word_1_23' title='bbox 2487 436 2757 505; x_wconf 84' lang='lat' dir='ltr'><strong>ingenium</strong></span> <span class='ocrx_word' id='word_1_24' title='bbox 2804 451 2865 490; x_wconf 88' lang='lat' dir='ltr'><strong>se</strong></span> <span class='ocrx_word' id='word_1_25' title='bbox 2911 444 3185 490; x_wconf 87' lang='lat' dir='ltr'><strong>mensuret</strong></span> <span class='ocrx_word' id='word_1_26' title='bbox 3234 447 3480 500; x_wconf 83' lang='lat' dir='ltr'><strong>censore,</strong></span> <span class='ocrx_word' id='word_1_27' title='bbox 3509 433 3630 502; x_wconf 86' lang='lat' dir='ltr'><strong>quod</strong></span> 
     </span>
    </p>
   </div>
   <div class='ocr_carea' id='block_1_4' title="bbox 406 524 1981 591">
    <p class='ocr_par' dir='ltr' id='par_1_4' title="bbox 406 524 1981 591">
     <span class='ocr_line' id='line_1_4' title="bbox 406 524 1981 591; baseline -0.007 -5"><span class='ocrx_word' id='word_1_28' title='bbox 406 531 596 586; x_wconf 87' lang='lat' dir='ltr'><strong>dentes</strong></span> <span class='ocrx_word' id='word_1_29' title='bbox 624 527 911 590; x_wconf 84' lang='lat' dir='ltr'><strong>auditores,</strong></span> <span class='ocrx_word' id='word_1_30' title='bbox 947 525 1083 578; x_wconf 90' lang='lat' dir='ltr'><strong>inter</strong></span> <span class='ocrx_word' id='word_1_31' title='bbox 1112 540 1334 578; x_wconf 86' lang='lat' dir='ltr'><strong>acernea</strong></span> <span class='ocrx_word' id='word_1_32' title='bbox 1367 527 1557 591; x_wconf 88' lang='lat' dir='ltr'><strong>poeula</strong></span> <span class='ocrx_word' id='word_1_33' title='bbox 1590 525 1759 578; x_wconf 89' lang='lat' dir='ltr'><strong>salute</strong></span> <span class='ocrx_word' id='word_1_34' title='bbox 1794 524 1981 576; x_wconf 87' lang='lat' dir='ltr'><strong>biben-</strong></span> 
     </span>
    </p>
   </div>
   <div class='ocr_carea' id='block_1_5' title="bbox 404 613 1980 684">
    <p class='ocr_par' dir='ltr' id='par_1_5' title="bbox 404 613 1980 684">
     <span class='ocr_line' id='line_1_5' title="bbox 404 613 1980 684; baseline -0.007 -8"><span class='ocrx_word' id='word_1_35' title='bbox 404 631 491 676; x_wconf 91' lang='lat' dir='ltr'><strong>tes</strong></span> <span class='ocrx_word' id='word_1_36' title='bbox 525 622 733 681; x_wconf 90' lang='lat' dir='ltr'><strong>insana,</strong></span> <span class='ocrx_word' id='word_1_37' title='bbox 785 616 986 670; x_wconf 75' lang='lat' dir='ltr'><strong>[laccho</strong></span> <span class='ocrx_word' id='word_1_38' title='bbox 1029 614 1244 684; x_wconf 85' lang='lat' dir='ltr'><strong>judice,</strong></span> <span class='ocrx_word' id='word_1_39' title='bbox 1287 615 1700 670; x_wconf 68' lang='lat' dir='ltr'><strong>debacchnrent.</strong></span> <span class='ocrx_word' id='word_1_40' title='bbox 1729 614 1865 681; x_wconf 80' lang='lat' dir='ltr'><strong>Quid</strong></span> <span class='ocrx_word' id='word_1_41' title='bbox 1910 613 1980 666; x_wconf 92' lang='lat' dir='ltr'><strong>ibi</strong></span> 
     </span>
    </p>
   </div>
   <div class='ocr_carea' id='block_1_6' title="bbox 407 705 1976 774">
    <p class='ocr_par' dir='ltr' id='par_1_6' title="bbox 407 705 1976 774">
     <span class='ocr_line' id='line_1_6' title="bbox 407 705 1976 774; baseline -0.005 -10"><span class='ocrx_word' id='word_1_42' title='bbox 407 709 607 764; x_wconf 79' lang='lat' dir='ltr'><strong>all&#39;abre</strong></span> <span class='ocrx_word' id='word_1_43' title='bbox 636 706 891 760; x_wconf 72' lang='lat' dir='ltr'><strong>1’diCtum</strong></span> <span class='ocrx_word' id='word_1_44' title='bbox 942 707 1043 768; x_wconf 90' lang='lat' dir='ltr'><strong>sit,</strong></span> <span class='ocrx_word' id='word_1_45' title='bbox 1093 707 1182 759; x_wconf 92' lang='lat' dir='ltr'><strong>ubi</strong></span> <span class='ocrx_word' id='word_1_46' title='bbox 1231 707 1348 774; x_wconf 89' lang='lat' dir='ltr'>quis</span> <span class='ocrx_word' id='word_1_47' title='bbox 1391 722 1558 769; x_wconf 74' lang='lat' dir='ltr'><strong>sanus</strong></span> <span class='ocrx_word' id='word_1_48' title='bbox 1590 707 1680 759; x_wconf 78' lang='lat' dir='ltr'><strong>vix</strong></span> <span class='ocrx_word' id='word_1_49' title='bbox 1725 705 1976 767; x_wconf 75' lang='lat' dir='ltr'><strong>creditur,</strong></span> 
     </span>
    </p>
   </div>
   <div class='ocr_carea' id='block_1_7' title="bbox 410 798 1980 869">
    <p class='ocr_par' dir='ltr' id='par_1_7' title="bbox 410 798 1980 869">
     <span class='ocr_line' id='line_1_7' title="bbox 410 798 1980 869; baseline -0.003 -14"><span class='ocrx_word' id='word_1_50' title='bbox 410 801 518 856; x_wconf 87' lang='lat' dir='ltr'><strong>nisi</strong></span> <span class='ocrx_word' id='word_1_51' title='bbox 571 815 748 853; x_wconf 80' lang='lat' dir='ltr'><strong>secum</strong></span> <span class='ocrx_word' id='word_1_52' title='bbox 782 798 978 864; x_wconf 89' lang='lat' dir='ltr'><strong>pariter</strong></span> <span class='ocrx_word' id='word_1_53' title='bbox 1009 811 1029 837; x_wconf 77' lang='grc' dir='ltr'><strong><em>ε</em></strong></span> <span class='ocrx_word' id='word_1_54' title='bbox 1063 799 1357 852; x_wconf 84' lang='lat' dir='ltr'><strong>insanitur?</strong></span> <span class='ocrx_word' id='word_1_55' title='bbox 1399 815 1502 867; x_wconf 88' lang='lat' dir='ltr'><strong>quo</strong></span> <span class='ocrx_word' id='word_1_56' title='bbox 1533 798 1782 869; x_wconf 83' lang='lat' dir='ltr'><strong>gratulari</strong></span> <span class='ocrx_word' id='word_1_57' title='bbox 1816 801 1980 865; x_wconf 88' lang='lat' dir='ltr'><strong>magis</strong></span> 
     </span>
    </p>
   </div>
   <div class='ocr_carea' id='block_1_8' title="bbox 404 891 1978 960">
    <p class='ocr_par' dir='ltr' id='par_1_8' title="bbox 404 891 1978 960">
     <span class='ocr_line' id='line_1_8' title="bbox 404 891 1978 960; baseline -0.003 -12"><span class='ocrx_word' id='word_1_58' title='bbox 404 903 507 958; x_wconf 87' lang='lat' dir='ltr'><strong>est,</strong></span> <span class='ocrx_word' id='word_1_59' title='bbox 540 894 581 944; x_wconf 90' lang='lat' dir='ltr'><strong>si</strong></span> <span class='ocrx_word' id='word_1_60' title='bbox 611 893 788 946; x_wconf 83' lang='lat' dir='ltr'><strong>vivere</strong></span> <span class='ocrx_word' id='word_1_61' title='bbox 820 891 962 957; x_wconf 83' lang='lat' dir='ltr'><strong>licet,</strong></span> <span class='ocrx_word' id='word_1_62' title='bbox 999 899 1118 959; x_wconf 90' lang='lat' dir='ltr'><strong>post</strong></span> <span class='ocrx_word' id='word_1_63' title='bbox 1163 891 1382 956; x_wconf 89' lang='lat' dir='ltr'><strong>bibere;</strong></span> <span class='ocrx_word' id='word_1_64' title='bbox 1430 892 1498 946; x_wconf 91' lang='lat' dir='ltr'><strong>de</strong></span> <span class='ocrx_word' id='word_1_65' title='bbox 1554 907 1657 960; x_wconf 90' lang='lat' dir='ltr'><strong>quo</strong></span> <span class='ocrx_word' id='word_1_66' title='bbox 1703 892 1978 944; x_wconf 86' lang='lat' dir='ltr'><strong>convivam</strong></span> 
     </span>
    </p>
   </div>
   <div class='ocr_carea' id='block_1_9' title="bbox 404 982 1974 1055">
    <p class='ocr_par' dir='ltr' id='par_1_9' title="bbox 404 982 1974 1055">
     <span class='ocr_line' id='line_1_9' title="bbox 404 982 1974 1055; baseline -0.004 -16"><span class='ocrx_word' id='word_1_67' title='bbox 404 983 731 1055; x_wconf 84' lang='lat' dir='ltr'><strong>thyrsicum,</strong></span> <span class='ocrx_word' id='word_1_68' title='bbox 782 998 884 1037; x_wconf 91' lang='lat' dir='ltr'><strong>non</strong></span> <span class='ocrx_word' id='word_1_69' title='bbox 916 982 1188 1037; x_wconf 80' lang='lat' dir='ltr'><strong>fatidicum</strong></span> <span class='ocrx_word' id='word_1_70' title='bbox 1242 983 1363 1036; x_wconf 88' lang='lat' dir='ltr'><strong>licet</strong></span> <span class='ocrx_word' id='word_1_71' title='bbox 1407 986 1587 1048; x_wconf 80' lang='lat' dir='ltr'><strong>exite,</strong></span> <span class='ocrx_word' id='word_1_72' title='bbox 1620 983 1712 1037; x_wconf 90' lang='lat' dir='ltr'><strong>sed</strong></span> <span class='ocrx_word' id='word_1_73' title='bbox 1745 982 1974 1046; x_wconf 76' lang='lat' dir='ltr'><strong>fatuum,</strong></span> 
     </span>
    </p>
   </div>
   <div class='ocr_carea' id='block_1_10' title="bbox 403 1076 1979 1144">
    <p class='ocr_par' dir='ltr' id='par_1_10' title="bbox 403 1076 1979 1144">
     <span class='ocr_line' id='line_1_10' title="bbox 403 1076 1979 1144; baseline -0.003 -12"><span class='ocrx_word' id='word_1_74' title='bbox 403 1091 524 1132; x_wconf 86' lang='lat' dir='ltr'><strong>cum</strong></span> <span class='ocrx_word' id='word_1_75' title='bbox 552 1086 804 1144; x_wconf 87' lang='lat' dir='ltr'><strong>quantum</strong></span> <span class='ocrx_word' id='word_1_76' title='bbox 835 1076 900 1130; x_wconf 90' lang='lat' dir='ltr'><strong>ad</strong></span> <span class='ocrx_word' id='word_1_77' title='bbox 934 1077 1034 1130; x_wconf 89' lang='lat' dir='ltr'><strong>mei</strong></span> <span class='ocrx_word' id='word_1_78' title='bbox 1067 1091 1257 1131; x_wconf 86' lang='lat' dir='ltr'><strong>sensus</strong></span> <span class='ocrx_word' id='word_1_79' title='bbox 1286 1077 1694 1144; x_wconf 75' lang='lat' dir='ltr'><strong>intelligentiam</strong></span> <span class='ocrx_word' id='word_1_80' title='bbox 1727 1078 1979 1144; x_wconf 85' lang='lat' dir='ltr'><strong>pertinet,</strong></span> 
     </span>
    </p>
   </div>
   <div class='ocr_carea' id='block_1_11' title="bbox 403 1167 1980 1239">
    <p class='ocr_par' dir='ltr' id='par_1_11' title="bbox 403 1167 1980 1239">
     <span class='ocr_line' id='line_1_11' title="bbox 403 1167 1980 1239; baseline -0.001 -17"><span class='ocrx_word' id='word_1_81' title='bbox 403 1168 611 1239; x_wconf 76' lang='lat' dir='ltr'><strong>quirse</strong></span> <span class='ocrx_word' id='word_1_82' title='bbox 638 1170 844 1238; x_wconf 83' lang='lat' dir='ltr'><strong>pigram</strong></span> <span class='ocrx_word' id='word_1_83' title='bbox 870 1183 972 1221; x_wconf 92' lang='lat' dir='ltr'><strong>non</strong></span> <span class='ocrx_word' id='word_1_84' title='bbox 1005 1168 1234 1236; x_wconf 80' lang='lat' dir='ltr'><strong>explicat</strong></span> <span class='ocrx_word' id='word_1_85' title='bbox 1259 1168 1426 1221; x_wconf 79' lang='lat' dir='ltr'><strong>bruta:</strong></span> <span class='ocrx_word' id='word_1_86' title='bbox 1456 1169 1672 1232; x_wconf 61' lang='lat' dir='ltr'><strong>animas,</strong></span> <span class='ocrx_word' id='word_1_87' title='bbox 1704 1170 1815 1234; x_wconf 88' lang='lat' dir='ltr'><strong>ipsa</strong></span> <span class='ocrx_word' id='word_1_88' title='bbox 1840 1167 1980 1235; x_wconf 77' lang='lat' dir='ltr'><strong>jeju-</strong></span> 
     </span>
    </p>
   </div>
   <div class='ocr_carea' id='block_1_12' title="bbox 404 1256 1980 1328">
    <p class='ocr_par' dir='ltr' id='par_1_12' title="bbox 404 1256 1980 1328">
     <span class='ocr_line' id='line_1_12' title="bbox 404 1256 1980 1328; baseline -0.004 -15"><span class='ocrx_word' id='word_1_89' title='bbox 404 1259 492 1314; x_wconf 89' lang='lat' dir='ltr'><strong>nia</strong></span> <span class='ocrx_word' id='word_1_90' title='bbox 518 1268 642 1314; x_wconf 88' lang='lat' dir='ltr'><strong>sunt</strong></span> <span class='ocrx_word' id='word_1_91' title='bbox 669 1259 836 1314; x_wconf 90' lang='lat' dir='ltr'><strong>ebria.</strong></span> <span class='ocrx_word' id='word_1_92' title='bbox 865 1260 996 1314; x_wconf 87' lang='lat' dir='ltr'><strong>Hinc</strong></span> <span class='ocrx_word' id='word_1_93' title='bbox 1018 1267 1098 1313; x_wconf 91' lang='lat' dir='ltr'><strong>est</strong></span> <span class='ocrx_word' id='word_1_94' title='bbox 1126 1260 1266 1328; x_wconf 91' lang='lat' dir='ltr'><strong>quod</strong></span> <span class='ocrx_word' id='word_1_95' title='bbox 1298 1259 1466 1313; x_wconf 84' lang='lat' dir='ltr'><strong>latens</strong></span> <span class='ocrx_word' id='word_1_96' title='bbox 1497 1260 1830 1327; x_wconf 85' lang='lat' dir='ltr'><strong>Opusculum,</strong></span> <span class='ocrx_word' id='word_1_97' title='bbox 1855 1267 1908 1310; x_wconf 91' lang='lat' dir='ltr'><strong>et</strong></span> <span class='ocrx_word' id='word_1_98' title='bbox 1933 1256 1980 1309; x_wconf 89' lang='lat' dir='ltr'><strong>si</strong></span> 
     </span>
    </p>
   </div>
   <div class='ocr_carea' id='block_1_13' title="bbox 403 1348 1978 1418">
    <p class='ocr_par' dir='ltr' id='par_1_13' title="bbox 403 1348 1978 1418">
     <span class='ocr_line' id='line_1_13' title="bbox 403 1348 1978 1418; baseline -0.003 -13"><span class='ocrx_word' id='word_1_99' title='bbox 403 1352 580 1405; x_wconf 88' lang='lat' dir='ltr'><strong>minus</strong></span> <span class='ocrx_word' id='word_1_100' title='bbox 637 1353 842 1405; x_wconf 90' lang='lat' dir='ltr'><strong>videtur</strong></span> <span class='ocrx_word' id='word_1_101' title='bbox 893 1348 920 1387; x_wconf 71' lang='grc' dir='ltr'><strong><em>ἀ</em></strong></span> <span class='ocrx_word' id='word_1_102' title='bbox 979 1351 1236 1404; x_wconf 75' lang='lat' dir='ltr'><strong>famosum</strong></span> <span class='ocrx_word' id='word_1_103' title='bbox 1288 1362 1334 1416; x_wconf 68' lang='grc' dir='ltr'><strong>ι’,</strong></span> <span class='ocrx_word' id='word_1_104' title='bbox 1395 1351 1512 1418; x_wconf 87' lang='lat' dir='ltr'><strong>plus</strong></span> <span class='ocrx_word' id='word_1_105' title='bbox 1577 1359 1658 1403; x_wconf 90' lang='lat' dir='ltr'><strong>est</strong></span> <span class='ocrx_word' id='word_1_106' title='bbox 1715 1351 1978 1414; x_wconf 89' lang='lat' dir='ltr'><strong>liberum,</strong></span> 
     </span>
    </p>
   </div>
   <div class='ocr_carea' id='block_1_14' title="bbox 402 1433 1980 1513">
    <p class='ocr_par' dir='ltr' id='par_1_14' title="bbox 402 1433 1980 1513">
     <span class='ocr_line' id='line_1_14' title="bbox 402 1433 1980 1513; baseline -0.002 -17"><span class='ocrx_word' id='word_1_107' title='bbox 402 1442 525 1513; x_wconf 89' lang='lat' dir='ltr'><strong>quia</strong></span> <span class='ocrx_word' id='word_1_108' title='bbox 577 1442 644 1499; x_wconf 88' lang='lat' dir='ltr'><strong>de</strong></span> <span class='ocrx_word' id='word_1_109' title='bbox 671 1443 1065 1498; x_wconf 82' lang='lat' dir='ltr'><strong>examinatione</strong></span> <span class='ocrx_word' id='word_1_110' title='bbox 1100 1441 1119 1478; x_wconf 74' lang='grc' dir='ltr'>ί</span> <span class='ocrx_word' id='word_1_111' title='bbox 1160 1458 1263 1494; x_wconf 91' lang='lat' dir='ltr'><strong>non</strong></span> <span class='ocrx_word' id='word_1_112' title='bbox 1297 1441 1458 1494; x_wconf 88' lang='lat' dir='ltr'><strong>habet</strong></span> <span class='ocrx_word' id='word_1_113' title='bbox 1487 1433 1626 1508; x_wconf 75' lang='lat' dir='ltr'><strong>quod</strong></span> <span class='ocrx_word' id='word_1_114' title='bbox 1676 1450 1780 1493; x_wconf 88' lang='lat' dir='ltr'><strong>tam</strong></span> <span class='ocrx_word' id='word_1_115' title='bbox 1815 1441 1980 1509; x_wconf 88' lang='lat' dir='ltr'><strong>trepi-</strong></span> 
     </span>
    </p>
   </div>
   <div class='ocr_carea' id='block_1_15' title="bbox 403 1529 1982 1604">
    <p class='ocr_par' dir='ltr' id='par_1_15' title="bbox 403 1529 1982 1604">
     <span class='ocr_line' id='line_1_15' title="bbox 403 1529 1982 1604; baseline -0.003 -16"><span class='ocrx_word' id='word_1_116' title='bbox 403 1533 497 1589; x_wconf 90' lang='lat' dir='ltr'><strong>det</strong></span> <span class='ocrx_word' id='word_1_117' title='bbox 522 1534 780 1602; x_wconf 88' lang='lat' dir='ltr'><strong>privatum</strong></span> <span class='ocrx_word' id='word_1_118' title='bbox 812 1547 969 1604; x_wconf 89' lang='lat' dir='ltr'><strong>quam</strong></span> <span class='ocrx_word' id='word_1_119' title='bbox 1020 1532 1330 1601; x_wconf 84' lang='lat' dir='ltr'><strong>publicum;</strong></span> <span class='ocrx_word' id='word_1_120' title='bbox 1365 1529 1504 1585; x_wconf 89' lang='lat' dir='ltr'><strong>unde</strong></span> <span class='ocrx_word' id='word_1_121' title='bbox 1553 1530 1855 1584; x_wconf 86' lang='lat' dir='ltr'><strong>necessarie</strong></span> <span class='ocrx_word' id='word_1_122' title='bbox 1883 1545 1982 1583; x_wconf 87' lang='lat' dir='ltr'><strong>an-</strong></span> 
     </span>
    </p>
   </div>
   <div class='ocr_carea' id='block_1_16' title="bbox 403 1690 1980 1764">
    <p class='ocr_par' dir='ltr' id='par_1_16' title="bbox 403 1690 1980 1764">
     <span class='ocr_line' id='line_1_16' title="bbox 403 1690 1980 1764; baseline -0.004 -14"><span class='ocrx_word' id='word_1_123' title='bbox 403 1705 489 1750; x_wconf 89' lang='lat' dir='ltr'><strong>est</strong></span> <span class='ocrx_word' id='word_1_124' title='bbox 535 1705 897 1763; x_wconf 86' lang='lat' dir='ltr'><strong>repercutere,</strong></span> <span class='ocrx_word' id='word_1_125' title='bbox 950 1695 1248 1764; x_wconf 86' lang='lat' dir='ltr'><strong>repulsare.</strong></span> <span class='ocrx_word' id='word_1_126' title='bbox 1303 1693 1478 1747; x_wconf 88' lang='lat' dir='ltr'><strong>Utitur</strong></span> <span class='ocrx_word' id='word_1_127' title='bbox 1523 1690 1621 1746; x_wconf 84' lang='lat' dir='ltr'><strong>hac</strong></span> <span class='ocrx_word' id='word_1_128' title='bbox 1664 1705 1794 1745; x_wconf 91' lang='lat' dir='ltr'><strong>voce</strong></span> <span class='ocrx_word' id='word_1_129' title='bbox 1845 1690 1980 1744; x_wconf 88' lang='lat' dir='ltr'><strong>alias</strong></span> 
     </span>
    </p>
   </div>
   <div class='ocr_carea' id='block_1_17' title="bbox 403 1766 743 1822">
    <p class='ocr_par' dir='ltr' id='par_1_17' title="bbox 403 1766 743 1822">
     <span class='ocr_line' id='line_1_17' title="bbox 403 1766 743 1822; baseline -0.012 0"><span class='ocrx_word' id='word_1_130' title='bbox 403 1766 743 1822; x_wconf 76' lang='lat' dir='ltr'><strong>Fortunatus.</strong></span> 
     </span>
    </p>
   </div>
   <div class='ocr_carea' id='block_1_18' title="bbox 477 1835 1971 1904">
    <p class='ocr_par' dir='ltr' id='par_1_18' title="bbox 477 1835 1971 1904">
     <span class='ocr_line' id='line_1_18' title="bbox 477 1835 1971 1904; baseline -0.004 -15"><span class='ocrx_word' id='word_1_131' title='bbox 477 1845 499 1872; x_wconf 76' lang='grc' dir='ltr'><strong>τι</strong></span> <span class='ocrx_word' id='word_1_132' title='bbox 554 1837 750 1889; x_wconf 83' lang='lat' dir='ltr'><strong>Deraso</strong></span> <span class='ocrx_word' id='word_1_133' title='bbox 808 1839 934 1904; x_wconf 82' lang='lat' dir='ltr'><strong>ﬂore</strong></span> <span class='ocrx_word' id='word_1_134' title='bbox 996 1835 1260 1890; x_wconf 90' lang='lat' dir='ltr'><strong>redditum</strong></span> <span class='ocrx_word' id='word_1_135' title='bbox 1311 1841 1395 1885; x_wconf 89' lang='lat' dir='ltr'><strong>est</strong></span> <span class='ocrx_word' id='word_1_136' title='bbox 1462 1849 1527 1886; x_wconf 79' lang='lat' dir='ltr'><strong>ex</strong></span> <span class='ocrx_word' id='word_1_137' title='bbox 1596 1841 1774 1886; x_wconf 73' lang='lat' dir='ltr'><strong>vetere</strong></span> <span class='ocrx_word' id='word_1_138' title='bbox 1839 1846 1971 1884; x_wconf 89' lang='lat' dir='ltr'><strong>mss.</strong></span> 
     </span>
    </p>
   </div>
   <div class='ocr_carea' id='block_1_19' title="bbox 403 1904 1973 1973">
    <p class='ocr_par' dir='ltr' id='par_1_19' title="bbox 403 1904 1973 1973">
     <span class='ocr_line' id='line_1_19' title="bbox 403 1904 1973 1973; baseline -0.003 -15"><span class='ocrx_word' id='word_1_139' title='bbox 403 1905 565 1969; x_wconf 82' lang='lat' dir='ltr'><strong>Galli,</strong></span> <span class='ocrx_word' id='word_1_140' title='bbox 599 1907 661 1958; x_wconf 80' lang='lat' dir='ltr'><strong>de</strong></span> <span class='ocrx_word' id='word_1_141' title='bbox 687 1922 831 1959; x_wconf 79' lang='lat' dir='ltr'><strong>roseo</strong></span> <span class='ocrx_word' id='word_1_142' title='bbox 857 1910 1002 1973; x_wconf 80' lang='lat' dir='ltr'><strong>ﬂore,</strong></span> <span class='ocrx_word' id='word_1_143' title='bbox 1051 1916 1110 1957; x_wconf 92' lang='lat' dir='ltr'><strong>ut</strong></span> <span class='ocrx_word' id='word_1_144' title='bbox 1139 1905 1264 1957; x_wconf 89' lang='lat' dir='ltr'><strong>olim</strong></span> <span class='ocrx_word' id='word_1_145' title='bbox 1309 1904 1604 1968; x_wconf 78' lang='lat' dir='ltr'><strong>legebatur,</strong></span> <span class='ocrx_word' id='word_1_146' title='bbox 1654 1911 1917 1970; x_wconf 77' lang='lat' dir='ltr'><strong>expuncto</strong></span> <span class='ocrx_word' id='word_1_147' title='bbox 1944 1916 1973 1954; x_wconf 88' lang='lat' dir='ltr'><strong>a</strong></span> 
     </span>
    </p>
   </div>
   <div class='ocr_carea' id='block_1_20' title="bbox 405 1973 1665 2029">
    <p class='ocr_par' dir='ltr' id='par_1_20' title="bbox 405 1973 1665 2029">
     <span class='ocr_line' id='line_1_20' title="bbox 405 1973 1665 2029; baseline -0.002 -2"><span class='ocrx_word' id='word_1_148' title='bbox 405 1975 580 2027; x_wconf 87' lang='lat' dir='ltr'><strong>Brow.</strong></span> <span class='ocrx_word' id='word_1_149' title='bbox 620 1976 816 2028; x_wconf 78' lang='lat' dir='ltr'><strong>Favent</strong></span> <span class='ocrx_word' id='word_1_150' title='bbox 848 1975 967 2028; x_wconf 83' lang='lat' dir='ltr'><strong>huic</strong></span> <span class='ocrx_word' id='word_1_151' title='bbox 1008 1977 1224 2029; x_wconf 91' lang='lat' dir='ltr'><strong>lectioni</strong></span> <span class='ocrx_word' id='word_1_152' title='bbox 1255 1985 1309 2028; x_wconf 89' lang='lat' dir='ltr'><strong>et</strong></span> <span class='ocrx_word' id='word_1_153' title='bbox 1338 1975 1508 2027; x_wconf 92' lang='lat' dir='ltr'><strong>Codd.</strong></span> <span class='ocrx_word' id='word_1_154' title='bbox 1544 1973 1665 2026; x_wconf 89' lang='lat' dir='ltr'><strong>Vat.</strong></span> 
     </span>
    </p>
   </div>
   <div class='ocr_carea' id='block_1_21' title="bbox 478 2043 1456 2112">
    <p class='ocr_par' dir='ltr' id='par_1_21' title="bbox 478 2043 1456 2112">
     <span class='ocr_line' id='line_1_21' title="bbox 478 2043 1456 2112; baseline 0 -14"><span class='ocrx_word' id='word_1_155' title='bbox 478 2043 504 2082; x_wconf 69' lang='grc' dir='ltr'>δ</span> <span class='ocrx_word' id='word_1_156' title='bbox 533 2047 676 2098; x_wconf 85' lang='lat' dir='ltr'><strong>Unus</strong></span> <span class='ocrx_word' id='word_1_157' title='bbox 707 2046 832 2099; x_wconf 92' lang='lat' dir='ltr'><strong>Cod.</strong></span> <span class='ocrx_word' id='word_1_158' title='bbox 857 2047 996 2106; x_wconf 84' lang='lat' dir='ltr'><strong>Vat..</strong></span> <span class='ocrx_word' id='word_1_159' title='bbox 1026 2045 1148 2111; x_wconf 83' lang='lat' dir='ltr'><strong>quid</strong></span> <span class='ocrx_word' id='word_1_160' title='bbox 1179 2045 1245 2097; x_wconf 82' lang='lat' dir='ltr'><strong>ibi</strong></span> <span class='ocrx_word' id='word_1_161' title='bbox 1277 2046 1456 2112; x_wconf 74' lang='lat' dir='ltr'><strong>fabre?</strong></span> 
     </span>
    </p>
   </div>
   <div class='ocr_carea' id='block_1_22' title="bbox 478 2115 1590 2180">
    <p class='ocr_par' dir='ltr' id='par_1_22' title="bbox 478 2115 1590 2180">
     <span class='ocr_line' id='line_1_22' title="bbox 478 2115 1590 2180; baseline -0.003 -11"><span class='ocrx_word' id='word_1_162' title='bbox 478 2125 500 2151; x_wconf 75' lang='grc' dir='ltr'>ε</span> <span class='ocrx_word' id='word_1_163' title='bbox 537 2115 639 2170; x_wconf 88' lang='lat' dir='ltr'><strong>Un.</strong></span> <span class='ocrx_word' id='word_1_164' title='bbox 667 2117 798 2168; x_wconf 85' lang='lat' dir='ltr'><strong>Cod.</strong></span> <span class='ocrx_word' id='word_1_165' title='bbox 832 2117 974 2180; x_wconf 89' lang='lat' dir='ltr'><strong>Vat.,</strong></span> <span class='ocrx_word' id='word_1_166' title='bbox 1006 2118 1103 2169; x_wconf 89' lang='lat' dir='ltr'><strong>nisi</strong></span> <span class='ocrx_word' id='word_1_167' title='bbox 1131 2132 1296 2168; x_wconf 83' lang='lat' dir='ltr'><strong>secum</strong></span> <span class='ocrx_word' id='word_1_168' title='bbox 1321 2116 1590 2169; x_wconf 72' lang='lat' dir='ltr'><strong>insanitur.</strong></span> 
     </span>
    </p>
   </div>
   <div class='ocr_carea' id='block_1_23' title="bbox 473 2183 1800 2255">
    <p class='ocr_par' dir='ltr' id='par_1_23' title="bbox 473 2183 1800 2255">
     <span class='ocr_line' id='line_1_23' title="bbox 473 2183 1800 2255; baseline -0.001 -17"><span class='ocrx_word' id='word_1_169' title='bbox 473 2183 498 2222; x_wconf 70' lang='grc' dir='ltr'><em>δ</em></span> <span class='ocrx_word' id='word_1_170' title='bbox 539 2185 594 2238; x_wconf 83' lang='grc' dir='ltr'><strong>1η</strong></span> <span class='ocrx_word' id='word_1_171' title='bbox 625 2187 784 2239; x_wconf 88' lang='lat' dir='ltr'><strong>duob.</strong></span> <span class='ocrx_word' id='word_1_172' title='bbox 817 2187 982 2240; x_wconf 88' lang='lat' dir='ltr'><strong>Codd.</strong></span> <span class='ocrx_word' id='word_1_173' title='bbox 1014 2187 1134 2239; x_wconf 91' lang='lat' dir='ltr'><strong>Vat.</strong></span> <span class='ocrx_word' id='word_1_174' title='bbox 1167 2188 1364 2239; x_wconf 83' lang='lat' dir='ltr'><strong>videtur</strong></span> <span class='ocrx_word' id='word_1_175' title='bbox 1393 2203 1499 2239; x_wconf 83' lang='lat' dir='ltr'><strong>esse</strong></span> <span class='ocrx_word' id='word_1_176' title='bbox 1527 2186 1800 2255; x_wconf 67' lang='lat' dir='ltr'><strong>[nitrosum</strong></span> 
     </span>
    </p>
   </div>
   <div class='ocr_carea' id='block_1_24' title="bbox 476 2256 1585 2325">
    <p class='ocr_par' dir='ltr' id='par_1_24' title="bbox 476 2256 1585 2325">
     <span class='ocr_line' id='line_1_24' title="bbox 476 2256 1585 2325; baseline 0 -16"><span class='ocrx_word' id='word_1_177' title='bbox 476 2267 500 2294; x_wconf 79' lang='grc' dir='ltr'><strong><em>ο</em></strong></span> <span class='ocrx_word' id='word_1_178' title='bbox 536 2257 670 2310; x_wconf 84' lang='lat' dir='ltr'><strong>Edit.</strong></span> <span class='ocrx_word' id='word_1_179' title='bbox 705 2256 896 2322; x_wconf 79' lang='lat' dir='ltr'><strong>Paris.,</strong></span> <span class='ocrx_word' id='word_1_180' title='bbox 931 2260 1125 2310; x_wconf 81' lang='lat' dir='ltr'><strong>videtur</strong></span> <span class='ocrx_word' id='word_1_181' title='bbox 1154 2274 1260 2310; x_wconf 83' lang='lat' dir='ltr'><strong>esse</strong></span> <span class='ocrx_word' id='word_1_182' title='bbox 1289 2262 1585 2325; x_wconf 70' lang='lat' dir='ltr'><strong>formas-um.</strong></span> 
     </span>
    </p>
   </div>
   <div class='ocr_carea' id='block_1_25' title="bbox 472 2325 1981 2451">
    <p class='ocr_par' dir='ltr' id='par_1_25' title="bbox 472 2325 1981 2451">
     <span class='ocr_line' id='line_1_25' title="bbox 472 2325 1981 2451; baseline -0.003 -71"><span class='ocrx_word' id='word_1_183' title='bbox 472 2326 677 2451; x_wconf 32' lang='lat' dir='ltr'><strong>zOUnus</strong></span> <span class='ocrx_word' id='word_1_184' title='bbox 728 2327 864 2381; x_wconf 87' lang='lat' dir='ltr'><strong>Cod.</strong></span> <span class='ocrx_word' id='word_1_185' title='bbox 926 2328 1066 2394; x_wconf 60' lang='grc' dir='ltr'><strong>νειμ,</strong></span> <span class='ocrx_word' id='word_1_186' title='bbox 1118 2329 1236 2394; x_wconf 85' lang='lat' dir='ltr'><strong>quia</strong></span> <span class='ocrx_word' id='word_1_187' title='bbox 1290 2328 1351 2386; x_wconf 73' lang='lat' dir='ltr'><strong>de</strong></span> <span class='ocrx_word' id='word_1_188' title='bbox 1409 2327 1638 2379; x_wconf 76' lang='lat' dir='ltr'><strong>examine</strong></span> <span class='ocrx_word' id='word_1_189' title='bbox 1694 2325 1829 2376; x_wconf 85' lang='lat' dir='ltr'><strong>alius</strong></span> <span class='ocrx_word' id='word_1_190' title='bbox 1877 2339 1981 2377; x_wconf 90' lang='lat' dir='ltr'><strong>non</strong></span> 
     </span>
     <span class='ocr_line' id='line_1_26' title="bbox 503 2409 560 2451; baseline -0.053 0"><span class='ocrx_word' id='word_1_191' title='bbox 503 2409 560 2451; x_wconf 78' lang='grc' dir='ltr'><strong>ιι.</strong></span> 
     </span>
    </p>
   </div>
   <div class='ocr_carea' id='block_1_26' title="bbox 401 2399 560 2454">
    <p class='ocr_par' dir='ltr' id='par_1_26' title="bbox 401 2399 560 2454">
     <span class='ocr_line' id='line_1_27' title="bbox 401 2399 560 2454; baseline -0.038 0"><span class='ocrx_word' id='word_1_192' title='bbox 401 2399 560 2454; x_wconf 81' lang='lat' dir='ltr'><strong>dabit.</strong></span> 
     </span>
    </p>
   </div>
   <div class='ocr_carea' id='block_1_27' title="bbox 474 2465 1835 2534">
    <p class='ocr_par' dir='ltr' id='par_1_27' title="bbox 474 2465 1835 2534">
     <span class='ocr_line' id='line_1_28' title="bbox 474 2465 1835 2534; baseline -0.003 -14"><span class='ocrx_word' id='word_1_193' title='bbox 474 2479 499 2516; x_wconf 76' lang='grc' dir='ltr'><strong><em>ε</em></strong></span> <span class='ocrx_word' id='word_1_194' title='bbox 526 2468 672 2523; x_wconf 85' lang='lat' dir='ltr'><strong>Unus</strong></span> <span class='ocrx_word' id='word_1_195' title='bbox 709 2467 841 2523; x_wconf 84' lang='lat' dir='ltr'><strong>Cod.</strong></span> <span class='ocrx_word' id='word_1_196' title='bbox 880 2468 1020 2534; x_wconf 87' lang='lat' dir='ltr'><strong>Vat.,</strong></span> <span class='ocrx_word' id='word_1_197' title='bbox 1064 2469 1304 2521; x_wconf 81' lang='lat' dir='ltr'><strong>arbitrem</strong></span> <span class='ocrx_word' id='word_1_198' title='bbox 1333 2467 1466 2520; x_wconf 82' lang='lat' dir='ltr'><strong>idem</strong></span> <span class='ocrx_word' id='word_1_199' title='bbox 1497 2465 1835 2534; x_wconf 74' lang='lat' dir='ltr'><strong>conﬁtentem.</strong></span> 
     </span>
    </p>
   </div>
   <div class='ocr_carea' id='block_1_28' title="bbox 2006 1795 2056 1854">
    <p class='ocr_par' dir='ltr' id='par_1_28' title="bbox 2006 1795 2056 1854">
     <span class='ocr_line' id='line_1_29' title="bbox 2006 1795 2056 1854; baseline 0 0"><span class='ocrx_word' id='word_1_200' title='bbox 2006 1795 2056 1854; x_wconf 88' lang='lat' dir='ltr'><strong>B</strong></span> 
     </span>
    </p>
   </div>
   <div class='ocr_carea' id='block_1_29' title="bbox 2084 526 3628 596">
    <p class='ocr_par' dir='ltr' id='par_1_29' title="bbox 2084 526 3628 596">
     <span class='ocr_line' id='line_1_30' title="bbox 2084 526 3628 596; baseline 0.002 -17"><span class='ocrx_word' id='word_1_201' title='bbox 2084 537 2165 579; x_wconf 87' lang='lat' dir='ltr'><strong>cst</strong></span> <span class='ocrx_word' id='word_1_202' title='bbox 2209 526 2524 581; x_wconf 88' lang='lat' dir='ltr'><strong>mittendum</strong></span> <span class='ocrx_word' id='word_1_203' title='bbox 2574 529 2674 581; x_wconf 86' lang='lat' dir='ltr'><strong>sub</strong></span> <span class='ocrx_word' id='word_1_204' title='bbox 2725 528 2924 595; x_wconf 88' lang='lat' dir='ltr'><strong>judice.</strong></span> <span class='ocrx_word' id='word_1_205' title='bbox 2959 528 3066 583; x_wconf 87' lang='lat' dir='ltr'><strong>Sed</strong></span> <span class='ocrx_word' id='word_1_206' title='bbox 3108 528 3357 596; x_wconf 90' lang='lat' dir='ltr'><strong>quoniam</strong></span> <span class='ocrx_word' id='word_1_207' title='bbox 3406 527 3628 582; x_wconf 82' lang='lat' dir='ltr'><strong>humilem</strong></span> 
     </span>
    </p>
   </div>
   <div class='ocr_carea' id='block_1_30' title="bbox 2083 617 3626 686">
    <p class='ocr_par' dir='ltr' id='par_1_30' title="bbox 2083 617 3626 686">
     <span class='ocr_line' id='line_1_31' title="bbox 2083 617 3626 686; baseline 0.001 -15"><span class='ocrx_word' id='word_1_208' title='bbox 2083 617 2367 686; x_wconf 87' lang='lat' dir='ltr'><strong>impulsum</strong></span> <span class='ocrx_word' id='word_1_209' title='bbox 2397 618 2649 673; x_wconf 88' lang='lat' dir='ltr'><strong>alacriter</strong></span> <span class='ocrx_word' id='word_1_210' title='bbox 2677 620 2853 673; x_wconf 86' lang='lat' dir='ltr'><strong>acrius</strong></span> <span class='ocrx_word' id='word_1_211' title='bbox 2885 621 3204 673; x_wconf 87' lang='lat' dir='ltr'><strong>retinentem</strong></span> <span class='ocrx_word' id='word_1_212' title='bbox 3259 617 3361 672; x_wconf 85' lang='lat' dir='ltr'><strong>sub</strong></span> <span class='ocrx_word' id='word_1_213' title='bbox 3407 620 3626 672; x_wconf 82' lang='lat' dir='ltr'><strong>testiﬁca-</strong></span> 
     </span>
    </p>
   </div>
   <div class='ocr_carea' id='block_1_31' title="bbox 2087 708 3628 782">
    <p class='ocr_par' dir='ltr' id='par_1_31' title="bbox 2087 708 3628 782">
     <span class='ocr_line' id='line_1_32' title="bbox 2087 708 3628 782; baseline 0.003 -22"><span class='ocrx_word' id='word_1_214' title='bbox 2087 709 2230 763; x_wconf 90' lang='lat' dir='ltr'><strong>tione</strong></span> <span class='ocrx_word' id='word_1_215' title='bbox 2258 710 2420 763; x_wconf 86' lang='lat' dir='ltr'><strong>divini</strong></span> <span class='ocrx_word' id='word_1_216' title='bbox 2454 711 2712 782; x_wconf 87' lang='lat' dir='ltr'><strong>mysterii,</strong></span> <span class='ocrx_word' id='word_1_217' title='bbox 2743 721 2797 765; x_wconf 89' lang='lat' dir='ltr'><strong>et</strong></span> <span class='ocrx_word' id='word_1_218' title='bbox 2840 711 3127 779; x_wconf 82' lang='lat' dir='ltr'><strong>splendore</strong></span> <span class='ocrx_word' id='word_1_219' title='bbox 3157 710 3414 764; x_wconf 85' lang='lat' dir='ltr'><strong>virtutum</strong></span> <span class='ocrx_word' id='word_1_220' title='bbox 3463 708 3628 764; x_wconf 84' lang='lat' dir='ltr'><strong>beatis-</strong></span> 
     </span>
    </p>
   </div>
   <div class='ocr_carea' id='block_1_32' title="bbox 2083 800 3627 872">
    <p class='ocr_par' dir='ltr' id='par_1_32' title="bbox 2083 800 3627 872">
     <span class='ocr_line' id='line_1_33' title="bbox 2083 800 3627 872; baseline 0 -18"><span class='ocrx_word' id='word_1_221' title='bbox 2083 801 2202 854; x_wconf 88' lang='lat' dir='ltr'><strong>simi</strong></span> <span class='ocrx_word' id='word_1_222' title='bbox 2253 801 2461 854; x_wconf 89' lang='lat' dir='ltr'><strong>Martini</strong></span> <span class='ocrx_word' id='word_1_223' title='bbox 2508 801 2792 872; x_wconf 87' lang='lat' dir='ltr'><strong>conjurans</strong></span> <span class='ocrx_word' id='word_1_224' title='bbox 2841 802 3072 855; x_wconf 85' lang='lat' dir='ltr'><strong>hortaris</strong></span> <span class='ocrx_word' id='word_1_225' title='bbox 3122 800 3310 855; x_wconf 89' lang='lat' dir='ltr'><strong>sedulo</strong></span> <span class='ocrx_word' id='word_1_226' title='bbox 3359 808 3418 851; x_wconf 92' lang='lat' dir='ltr'><strong>ut</strong></span> <span class='ocrx_word' id='word_1_227' title='bbox 3467 809 3627 854; x_wconf 82' lang='lat' dir='ltr'><strong>contra</strong></span> 
     </span>
    </p>
   </div>
   <div class='ocr_carea' id='block_1_33' title="bbox 2083 891 3628 960">
    <p class='ocr_par' dir='ltr' id='par_1_33' title="bbox 2083 891 3628 960">
     <span class='ocr_line' id='line_1_34' title="bbox 2083 891 3628 960; baseline 0.001 -16"><span class='ocrx_word' id='word_1_228' title='bbox 2083 891 2337 959; x_wconf 87' lang='lat' dir='ltr'><strong>pudorem</strong></span> <span class='ocrx_word' id='word_1_229' title='bbox 2389 907 2569 946; x_wconf 86' lang='lat' dir='ltr'><strong>meum</strong></span> <span class='ocrx_word' id='word_1_230' title='bbox 2623 892 2857 946; x_wconf 82' lang='lat' dir='ltr'><strong>deducar</strong></span> <span class='ocrx_word' id='word_1_231' title='bbox 2904 892 2957 946; x_wconf 88' lang='lat' dir='ltr'><strong>in</strong></span> <span class='ocrx_word' id='word_1_232' title='bbox 3002 892 3298 960; x_wconf 88' lang='lat' dir='ltr'><strong>publicum,</strong></span> <span class='ocrx_word' id='word_1_233' title='bbox 3329 905 3414 944; x_wconf 91' lang='lat' dir='ltr'><strong>me</strong></span> <span class='ocrx_word' id='word_1_234' title='bbox 3443 891 3492 944; x_wconf 92' lang='lat' dir='ltr'><strong>in</strong></span> <span class='ocrx_word' id='word_1_235' title='bbox 3519 891 3628 945; x_wconf 86' lang='lat' dir='ltr'><strong>meis</strong></span> 
     </span>
    </p>
   </div>
   <div class='ocr_carea' id='block_1_34' title="bbox 2080 981 3628 1051">
    <p class='ocr_par' dir='ltr' id='par_1_34' title="bbox 2080 981 3628 1051">
     <span class='ocr_line' id='line_1_35' title="bbox 2080 981 3628 1051; baseline -0.002 -14"><span class='ocrx_word' id='word_1_236' title='bbox 2080 983 2283 1038; x_wconf 81' lang='lat' dir='ltr'><strong>frivolis</strong></span> <span class='ocrx_word' id='word_1_237' title='bbox 2314 984 2518 1038; x_wconf 91' lang='lat' dir='ltr'><strong>arbitro</strong></span> <span class='ocrx_word' id='word_1_238' title='bbox 2547 994 2596 1048; x_wconf 74' lang='grc' dir='ltr'><strong>κ,</strong></span> <span class='ocrx_word' id='word_1_239' title='bbox 2632 983 2868 1039; x_wconf 82' lang='lat' dir='ltr'><strong>scabrosi</strong></span> <span class='ocrx_word' id='word_1_240' title='bbox 2909 983 3088 1051; x_wconf 89' lang='lat' dir='ltr'><strong>operis</strong></span> <span class='ocrx_word' id='word_1_241' title='bbox 3135 981 3490 1050; x_wconf 76' lang='lat' dir='ltr'><strong>ignorantiam</strong></span> <span class='ocrx_word' id='word_1_242' title='bbox 3525 995 3628 1034; x_wconf 88' lang='lat' dir='ltr'><strong>con-</strong></span> 
     </span>
    </p>
   </div>
   <div class='ocr_carea' id='block_1_35' title="bbox 2082 1073 3624 1146">
    <p class='ocr_par' dir='ltr' id='par_1_35' title="bbox 2082 1073 3624 1146">
     <span class='ocr_line' id='line_1_36' title="bbox 2082 1073 3624 1146; baseline -0.002 -16"><span class='ocrx_word' id='word_1_243' title='bbox 2082 1078 2266 1132; x_wconf 74' lang='lat' dir='ltr'><strong>fitente</strong></span> <span class='ocrx_word' id='word_1_244' title='bbox 2295 1073 2344 1141; x_wconf 79' lang='grc' dir='ltr'><strong>ιι,</strong></span> <span class='ocrx_word' id='word_1_245' title='bbox 2375 1077 2517 1146; x_wconf 90' lang='lat' dir='ltr'><strong>quod</strong></span> <span class='ocrx_word' id='word_1_246' title='bbox 2562 1076 2683 1130; x_wconf 88' lang='lat' dir='ltr'><strong>aliis</strong></span> <span class='ocrx_word' id='word_1_247' title='bbox 2723 1076 3064 1143; x_wconf 90' lang='lat' dir='ltr'><strong>poscentibus</strong></span> <span class='ocrx_word' id='word_1_248' title='bbox 3105 1077 3405 1143; x_wconf 81' lang='lat' dir='ltr'><strong>patefacere</strong></span> <span class='ocrx_word' id='word_1_249' title='bbox 3449 1074 3624 1139; x_wconf 80' lang='lat' dir='ltr'><strong>distuli,</strong></span> 
     </span>
    </p>
   </div>
   <div class='ocr_carea' id='block_1_36' title="bbox 2081 1165 3627 1232">
    <p class='ocr_par' dir='ltr' id='par_1_36' title="bbox 2081 1165 3627 1232">
     <span class='ocr_line' id='line_1_37' title="bbox 2081 1165 3627 1232; baseline -0.003 -10"><span class='ocrx_word' id='word_1_250' title='bbox 2081 1167 2379 1222; x_wconf 89' lang='lat' dir='ltr'><strong>obediendo</strong></span> <span class='ocrx_word' id='word_1_251' title='bbox 2419 1166 2552 1220; x_wconf 92' lang='lat' dir='ltr'><strong>cedo</strong></span> <span class='ocrx_word' id='word_1_252' title='bbox 2580 1167 2802 1231; x_wconf 90' lang='lat' dir='ltr'><strong>virtuti,</strong></span> <span class='ocrx_word' id='word_1_253' title='bbox 2838 1167 2974 1221; x_wconf 83' lang='lat' dir='ltr'><strong>hanc</strong></span> <span class='ocrx_word' id='word_1_254' title='bbox 3013 1167 3205 1222; x_wconf 86' lang='lat' dir='ltr'><strong>saltem</strong></span> <span class='ocrx_word' id='word_1_255' title='bbox 3255 1165 3627 1232; x_wconf 86' lang='lat' dir='ltr'><strong>obteniperandi</strong></span> 
     </span>
    </p>
   </div>
   <div class='ocr_carea' id='block_1_37' title="bbox 2082 1253 3627 1325">
    <p class='ocr_par' dir='ltr' id='par_1_37' title="bbox 2082 1253 3627 1325">
     <span class='ocr_line' id='line_1_38' title="bbox 2082 1253 3627 1325; baseline -0.002 -13"><span class='ocrx_word' id='word_1_256' title='bbox 2082 1257 2502 1312; x_wconf 87' lang='lat' dir='ltr'><strong>vicissitudinem</strong></span> <span class='ocrx_word' id='word_1_257' title='bbox 2557 1255 2572 1293; x_wconf 78' lang='grc' dir='ltr'>ί</span> <span class='ocrx_word' id='word_1_258' title='bbox 2632 1271 2985 1325; x_wconf 82' lang='lat' dir='ltr'><strong>repensuros,</strong></span> <span class='ocrx_word' id='word_1_259' title='bbox 3039 1266 3097 1310; x_wconf 90' lang='lat' dir='ltr'><strong>ut</strong></span> <span class='ocrx_word' id='word_1_260' title='bbox 3135 1256 3256 1325; x_wconf 84' lang='lat' dir='ltr'><strong>quia</strong></span> <span class='ocrx_word' id='word_1_261' title='bbox 3309 1255 3428 1308; x_wconf 61' lang='lat' dir='ltr'><strong>bac</strong></span> <span class='ocrx_word' id='word_1_262' title='bbox 3477 1253 3627 1309; x_wconf 78' lang='lat' dir='ltr'><strong>favore</strong></span> 
     </span>
    </p>
   </div>
   <div class='ocr_carea' id='block_1_38' title="bbox 2083 1343 3626 1420">
    <p class='ocr_par' dir='ltr' id='par_1_38' title="bbox 2083 1343 3626 1420">
     <span class='ocr_line' id='line_1_39' title="bbox 2083 1343 3626 1420; baseline -0.005 -14"><span class='ocrx_word' id='word_1_263' title='bbox 2083 1351 2250 1420; x_wconf 80' lang='lat' dir='ltr'><strong>magis</strong></span> <span class='ocrx_word' id='word_1_264' title='bbox 2295 1349 2608 1418; x_wconf 71' lang='lat' dir='ltr'><strong>delegantur</strong></span> <span class='ocrx_word' id='word_1_265' title='bbox 2635 1350 2680 1415; x_wconf 77' lang='grc' dir='ltr'><strong>Ι,</strong></span> <span class='ocrx_word' id='word_1_266' title='bbox 2709 1364 2867 1417; x_wconf 90' lang='lat' dir='ltr'><strong>quam</strong></span> <span class='ocrx_word' id='word_1_267' title='bbox 2895 1348 3098 1417; x_wconf 89' lang='lat' dir='ltr'><strong>judice,</strong></span> <span class='ocrx_word' id='word_1_268' title='bbox 3136 1355 3227 1401; x_wconf 91' lang='lat' dir='ltr'><strong>aut</strong></span> <span class='ocrx_word' id='word_1_269' title='bbox 3255 1345 3352 1400; x_wconf 88' lang='lat' dir='ltr'><strong>tibi</strong></span> <span class='ocrx_word' id='word_1_270' title='bbox 3399 1343 3626 1416; x_wconf 61' lang='lat' dir='ltr'><strong>tantumk</strong></span> 
     </span>
    </p>
   </div>
   <div class='ocr_carea' id='block_1_39' title="bbox 2083 1425 3627 1510">
    <p class='ocr_par' dir='ltr' id='par_1_39' title="bbox 2083 1425 3627 1510">
     <span class='ocr_line' id='line_1_40' title="bbox 2083 1425 3627 1510; baseline -0.001 -14"><span class='ocrx_word' id='word_1_271' title='bbox 2083 1441 2467 1496; x_wconf 86' lang='lat' dir='ltr'><strong>innotescentia</strong></span> <span class='ocrx_word' id='word_1_272' title='bbox 2501 1441 2730 1510; x_wconf 79' lang='lat' dir='ltr'><strong>relegas,</strong></span> <span class='ocrx_word' id='word_1_273' title='bbox 2762 1425 3191 1493; x_wconf 42' lang='lat' dir='ltr'><strong>aut&#39;intimorum</strong></span> <span class='ocrx_word' id='word_1_274' title='bbox 3221 1438 3436 1494; x_wconf 86' lang='lat' dir='ltr'><strong>auribus</strong></span> <span class='ocrx_word' id='word_1_275' title='bbox 3460 1439 3627 1494; x_wconf 79' lang='lat' dir='ltr'><strong>amica-</strong></span> 
     </span>
    </p>
   </div>
   <div class='ocr_carea' id='block_1_40' title="bbox 2086 1529 3291 1601">
    <p class='ocr_par' dir='ltr' id='par_1_40' title="bbox 2086 1529 3291 1601">
     <span class='ocr_line' id='line_1_41' title="bbox 2086 1529 3291 1601; baseline -0.002 -14"><span class='ocrx_word' id='word_1_276' title='bbox 2086 1531 2206 1588; x_wconf 92' lang='lat' dir='ltr'><strong>liter</strong></span> <span class='ocrx_word' id='word_1_277' title='bbox 2236 1531 2284 1599; x_wconf 83' lang='grc' dir='ltr'><strong>ι,</strong></span> <span class='ocrx_word' id='word_1_278' title='bbox 2317 1547 2522 1601; x_wconf 71' lang='lat' dir='ltr'><strong>quaeso,</strong></span> <span class='ocrx_word' id='word_1_279' title='bbox 2554 1531 2814 1586; x_wconf 87' lang='lat' dir='ltr'><strong>collatura</strong></span> <span class='ocrx_word' id='word_1_280' title='bbox 2842 1529 2882 1552; x_wconf 83' lang='grc'><strong>’⁵</strong></span> <span class='ocrx_word' id='word_1_281' title='bbox 2912 1531 3214 1585; x_wconf 88' lang='lat' dir='ltr'><strong>committas</strong></span> <span class='ocrx_word' id='word_1_282' title='bbox 3246 1539 3291 1583; x_wconf 77' lang='grc' dir='ltr'><strong>ιι.</strong></span> 
     </span>
    </p>
   </div>
   <div class='ocr_carea' id='block_1_41' title="bbox 2159 1685 3624 1757">
    <p class='ocr_par' dir='ltr' id='par_1_41' title="bbox 2159 1685 3624 1757">
     <span class='ocr_line' id='line_1_42' title="bbox 2159 1685 3624 1757; baseline 0 -16"><span class='ocrx_word' id='word_1_283' title='bbox 2159 1688 2185 1724; x_wconf 76' lang='grc' dir='ltr'>ιι</span> <span class='ocrx_word' id='word_1_284' title='bbox 2211 1687 2350 1742; x_wconf 84' lang='lat' dir='ltr'><strong>Edit.</strong></span> <span class='ocrx_word' id='word_1_285' title='bbox 2387 1686 2658 1741; x_wconf 89' lang='lat' dir='ltr'><strong>Paris.....</strong></span> <span class='ocrx_word' id='word_1_286' title='bbox 2689 1687 2936 1740; x_wconf 81' lang='lat' dir='ltr'><strong>deducam</strong></span> <span class='ocrx_word' id='word_1_287' title='bbox 2966 1701 3046 1740; x_wconf 86' lang='lat' dir='ltr'><strong>me</strong></span> <span class='ocrx_word' id='word_1_288' title='bbox 3072 1686 3125 1739; x_wconf 79' lang='lat' dir='ltr'><strong>in</strong></span> <span class='ocrx_word' id='word_1_289' title='bbox 3149 1685 3427 1757; x_wconf 81' lang='lat' dir='ltr'><strong>publicum;</strong></span> 
     </span>
    </p>
   </div>
   <div class='ocr_carea' id='block_1_42' title="bbox 2081 1758 2786 1824">
    <p class='ocr_par' dir='ltr' id='par_1_42' title="bbox 2081 1758 2786 1824">
     <span class='ocr_line' id='line_1_43' title="bbox 2081 1758 2786 1824; baseline -0.001 -12"><span class='ocrx_word' id='word_1_290' title='bbox 2081 1759 2416 1813; x_wconf 66' lang='lat' dir='ltr'><strong>arbitrum...</strong></span> <span class='ocrx_word' id='word_1_291' title='bbox 2449 1758 2786 1824; x_wconf 82' lang='lat' dir='ltr'><strong>conﬁtentem.</strong></span> 
     </span>
    </p>
   </div>
   <div class='ocr_carea' id='block_1_43' title="bbox 2130 1826 3622 1896">
    <p class='ocr_par' dir='ltr' id='par_1_43' title="bbox 2130 1826 3622 1896">
     <span class='ocr_line' id='line_1_44' title="bbox 2130 1826 3622 1896; baseline -0.003 -12"><span class='ocrx_word' id='word_1_292' title='bbox 2130 1827 2328 1884; x_wconf 63' lang='lat' dir='ltr'><strong>&quot;IDuo</strong></span> <span class='ocrx_word' id='word_1_293' title='bbox 2382 1828 2553 1885; x_wconf 89' lang='lat' dir='ltr'><strong>Codd.</strong></span> <span class='ocrx_word' id='word_1_294' title='bbox 2600 1827 2742 1895; x_wconf 89' lang='lat' dir='ltr'><strong>Vat._,</strong></span> <span class='ocrx_word' id='word_1_295' title='bbox 2799 1826 3224 1892; x_wconf 84' lang='lat' dir='ltr'><strong>vicissitudinem</strong></span> <span class='ocrx_word' id='word_1_296' title='bbox 3274 1842 3506 1896; x_wconf 70' lang='lat' dir='ltr'><strong>repensus</strong></span> <span class='ocrx_word' id='word_1_297' title='bbox 3540 1827 3622 1892; x_wconf 73' lang='lat' dir='ltr'><strong>nisi,</strong></span> 
     </span>
    </p>
   </div>
   <div class='ocr_carea' id='block_1_44' title="bbox 2085 1903 3183 1955">
    <p class='ocr_par' dir='ltr' id='par_1_44' title="bbox 2085 1903 3183 1955">
     <span class='ocr_line' id='line_1_45' title="bbox 2085 1903 3183 1955; baseline -0.004 -1"><span class='ocrx_word' id='word_1_298' title='bbox 2085 1903 2360 1955; x_wconf 87' lang='lat' dir='ltr'><strong>mendose.</strong></span> <span class='ocrx_word' id='word_1_299' title='bbox 3181 1913 3183 1916; x_wconf 76' lang='lat'>‘</span> 
     </span>
    </p>
   </div>
   <div class='ocr_carea' id='block_1_45' title="bbox 2161 1969 3059 2035">
    <p class='ocr_par' dir='ltr' id='par_1_45' title="bbox 2161 1969 3059 2035">
     <span class='ocr_line' id='line_1_46' title="bbox 2161 1969 3059 2035; baseline -0.008 -10"><span class='ocrx_word' id='word_1_300' title='bbox 2161 1971 2175 2019; x_wconf 79' lang='lat' dir='ltr'><strong>i</strong></span> <span class='ocrx_word' id='word_1_301' title='bbox 2210 1971 2321 2025; x_wconf 90' lang='lat' dir='ltr'><strong>Duo</strong></span> <span class='ocrx_word' id='word_1_302' title='bbox 2343 1970 2516 2025; x_wconf 90' lang='lat' dir='ltr'><strong>Codd.</strong></span> <span class='ocrx_word' id='word_1_303' title='bbox 2547 1969 2692 2035; x_wconf 88' lang='lat' dir='ltr'><strong>Vat.,</strong></span> <span class='ocrx_word' id='word_1_304' title='bbox 2723 1969 3059 2022; x_wconf 68' lang='lat' dir='ltr'><strong>delectantur.</strong></span> 
     </span>
    </p>
   </div>
   <div class='ocr_carea' id='block_1_46' title="bbox 2159 2036 3218 2106">
    <p class='ocr_par' dir='ltr' id='par_1_46' title="bbox 2159 2036 3218 2106">
     <span class='ocr_line' id='line_1_47' title="bbox 2159 2036 3218 2106; baseline -0.006 -11"><span class='ocrx_word' id='word_1_305' title='bbox 2159 2041 2185 2077; x_wconf 64' lang='grc' dir='ltr'>ι</span> <span class='ocrx_word' id='word_1_306' title='bbox 2215 2041 2265 2095; x_wconf 91' lang='lat' dir='ltr'><strong>In</strong></span> <span class='ocrx_word' id='word_1_307' title='bbox 2299 2057 2404 2095; x_wconf 91' lang='lat' dir='ltr'><strong>uno</strong></span> <span class='ocrx_word' id='word_1_308' title='bbox 2425 2039 2584 2106; x_wconf 88' lang='lat' dir='ltr'><strong>Cod.,</strong></span> <span class='ocrx_word' id='word_1_309' title='bbox 2613 2051 2702 2094; x_wconf 84' lang='lat' dir='ltr'><strong>aut</strong></span> <span class='ocrx_word' id='word_1_310' title='bbox 2733 2041 2821 2093; x_wconf 87' lang='lat' dir='ltr'><strong>tibi</strong></span> <span class='ocrx_word' id='word_1_311' title='bbox 2851 2036 3218 2090; x_wconf 79' lang='lat' dir='ltr'><strong>tantummodo.</strong></span> 
     </span>
    </p>
   </div>
   <div class='ocr_carea' id='block_1_47' title="bbox 2164 2109 2949 2177">
    <p class='ocr_par' dir='ltr' id='par_1_47' title="bbox 2164 2109 2949 2177">
     <span class='ocr_line' id='line_1_48' title="bbox 2164 2109 2949 2177; baseline -0.005 -13"><span class='ocrx_word' id='word_1_312' title='bbox 2164 2109 2183 2148; x_wconf 78' lang='grc' dir='ltr'>ι</span> <span class='ocrx_word' id='word_1_313' title='bbox 2212 2112 2367 2177; x_wconf 86' lang='lat' dir='ltr'><strong>Ibid.,</strong></span> <span class='ocrx_word' id='word_1_314' title='bbox 2401 2123 2563 2166; x_wconf 84' lang='lat' dir='ltr'><strong>tecum</strong></span> <span class='ocrx_word' id='word_1_315' title='bbox 2595 2111 2949 2164; x_wconf 80' lang='lat' dir='ltr'><strong>amicabiliter.</strong></span> 
     </span>
    </p>
   </div>
   <div class='ocr_carea' id='block_1_48' title="bbox 2157 2178 3622 2250">
    <p class='ocr_par' dir='ltr' id='par_1_48' title="bbox 2157 2178 3622 2250">
     <span class='ocr_line' id='line_1_49' title="bbox 2157 2178 3622 2250; baseline -0.001 -15"><span class='ocrx_word' id='word_1_316' title='bbox 2157 2193 2196 2220; x_wconf 82' lang='grc' dir='ltr'><strong>ιιι</strong></span> <span class='ocrx_word' id='word_1_317' title='bbox 2223 2183 2276 2236; x_wconf 93' lang='lat' dir='ltr'><strong>In</strong></span> <span class='ocrx_word' id='word_1_318' title='bbox 2318 2200 2423 2236; x_wconf 89' lang='lat' dir='ltr'><strong>uno</strong></span> <span class='ocrx_word' id='word_1_319' title='bbox 2471 2183 2627 2246; x_wconf 90' lang='lat' dir='ltr'><strong>Cod.,</strong></span> <span class='ocrx_word' id='word_1_320' title='bbox 2668 2196 2838 2250; x_wconf 75' lang='lat' dir='ltr'><strong>quceso</strong></span> <span class='ocrx_word' id='word_1_321' title='bbox 2885 2179 3232 2233; x_wconf 75' lang='lat' dir='ltr'><strong>consolatam.</strong></span> <span class='ocrx_word' id='word_1_322' title='bbox 3267 2178 3520 2250; x_wconf 48' lang='lat' dir='ltr'><strong>Collatum:</strong></span> <span class='ocrx_word' id='word_1_323' title='bbox 3544 2191 3622 2247; x_wconf 82' lang='lat' dir='ltr'><strong>pro</strong></span> 
     </span>
    </p>
   </div>
   <div class='ocr_carea' id='block_1_49' title="bbox 2087 2247 3621 2320">
    <p class='ocr_par' dir='ltr' id='par_1_49' title="bbox 2087 2247 3621 2320">
     <span class='ocr_line' id='line_1_50' title="bbox 2087 2247 3621 2320; baseline -0.001 -14"><span class='ocrx_word' id='word_1_324' title='bbox 2087 2254 2430 2311; x_wconf 79' lang='lat' dir='ltr'><strong>ceiiferenda.</strong></span> <span class='ocrx_word' id='word_1_325' title='bbox 2467 2263 2525 2305; x_wconf 91' lang='lat' dir='ltr'><strong>ut</strong></span> <span class='ocrx_word' id='word_1_326' title='bbox 2553 2247 2733 2320; x_wconf 77' lang='lat' dir='ltr'><strong>supra,</strong></span> <span class='ocrx_word' id='word_1_327' title='bbox 2777 2260 3018 2303; x_wconf 86' lang='lat' dir='ltr'><strong>curatura</strong></span> <span class='ocrx_word' id='word_1_328' title='bbox 3048 2265 3144 2317; x_wconf 89' lang='lat' dir='ltr'><strong>pro</strong></span> <span class='ocrx_word' id='word_1_329' title='bbox 3187 2251 3437 2320; x_wconf 78' lang='lat' dir='ltr'><strong>curanda.</strong></span> <span class='ocrx_word' id='word_1_330' title='bbox 3469 2247 3621 2304; x_wconf 80' lang='lat' dir='ltr'><strong>Fami-</strong></span> 
     </span>
    </p>
   </div>
   <div class='ocr_carea' id='block_1_50' title="bbox 2087 2318 3478 2385">
    <p class='ocr_par' dir='ltr' id='par_1_50' title="bbox 2087 2318 3478 2385">
     <span class='ocr_line' id='line_1_51' title="bbox 2087 2318 3478 2385; baseline -0.003 -7"><span class='ocrx_word' id='word_1_331' title='bbox 2087 2324 2221 2378; x_wconf 90' lang='lat' dir='ltr'><strong>Iiare</strong></span> <span class='ocrx_word' id='word_1_332' title='bbox 2256 2323 2353 2376; x_wconf 88' lang='lat' dir='ltr'><strong>hoc</strong></span> <span class='ocrx_word' id='word_1_333' title='bbox 2383 2318 2696 2385; x_wconf 81' lang='lat' dir='ltr'><strong>Fortunaio,</strong></span> <span class='ocrx_word' id='word_1_334' title='bbox 2731 2330 2787 2374; x_wconf 90' lang='lat' dir='ltr'><strong>ut</strong></span> <span class='ocrx_word' id='word_1_335' title='bbox 2809 2321 3184 2374; x_wconf 88' lang='lat' dir='ltr'><strong>animadvertit</strong></span> <span class='ocrx_word' id='word_1_336' title='bbox 3214 2318 3274 2373; x_wconf 84' lang='grc' dir='ltr'><strong>Ρ.</strong></span> <span class='ocrx_word' id='word_1_337' title='bbox 3311 2319 3478 2374; x_wconf 82' lang='lat' dir='ltr'><strong>Brow.</strong></span> 
     </span>
    </p>
   </div>
   <div class='ocr_carea' id='block_1_51' title="bbox 2162 2392 2889 2461">
    <p class='ocr_par' dir='ltr' id='par_1_51' title="bbox 2162 2392 2889 2461">
     <span class='ocr_line' id='line_1_52' title="bbox 2162 2392 2889 2461; baseline -0.003 -14"><span class='ocrx_word' id='word_1_338' title='bbox 2162 2402 2188 2430; x_wconf 76' lang='grc' dir='ltr'><strong>υ</strong></span> <span class='ocrx_word' id='word_1_339' title='bbox 2214 2393 2356 2448; x_wconf 86' lang='lat' dir='ltr'><strong>Edit.</strong></span> <span class='ocrx_word' id='word_1_340' title='bbox 2390 2392 2587 2461; x_wconf 83' lang='lat' dir='ltr'><strong>Paris.,</strong></span> <span class='ocrx_word' id='word_1_341' title='bbox 2619 2392 2889 2461; x_wconf 65' lang='lat' dir='ltr'><strong>reprendas.</strong></span> 
     </span>
    </p>
   </div>
   <div class='ocr_carea' id='block_1_52' title="bbox 410 2615 3626 2655">
    <p class='ocr_par' dir='ltr' id='par_1_52' title="bbox 410 2615 3626 2655">
     <span class='ocr_line' id='line_1_53' title="bbox 410 2615 3626 2655; baseline -0.003 -6"><span class='ocrx_word' id='word_1_342' title='bbox 410 2615 3626 2655; x_wconf 51' lang='grc' dir='ltr'><strong>Μ</strong></span> 
     </span>
    </p>
   </div>
   <div class='ocr_carea' id='block_1_53' title="bbox 1636 2761 2399 2846">
    <p class='ocr_par' dir='ltr' id='par_1_53' title="bbox 1636 2761 2399 2846">
     <span class='ocr_line' id='line_1_54' title="bbox 1636 2761 2399 2846; baseline -0.012 0"><span class='ocrx_word' id='word_1_343' title='bbox 1636 2768 1933 2846; x_wconf 84' lang='lat' dir='ltr'><strong>LIBER</strong></span> <span class='ocrx_word' id='word_1_344' title='bbox 1987 2761 2399 2842; x_wconf 87' lang='lat' dir='ltr'><strong>PRIMUS.</strong></span> 
     </span>
    </p>
   </div>
   <div class='ocr_carea' id='block_1_54' title="bbox 910 2928 1460 2984">
    <p class='ocr_par' dir='ltr' id='par_1_54' title="bbox 910 2928 1460 2984">
     <span class='ocr_line' id='line_1_55' title="bbox 910 2928 1460 2984; baseline -0.005 0"><span class='ocrx_word' id='word_1_345' title='bbox 910 2928 1134 2984; x_wconf 83' lang='lat' dir='ltr'><strong>CAPUT</strong></span> <span class='ocrx_word' id='word_1_346' title='bbox 1178 2928 1460 2983; x_wconf 73' lang='lat' dir='ltr'><strong>PRIMUM.</strong></span> 
     </span>
    </p>
   </div>
   <div class='ocr_carea' id='block_1_55' title="bbox 632 3018 1750 3088">
    <p class='ocr_par' dir='ltr' id='par_1_55' title="bbox 632 3018 1750 3088">
     <span class='ocr_line' id='line_1_56' title="bbox 632 3018 1750 3088; baseline -0.004 -12"><span class='ocrx_word' id='word_1_347' title='bbox 632 3023 708 3076; x_wconf 79' lang='lat' dir='ltr'><strong>Ad</strong></span> <span class='ocrx_word' id='word_1_348' title='bbox 740 3020 956 3075; x_wconf 74' lang='lat' dir='ltr'><strong>I’italem</strong></span> <span class='ocrx_word' id='word_1_349' title='bbox 983 3029 1008 3054; x_wconf 72' lang='grc' dir='ltr'><strong>ο</strong></span> <span class='ocrx_word' id='word_1_350' title='bbox 1033 3020 1324 3088; x_wconf 81' lang='lat' dir='ltr'><strong>episcOpuin</strong></span> <span class='ocrx_word' id='word_1_351' title='bbox 1353 3018 1750 3072; x_wconf 79' lang='lat' dir='ltr'><strong>Ravennensem.</strong></span> 
     </span>
    </p>
   </div>
   <div class='ocr_carea' id='block_1_56' title="bbox 2088 2916 3545 2989">
    <p class='ocr_par' dir='ltr' id='par_1_56' title="bbox 2088 2916 3545 2989">
     <span class='ocr_line' id='line_1_57' title="bbox 2088 2916 3545 2989; baseline -0.005 -11"><span class='ocrx_word' id='word_1_352' title='bbox 2088 2920 2374 2989; x_wconf 87' lang='lat' dir='ltr'><strong>Sumpsisti</strong></span> <span class='ocrx_word' id='word_1_353' title='bbox 2401 2934 2430 2970; x_wconf 91' lang='lat' dir='ltr'><strong>a</strong></span> <span class='ocrx_word' id='word_1_354' title='bbox 2459 2917 2686 2972; x_wconf 90' lang='lat' dir='ltr'><strong>Domino</strong></span> <span class='ocrx_word' id='word_1_355' title='bbox 2716 2917 2949 2984; x_wconf 89' lang='lat' dir='ltr'><strong>culmen,</strong></span> <span class='ocrx_word' id='word_1_356' title='bbox 2981 2917 3063 2970; x_wconf 92' lang='lat' dir='ltr'><strong>cui</strong></span> <span class='ocrx_word' id='word_1_357' title='bbox 3093 2917 3323 2972; x_wconf 89' lang='lat' dir='ltr'><strong>culmina</strong></span> <span class='ocrx_word' id='word_1_358' title='bbox 3350 2916 3545 2983; x_wconf 83' lang='lat' dir='ltr'><strong>condis,</strong></span> 
     </span>
    </p>
   </div>
   <div class='ocr_carea' id='block_1_57' title="bbox 2155 3007 3422 3077">
    <p class='ocr_par' dir='ltr' id='par_1_57' title="bbox 2155 3007 3422 3077">
     <span class='ocr_line' id='line_1_58' title="bbox 2155 3007 3422 3077; baseline -0.001 -14"><span class='ocrx_word' id='word_1_359' title='bbox 2155 3011 2258 3077; x_wconf 87' lang='lat' dir='ltr'><strong>Qui</strong></span> <span class='ocrx_word' id='word_1_360' title='bbox 2290 3010 2380 3063; x_wconf 87' lang='lat' dir='ltr'><strong>tibi</strong></span> <span class='ocrx_word' id='word_1_361' title='bbox 2405 3008 2563 3076; x_wconf 89' lang='lat' dir='ltr'><strong>digna</strong></span> <span class='ocrx_word' id='word_1_362' title='bbox 2599 3008 2764 3072; x_wconf 91' lang='lat' dir='ltr'><strong>dedit,</strong></span> <span class='ocrx_word' id='word_1_363' title='bbox 2799 3007 2977 3062; x_wconf 85' lang='lat' dir='ltr'><strong>reddis</strong></span> <span class='ocrx_word' id='word_1_364' title='bbox 3002 3008 3204 3064; x_wconf 86' lang='lat' dir='ltr'><strong>honore</strong></span> <span class='ocrx_word' id='word_1_365' title='bbox 3234 3010 3422 3064; x_wconf 84' lang='lat' dir='ltr'><strong>vicem.</strong></span> 
     </span>
    </p>
   </div>
   <div class='ocr_carea' id='block_1_58' title="bbox 406 3101 3416 3192">
    <p class='ocr_par' dir='ltr' id='par_1_58' title="bbox 406 3101 3416 3192">
     <span class='ocr_line' id='line_1_59' title="bbox 406 3101 3416 3192; baseline -0.006 -20"><span class='ocrx_word' id='word_1_366' title='bbox 406 3116 712 3192; x_wconf 85' lang='lat' dir='ltr'><strong>[Basilicam</strong></span> <span class='ocrx_word' id='word_1_367' title='bbox 742 3114 912 3192; x_wconf 67' lang='lat' dir='ltr'><strong>sancti</strong></span> <span class='ocrx_word' id='word_1_368' title='bbox 945 3113 1190 3192; x_wconf 48' lang='lat' dir='ltr'><strong>Audi-ear,</strong></span> <span class='ocrx_word' id='word_1_369' title='bbox 1231 3125 1266 3192; x_wconf 77' lang='lat' dir='ltr'><strong>a_</strong></span> <span class='ocrx_word' id='word_1_370' title='bbox 1293 3109 1470 3192; x_wconf 82' lang='lat' dir='ltr'><strong>Vitali,</strong></span> <span class='ocrx_word' id='word_1_371' title='bbox 1500 3109 1834 3192; x_wconf 69' lang='lat' dir='ltr'><strong>Ravennensi</strong></span> <span class='ocrx_word' id='word_1_372' title='bbox 1857 3108 1973 3174; x_wconf 84' lang='lat' dir='ltr'><strong>epi-</strong></span> <span class='ocrx_word' id='word_1_373' title='bbox 2005 3103 2052 3167; x_wconf 89' lang='lat' dir='ltr'><strong>C</strong></span> <span class='ocrx_word' id='word_1_374' title='bbox 2083 3105 2294 3160; x_wconf 86' lang='lat' dir='ltr'><strong>Emicat</strong></span> <span class='ocrx_word' id='word_1_375' title='bbox 2321 3103 2438 3156; x_wconf 89' lang='lat' dir='ltr'><strong>aula</strong></span> <span class='ocrx_word' id='word_1_376' title='bbox 2466 3110 2675 3171; x_wconf 89' lang='lat' dir='ltr'><strong>potens,</strong></span> <span class='ocrx_word' id='word_1_377' title='bbox 2713 3101 2886 3156; x_wconf 88' lang='lat' dir='ltr'><strong>solido</strong></span> <span class='ocrx_word' id='word_1_378' title='bbox 2919 3101 3153 3170; x_wconf 79' lang='lat' dir='ltr'><strong>perfecta</strong></span> <span class='ocrx_word' id='word_1_379' title='bbox 3185 3102 3416 3164; x_wconf 80' lang='lat' dir='ltr'><strong>metallo,</strong></span> 
     </span>
    </p>
   </div>
   <div class='ocr_carea' id='block_1_59' title="bbox 471 3179 1973 3252">
    <p class='ocr_par' dir='ltr' id='par_1_59' title="bbox 471 3179 1973 3252">
     <span class='ocr_line' id='line_1_60' title="bbox 471 3179 1973 3252; baseline -0.007 -13"><span class='ocrx_word' id='word_1_380' title='bbox 471 3202 659 3252; x_wconf 80' lang='lat' dir='ltr'><strong>scapo,</strong></span> <span class='ocrx_word' id='word_1_381' title='bbox 692 3184 1003 3237; x_wconf 77' lang='lat' dir='ltr'><strong>:edilicatam</strong></span> <span class='ocrx_word' id='word_1_382' title='bbox 1045 3196 1107 3252; x_wconf 88' lang='lat' dir='ltr'><strong>ac</strong></span> <span class='ocrx_word' id='word_1_383' title='bbox 1151 3179 1670 3252; x_wconf 80' lang='lat' dir='ltr'><strong>dedicatam,_reiert</strong></span> <span class='ocrx_word' id='word_1_384' title='bbox 1715 3181 1973 3252; x_wconf 83' lang='lat' dir='ltr'><strong>hoccar-</strong></span> 
     </span>
    </p>
   </div>
   <div class='ocr_carea' id='block_1_60' title="bbox 477 3249 1972 3318">
    <p class='ocr_par' dir='ltr' id='par_1_60' title="bbox 477 3249 1972 3318">
     <span class='ocr_line' id='line_1_61' title="bbox 477 3249 1972 3318; baseline -0.007 -8"><span class='ocrx_word' id='word_1_385' title='bbox 477 3249 1032 3310; x_wconf 37' lang='lat' dir='ltr'><strong>riiiiie.&#39;Dedic;itionis</strong></span> <span class='ocrx_word' id='word_1_386' title='bbox 1082 3250 1244 3318; x_wconf 91' lang='lat' dir='ltr'><strong>ipsius</strong></span> <span class='ocrx_word' id='word_1_387' title='bbox 1294 3249 1662 3303; x_wconf 84' lang='lat' dir='ltr'><strong>celebritatem</strong></span> <span class='ocrx_word' id='word_1_388' title='bbox 1702 3264 1764 3302; x_wconf 89' lang='lat' dir='ltr'><strong>ac</strong></span> <span class='ocrx_word' id='word_1_389' title='bbox 1791 3251 1972 3318; x_wconf 81' lang='lat' dir='ltr'><strong>singu-</strong></span> 
     </span>
    </p>
   </div>
   <div class='ocr_carea' id='block_1_61' title="bbox 475 3319 1968 3391">
    <p class='ocr_par' dir='ltr' id='par_1_61' title="bbox 475 3319 1968 3391">
     <span class='ocr_line' id='line_1_62' title="bbox 475 3319 1968 3391; baseline -0.005 -13"><span class='ocrx_word' id='word_1_390' title='bbox 475 3328 586 3379; x_wconf 90' lang='lat' dir='ltr'><strong>lare</strong></span> <span class='ocrx_word' id='word_1_391' title='bbox 617 3323 797 3391; x_wconf 80' lang='lat' dir='ltr'><strong>populi</strong></span> <span class='ocrx_word' id='word_1_392' title='bbox 827 3322 879 3374; x_wconf 91' lang='lat' dir='ltr'><strong>in</strong></span> <span class='ocrx_word' id='word_1_393' title='bbox 913 3322 1135 3375; x_wconf 89' lang='lat' dir='ltr'><strong>Vitalem</strong></span> <span class='ocrx_word' id='word_1_394' title='bbox 1169 3319 1401 3374; x_wconf 89' lang='lat' dir='ltr'><strong>studium</strong></span> <span class='ocrx_word' id='word_1_395' title='bbox 1433 3331 1488 3374; x_wconf 92' lang='lat' dir='ltr'><strong>et</strong></span> <span class='ocrx_word' id='word_1_396' title='bbox 1519 3320 1968 3380; x_wconf 80' lang='lat' dir='ltr'><strong>benevolentiam,</strong></span> 
     </span>
    </p>
   </div>
   <div class='ocr_carea' id='block_1_62' title="bbox 473 3391 907 3463">
    <p class='ocr_par' dir='ltr' id='par_1_62' title="bbox 473 3391 907 3463">
     <span class='ocr_line' id='line_1_63' title="bbox 473 3391 907 3463; baseline -0.014 -13"><span class='ocrx_word' id='word_1_397' title='bbox 473 3391 907 3463; x_wconf 86' lang='lat' dir='ltr'><strong>commemorat.]</strong></span> 
     </span>
    </p>
   </div>
   <div class='ocr_carea' id='block_1_63' title="bbox 411 3483 1690 3550">
    <p class='ocr_par' dir='ltr' id='par_1_63' title="bbox 411 3483 1690 3550">
     <span class='ocr_line' id='line_1_64' title="bbox 411 3483 1690 3550; baseline -0.006 -5"><span class='ocrx_word' id='word_1_398' title='bbox 411 3491 650 3545; x_wconf 78' lang='lat' dir='ltr'><strong>Antistes</strong></span> <span class='ocrx_word' id='word_1_399' title='bbox 679 3486 906 3550; x_wconf 77' lang='lat' dir='ltr'><strong>domini,</strong></span> <span class='ocrx_word' id='word_1_400' title='bbox 941 3485 1146 3539; x_wconf 91' lang='lat' dir='ltr'><strong>meritis</strong></span> <span class='ocrx_word' id='word_1_401' title='bbox 1178 3483 1230 3537; x_wconf 92' lang='lat' dir='ltr'><strong>in</strong></span> <span class='ocrx_word' id='word_1_402' title='bbox 1262 3484 1452 3539; x_wconf 71' lang='lat' dir='ltr'><strong>saecula</strong></span> <span class='ocrx_word' id='word_1_403' title='bbox 1484 3486 1690 3547; x_wconf 89' lang='lat' dir='ltr'><strong>vivens,</strong></span> 
     </span>
    </p>
   </div>
   <div class='ocr_carea' id='block_1_64' title="bbox 479 3576 1734 3648">
    <p class='ocr_par' dir='ltr' id='par_1_64' title="bbox 479 3576 1734 3648">
     <span class='ocr_line' id='line_1_65' title="bbox 479 3576 1734 3648; baseline -0.005 -13"><span class='ocrx_word' id='word_1_404' title='bbox 479 3581 680 3635; x_wconf 84' lang='lat' dir='ltr'><strong>Gaudia</strong></span> <span class='ocrx_word' id='word_1_405' title='bbox 709 3579 795 3646; x_wconf 85' lang='lat' dir='ltr'><strong>qui</strong></span> <span class='ocrx_word' id='word_1_406' title='bbox 826 3578 1026 3633; x_wconf 83' lang='lat' dir='ltr'><strong>Christi</strong></span> <span class='ocrx_word' id='word_1_407' title='bbox 1058 3576 1124 3632; x_wconf 91' lang='lat' dir='ltr'><strong>de</strong></span> <span class='ocrx_word' id='word_1_408' title='bbox 1151 3593 1314 3648; x_wconf 74' lang='lat' dir='ltr'><strong>grege</strong></span> <span class='ocrx_word' id='word_1_409' title='bbox 1347 3586 1526 3646; x_wconf 88' lang='lat' dir='ltr'><strong>pastor</strong></span> <span class='ocrx_word' id='word_1_410' title='bbox 1552 3577 1734 3640; x_wconf 89' lang='lat' dir='ltr'><strong>habes,</strong></span> 
     </span>
    </p>
   </div>
   <div class='ocr_carea' id='block_1_65' title="bbox 406 3670 1630 3734">
    <p class='ocr_par' dir='ltr' id='par_1_65' title="bbox 406 3670 1630 3734">
     <span class='ocr_line' id='line_1_66' title="bbox 406 3670 1630 3734; baseline -0.006 -6"><span class='ocrx_word' id='word_1_411' title='bbox 406 3675 535 3729; x_wconf 91' lang='lat' dir='ltr'><strong>Cum</strong></span> <span class='ocrx_word' id='word_1_412' title='bbox 568 3683 620 3727; x_wconf 91' lang='lat' dir='ltr'><strong>te</strong></span> <span class='ocrx_word' id='word_1_413' title='bbox 653 3672 875 3726; x_wconf 88' lang='lat' dir='ltr'><strong>Vitalem</strong></span> <span class='ocrx_word' id='word_1_414' title='bbox 908 3670 1077 3723; x_wconf 87' lang='lat' dir='ltr'><strong>voluit</strong></span> <span class='ocrx_word' id='word_1_415' title='bbox 1105 3671 1340 3722; x_wconf 90' lang='lat' dir='ltr'><strong>vocitare</strong></span> <span class='ocrx_word' id='word_1_416' title='bbox 1369 3677 1630 3734; x_wconf 88' lang='lat' dir='ltr'><strong>vetustas,</strong></span> 
     </span>
    </p>
   </div>
   <div class='ocr_carea' id='block_1_66' title="bbox 477 3757 1549 3818">
    <p class='ocr_par' dir='ltr' id='par_1_66' title="bbox 477 3757 1549 3818">
     <span class='ocr_line' id='line_1_67' title="bbox 477 3757 1549 3818; baseline -0.008 0"><span class='ocrx_word' id='word_1_417' title='bbox 477 3765 706 3818; x_wconf 79' lang='lat' dir='ltr'><strong>Noverat</strong></span> <span class='ocrx_word' id='word_1_418' title='bbox 733 3771 992 3815; x_wconf 64' lang='lat' dir='ltr'><strong>aeternum</strong></span> <span class='ocrx_word' id='word_1_419' title='bbox 1020 3770 1068 3812; x_wconf 90' lang='lat' dir='ltr'><strong>te</strong></span> <span class='ocrx_word' id='word_1_420' title='bbox 1099 3759 1360 3811; x_wconf 90' lang='lat' dir='ltr'><strong>meruisse</strong></span> <span class='ocrx_word' id='word_1_421' title='bbox 1386 3757 1549 3810; x_wconf 88' lang='lat' dir='ltr'><strong>diem.</strong></span> 
     </span>
    </p>
   </div>
   <div class='ocr_carea' id='block_1_67' title="bbox 409 3843 1795 3924">
    <p class='ocr_par' dir='ltr' id='par_1_67' title="bbox 409 3843 1795 3924">
     <span class='ocr_line' id='line_1_68' title="bbox 409 3843 1795 3924; baseline -0.012 -12"><span class='ocrx_word' id='word_1_422' title='bbox 409 3856 611 3924; x_wconf 86' lang='lat' dir='ltr'><strong>Dignus</strong></span> <span class='ocrx_word' id='word_1_423' title='bbox 633 3851 924 3921; x_wconf 88' lang='lat' dir='ltr'><strong>apostolica</strong></span> <span class='ocrx_word' id='word_1_424' title='bbox 964 3849 1279 3918; x_wconf 62' lang='lat' dir='ltr'><strong>praefulgens</strong></span> <span class='ocrx_word' id='word_1_425' title='bbox 1301 3857 1480 3901; x_wconf 89' lang='lat' dir='ltr'><strong>mente</strong></span> <span class='ocrx_word' id='word_1_426' title='bbox 1519 3843 1795 3909; x_wconf 86' lang='lat' dir='ltr'><strong>sacerdos,</strong></span> 
     </span>
    </p>
   </div>
   <div class='ocr_carea' id='block_1_68' title="bbox 482 3938 1680 4014">
    <p class='ocr_par' dir='ltr' id='par_1_68' title="bbox 482 3938 1680 4014">
     <span class='ocr_line' id='line_1_69' title="bbox 482 3938 1680 4014; baseline -0.003 -18"><span class='ocrx_word' id='word_1_427' title='bbox 482 3948 582 4014; x_wconf 79' lang='lat' dir='ltr'><strong>Qui</strong></span> <span class='ocrx_word' id='word_1_428' title='bbox 606 3960 759 3998; x_wconf 88' lang='lat' dir='ltr'><strong>sacer</strong></span> <span class='ocrx_word' id='word_1_429' title='bbox 789 3942 1014 3996; x_wconf 66' lang='lat' dir='ltr'><strong>Andreae</strong></span> <span class='ocrx_word' id='word_1_430' title='bbox 1042 3951 1148 3994; x_wconf 87' lang='lat' dir='ltr'><strong>tam</strong></span> <span class='ocrx_word' id='word_1_431' title='bbox 1183 3941 1263 4009; x_wconf 88' lang='lat' dir='ltr'><strong>pia</strong></span> <span class='ocrx_word' id='word_1_432' title='bbox 1298 3940 1490 4008; x_wconf 89' lang='lat' dir='ltr'><strong>templa</strong></span> <span class='ocrx_word' id='word_1_433' title='bbox 1517 3938 1680 3993; x_wconf 80' lang='lat' dir='ltr'><strong>locas.</strong></span> 
     </span>
    </p>
   </div>
   <div class='ocr_carea' id='block_1_69' title="bbox 415 4025 1892 4106">
    <p class='ocr_par' dir='ltr' id='par_1_69' title="bbox 415 4025 1892 4106">
     <span class='ocr_line' id='line_1_70' title="bbox 415 4025 1892 4106; baseline -0.009 -15"><span class='ocrx_word' id='word_1_434' title='bbox 415 4039 582 4106; x_wconf 81' lang='lat' dir='ltr'><strong>Quam</strong></span> <span class='ocrx_word' id='word_1_435' title='bbox 606 4035 739 4090; x_wconf 85' lang='lat' dir='ltr'><strong>bene</strong></span> <span class='ocrx_word' id='word_1_436' title='bbox 769 4049 865 4103; x_wconf 91' lang='lat' dir='ltr'><strong>pro</strong></span> <span class='ocrx_word' id='word_1_437' title='bbox 897 4031 1102 4086; x_wconf 88' lang='lat' dir='ltr'><strong>meritis</strong></span> <span class='ocrx_word' id='word_1_438' title='bbox 1133 4029 1374 4084; x_wconf 70' lang='lat' dir='ltr'><strong>dominill</strong></span> <span class='ocrx_word' id='word_1_439' title='bbox 1403 4029 1648 4083; x_wconf 85' lang='lat' dir='ltr'><strong>consedit</strong></span> <span class='ocrx_word' id='word_1_440' title='bbox 1672 4028 1722 4080; x_wconf 92' lang='lat' dir='ltr'><strong>in</strong></span> <span class='ocrx_word' id='word_1_441' title='bbox 1752 4025 1892 4088; x_wconf 90' lang='lat' dir='ltr'><strong>aula,</strong></span> 
     </span>
    </p>
   </div>
   <div class='ocr_carea' id='block_1_70' title="bbox 485 4125 1723 4200">
    <p class='ocr_par' dir='ltr' id='par_1_70' title="bbox 485 4125 1723 4200">
     <span class='ocr_line' id='line_1_71' title="bbox 485 4125 1723 4200; baseline -0.011 -14"><span class='ocrx_word' id='word_1_442' title='bbox 485 4133 585 4186; x_wconf 85' lang='lat' dir='ltr'><strong>Per</strong></span> <span class='ocrx_word' id='word_1_443' title='bbox 612 4147 764 4200; x_wconf 87' lang='lat' dir='ltr'><strong>quem</strong></span> <span class='ocrx_word' id='word_1_444' title='bbox 790 4130 947 4198; x_wconf 88' lang='lat' dir='ltr'><strong>digna</strong></span> <span class='ocrx_word' id='word_1_445' title='bbox 977 4127 1086 4180; x_wconf 90' lang='lat' dir='ltr'><strong>Deo</strong></span> <span class='ocrx_word' id='word_1_446' title='bbox 1113 4136 1195 4178; x_wconf 90' lang='lat' dir='ltr'><strong>est</strong></span> <span class='ocrx_word' id='word_1_447' title='bbox 1227 4127 1484 4179; x_wconf 73' lang='lat' dir='ltr'><strong>mdilicala</strong></span> <span class='ocrx_word' id='word_1_448' title='bbox 1515 4125 1723 4177; x_wconf 87' lang='lat' dir='ltr'><strong>domus.</strong></span> 
     </span>
    </p>
   </div>
   <div class='ocr_carea' id='block_1_71' title="bbox 486 4235 1971 4304">
    <p class='ocr_par' dir='ltr' id='par_1_71' title="bbox 486 4235 1971 4304">
     <span class='ocr_line' id='line_1_72' title="bbox 486 4235 1971 4304; baseline -0.002 -10"><span class='ocrx_word' id='word_1_449' title='bbox 486 4243 628 4294; x_wconf 70' lang='lat' dir='ltr'><strong>ﬂllic</strong></span> <span class='ocrx_word' id='word_1_450' title='bbox 681 4240 885 4298; x_wconf 82' lang='lat' dir='ltr'><strong>Vitatis,</strong></span> <span class='ocrx_word' id='word_1_451' title='bbox 931 4236 1029 4289; x_wconf 90' lang='lat' dir='ltr'><strong>etsi</strong></span> <span class='ocrx_word' id='word_1_452' title='bbox 1081 4235 1298 4288; x_wconf 91' lang='lat' dir='ltr'><strong>minime</strong></span> <span class='ocrx_word' id='word_1_453' title='bbox 1328 4247 1572 4288; x_wconf 86' lang='lat' dir='ltr'><strong>occurrat</strong></span> <span class='ocrx_word' id='word_1_454' title='bbox 1615 4238 1665 4289; x_wconf 92' lang='lat' dir='ltr'><strong>in</strong></span> <span class='ocrx_word' id='word_1_455' title='bbox 1715 4239 1971 4304; x_wconf 76' lang='lat' dir='ltr'><strong>catalogis</strong></span> 
     </span>
    </p>
   </div>
   <div class='ocr_carea' id='block_1_72' title="bbox 414 4306 1976 4379">
    <p class='ocr_par' dir='ltr' id='par_1_72' title="bbox 414 4306 1976 4379">
     <span class='ocr_line' id='line_1_73' title="bbox 414 4306 1976 4379; baseline 0.004 -24"><span class='ocrx_word' id='word_1_456' title='bbox 414 4314 782 4379; x_wconf 78' lang='lat' dir='ltr'><strong>episcoportlttl</strong></span> <span class='ocrx_word' id='word_1_457' title='bbox 837 4309 1198 4379; x_wconf 77' lang='lat' dir='ltr'><strong>Itaveunatuni</strong></span> <span class='ocrx_word' id='word_1_458' title='bbox 1247 4306 1327 4372; x_wconf 93' lang='lat' dir='ltr'><strong>(ut</strong></span> <span class='ocrx_word' id='word_1_459' title='bbox 1367 4307 1679 4379; x_wconf 70' lang='lat' dir='ltr'><strong>iampridem</strong></span> <span class='ocrx_word' id='word_1_460' title='bbox 1736 4309 1976 4361; x_wconf 87' lang='lat' dir='ltr'><strong>animad-</strong></span> 
     </span>
    </p>
   </div>
   <div class='ocr_carea' id='block_1_73' title="bbox 413 4377 1982 4440">
    <p class='ocr_par' dir='ltr' id='par_1_73' title="bbox 413 4377 1982 4440">
     <span class='ocr_line' id='line_1_74' title="bbox 413 4377 1982 4440; baseline -0.001 -8"><span class='ocrx_word' id='word_1_461' title='bbox 413 4377 573 4433; x_wconf 74' lang='lat' dir='ltr'><strong>vertit</strong></span> <span class='ocrx_word' id='word_1_462' title='bbox 604 4381 661 4432; x_wconf 84' lang='lat' dir='ltr'><strong>I&#39;.</strong></span> <span class='ocrx_word' id='word_1_463' title='bbox 711 4379 1036 4440; x_wconf 70' lang='lat' dir='ltr'><strong>Iirowerus),</strong></span> <span class='ocrx_word' id='word_1_464' title='bbox 1083 4377 1126 4427; x_wconf 88' lang='lat' dir='ltr'><strong>is</strong></span> <span class='ocrx_word' id='word_1_465' title='bbox 1176 4389 1320 4427; x_wconf 79' lang='lat' dir='ltr'><strong>certe</strong></span> <span class='ocrx_word' id='word_1_466' title='bbox 1364 4377 1613 4430; x_wconf 75' lang='lat' dir='ltr'><strong>Ecclesia:</strong></span> <span class='ocrx_word' id='word_1_467' title='bbox 1647 4379 1982 4431; x_wconf 80' lang='lat' dir='ltr'><strong>Ilavennensi</strong></span> 
     </span>
    </p>
   </div>
   <div class='ocr_carea' id='block_1_74' title="bbox 417 4446 2065 4523">
    <p class='ocr_par' dir='ltr' id='par_1_74' title="bbox 417 4446 2065 4523">
     <span class='ocr_line' id='line_1_75' title="bbox 417 4446 2065 4523; baseline -0.005 -16"><span class='ocrx_word' id='word_1_468' title='bbox 417 4453 558 4507; x_wconf 82' lang='lat' dir='ltr'><strong>circa</strong></span> <span class='ocrx_word' id='word_1_469' title='bbox 592 4451 640 4523; x_wconf 72' lang='lat' dir='ltr'><strong>id</strong></span> <span class='ocrx_word' id='word_1_470' title='bbox 675 4462 882 4518; x_wconf 83' lang='lat' dir='ltr'><strong>tempus</strong></span> <span class='ocrx_word' id='word_1_471' title='bbox 909 4446 1626 4523; x_wconf 33' lang='lat' dir='ltr'><strong>pru&#39;l&#39;uisse.dicendushest,</strong></span> <span class='ocrx_word' id='word_1_472' title='bbox 1661 4463 1765 4523; x_wconf 84' lang='lat' dir='ltr'><strong>quo</strong></span> <span class='ocrx_word' id='word_1_473' title='bbox 1797 4449 1983 4523; x_wconf 51' lang='lat' dir='ltr'><strong>[fortu-</strong></span> <span class='ocrx_word' id='word_1_474' title='bbox 2012 4465 2065 4523; x_wconf 80' lang='lat' dir='ltr'><strong>D</strong></span> 
     </span>
    </p>
   </div>
   <div class='ocr_carea' id='block_1_75' title="bbox 421 4517 1982 4585">
    <p class='ocr_par' dir='ltr' id='par_1_75' title="bbox 421 4517 1982 4585">
     <span class='ocr_line' id='line_1_76' title="bbox 421 4517 1982 4585; baseline -0.004 -9"><span class='ocrx_word' id='word_1_475' title='bbox 421 4533 577 4576; x_wconf 90' lang='lat' dir='ltr'><strong>natus</strong></span> <span class='ocrx_word' id='word_1_476' title='bbox 601 4521 862 4574; x_wconf 63' lang='lat' dir='ltr'><strong>Ravenna:</strong></span> <span class='ocrx_word' id='word_1_477' title='bbox 889 4518 1133 4580; x_wconf 68' lang='lat' dir='ltr'><strong>degebat,</strong></span> <span class='ocrx_word' id='word_1_478' title='bbox 1157 4517 1242 4570; x_wconf 83' lang='lat' dir='ltr'><strong>tibi</strong></span> <span class='ocrx_word' id='word_1_479' title='bbox 1277 4517 1420 4568; x_wconf 88' lang='lat' dir='ltr'><strong>illum</strong></span> <span class='ocrx_word' id='word_1_480' title='bbox 1447 4518 1751 4585; x_wconf 83' lang='lat' dir='ltr'><strong>aliquandiu</strong></span> <span class='ocrx_word' id='word_1_481' title='bbox 1787 4519 1982 4570; x_wconf 58' lang='lat' dir='ltr'><strong>vixisse</strong></span> 
     </span>
    </p>
   </div>
   <div class='ocr_carea' id='block_1_76' title="bbox 415 4587 1978 4660">
    <p class='ocr_par' dir='ltr' id='par_1_76' title="bbox 415 4587 1978 4660">
     <span class='ocr_line' id='line_1_77' title="bbox 415 4587 1978 4660; baseline -0.004 -14"><span class='ocrx_word' id='word_1_482' title='bbox 415 4594 642 4646; x_wconf 59' lang='lat' dir='ltr'><strong>diximus</strong></span> <span class='ocrx_word' id='word_1_483' title='bbox 673 4595 721 4644; x_wconf 92' lang='lat' dir='ltr'><strong>in</strong></span> <span class='ocrx_word' id='word_1_484' title='bbox 751 4590 868 4660; x_wconf 75' lang='lat' dir='ltr'><strong>ejus</strong></span> <span class='ocrx_word' id='word_1_485' title='bbox 895 4589 1030 4650; x_wconf 80' lang='lat' dir='ltr'><strong>Vita,</strong></span> <span class='ocrx_word' id='word_1_486' title='bbox 1067 4605 1209 4640; x_wconf 85' lang='lat' dir='ltr'><strong>num.</strong></span> <span class='ocrx_word' id='word_1_487' title='bbox 1242 4590 1310 4660; x_wconf 81' lang='lat' dir='ltr'><strong>I7</strong></span> <span class='ocrx_word' id='word_1_488' title='bbox 1341 4598 1560 4660; x_wconf 79' lang='lat' dir='ltr'><strong>etseq..</strong></span> <span class='ocrx_word' id='word_1_489' title='bbox 1605 4590 1756 4655; x_wconf 89' lang='lat' dir='ltr'><strong>cujus</strong></span> <span class='ocrx_word' id='word_1_490' title='bbox 1788 4587 1978 4640; x_wconf 73' lang='lat' dir='ltr'><strong>Vitalis</strong></span> 
     </span>
    </p>
   </div>
   <div class='ocr_carea' id='block_1_77' title="bbox 417 4659 1977 4717">
    <p class='ocr_par' dir='ltr' id='par_1_77' title="bbox 417 4659 1977 4717">
     <span class='ocr_line' id='line_1_78' title="bbox 417 4659 1977 4717; baseline -0.004 0"><span class='ocrx_word' id='word_1_491' title='bbox 417 4679 576 4717; x_wconf 80' lang='lat' dir='ltr'><strong>suasu</strong></span> <span class='ocrx_word' id='word_1_492' title='bbox 605 4665 739 4716; x_wconf 78' lang='lat' dir='ltr'><strong>forte</strong></span> <span class='ocrx_word' id='word_1_493' title='bbox 771 4659 823 4714; x_wconf 85' lang='lat' dir='ltr'><strong>et</strong></span> <span class='ocrx_word' id='word_1_494' title='bbox 851 4660 1072 4712; x_wconf 86' lang='lat' dir='ltr'><strong>consilio</strong></span> <span class='ocrx_word' id='word_1_495' title='bbox 1102 4659 1332 4711; x_wconf 73' lang='lat' dir='ltr'><strong>basilica:</strong></span> <span class='ocrx_word' id='word_1_496' title='bbox 1360 4659 1427 4711; x_wconf 84' lang='lat' dir='ltr'><strong>ab</strong></span> <span class='ocrx_word' id='word_1_497' title='bbox 1456 4660 1641 4712; x_wconf 87' lang='lat' dir='ltr'><strong>eodem</strong></span> <span class='ocrx_word' id='word_1_498' title='bbox 1689 4669 1977 4712; x_wconf 60' lang='lat' dir='ltr'><strong>exstructa:</strong></span> 
     </span>
    </p>
   </div>
   <div class='ocr_carea' id='block_1_78' title="bbox 415 4730 1976 4796">
    <p class='ocr_par' dir='ltr' id='par_1_78' title="bbox 415 4730 1976 4796">
     <span class='ocr_line' id='line_1_79' title="bbox 415 4730 1976 4796; baseline -0.005 -9"><span class='ocrx_word' id='word_1_499' title='bbox 415 4735 805 4787; x_wconf 81' lang='lat' dir='ltr'><strong>dedicationem</strong></span> <span class='ocrx_word' id='word_1_500' title='bbox 856 4734 952 4784; x_wconf 93' lang='lat' dir='ltr'><strong>hoc</strong></span> <span class='ocrx_word' id='word_1_501' title='bbox 1001 4740 1243 4796; x_wconf 80' lang='lat' dir='ltr'><strong>poemate</strong></span> <span class='ocrx_word' id='word_1_502' title='bbox 1298 4730 1453 4782; x_wconf 78' lang='lat' dir='ltr'><strong>fuerit</strong></span> <span class='ocrx_word' id='word_1_503' title='bbox 1515 4740 1847 4795; x_wconf 84' lang='lat' dir='ltr'><strong>prosccutus.</strong></span> <span class='ocrx_word' id='word_1_504' title='bbox 1910 4733 1976 4779; x_wconf 83' lang='lat' dir='ltr'><strong>At</strong></span> 
     </span>
    </p>
   </div>
   <div class='ocr_carea' id='block_1_79' title="bbox 421 4798 1974 4860">
    <p class='ocr_par' dir='ltr' id='par_1_79' title="bbox 421 4798 1974 4860">
     <span class='ocr_line' id='line_1_80' title="bbox 421 4798 1974 4860; baseline -0.005 -2"><span class='ocrx_word' id='word_1_505' title='bbox 421 4807 598 4860; x_wconf 79' lang='lat' dir='ltr'><strong>Brow.</strong></span> <span class='ocrx_word' id='word_1_506' title='bbox 629 4806 902 4857; x_wconf 74' lang='lat' dir='ltr'><strong>existimat</strong></span> <span class='ocrx_word' id='word_1_507' title='bbox 936 4801 1154 4852; x_wconf 81' lang='lat' dir='ltr'><strong>Vitalem</strong></span> <span class='ocrx_word' id='word_1_508' title='bbox 1188 4801 1342 4851; x_wconf 81' lang='lat' dir='ltr'><strong>Petro</strong></span> <span class='ocrx_word' id='word_1_509' title='bbox 1374 4801 1571 4852; x_wconf 81' lang='lat' dir='ltr'><strong>seniori</strong></span> <span class='ocrx_word' id='word_1_510' title='bbox 1600 4798 1974 4854; x_wconf 80' lang='lat' dir='ltr'><strong>suilicieudum</strong></span> 
     </span>
    </p>
   </div>
   <div class='ocr_carea' id='block_1_80' title="bbox 418 4869 2007 4942">
    <p class='ocr_par' dir='ltr' id='par_1_80' title="bbox 418 4869 2007 4942">
     <span class='ocr_line' id='line_1_81' title="bbox 418 4869 2007 4942; baseline -0.005 -14"><span class='ocrx_word' id='word_1_511' title='bbox 418 4890 560 4938; x_wconf 86' lang='lat' dir='ltr'><strong>esse,</strong></span> <span class='ocrx_word' id='word_1_512' title='bbox 600 4880 684 4942; x_wconf 86' lang='lat' dir='ltr'><strong>qni</strong></span> <span class='ocrx_word' id='word_1_513' title='bbox 719 4891 820 4926; x_wconf 87' lang='lat' dir='ltr'><strong>non</strong></span> <span class='ocrx_word' id='word_1_514' title='bbox 855 4872 952 4942; x_wconf 82' lang='lat' dir='ltr'><strong>nisi</strong></span> <span class='ocrx_word' id='word_1_515' title='bbox 987 4886 1124 4921; x_wconf 89' lang='lat' dir='ltr'><strong>anno</strong></span> <span class='ocrx_word' id='word_1_516' title='bbox 1153 4869 1257 4922; x_wconf 81' lang='grc' dir='ltr'>5ϋὸ</span> <span class='ocrx_word' id='word_1_517' title='bbox 1291 4871 1654 4942; x_wconf 80' lang='lat' dir='ltr'><strong>Ravennensis</strong></span> <span class='ocrx_word' id='word_1_518' title='bbox 1701 4870 2007 4942; x_wconf 79' lang='lat' dir='ltr'><strong>episcopus.</strong></span> 
     </span>
    </p>
   </div>
   <div class='ocr_carea' id='block_1_81' title="bbox 419 4939 1978 5010">
    <p class='ocr_par' dir='ltr' id='par_1_81' title="bbox 419 4939 1978 5010">
     <span class='ocr_line' id='line_1_82' title="bbox 419 4939 1978 5010; baseline -0.004 -12"><span class='ocrx_word' id='word_1_519' title='bbox 419 4939 628 4999; x_wconf 81' lang='lat' dir='ltr'><strong>creatus</strong></span> <span class='ocrx_word' id='word_1_520' title='bbox 655 4955 763 5000; x_wconf 87' lang='lat' dir='ltr'><strong>est;</strong></span> <span class='ocrx_word' id='word_1_521' title='bbox 799 4959 903 5010; x_wconf 88' lang='lat' dir='ltr'><strong>quo</strong></span> <span class='ocrx_word' id='word_1_522' title='bbox 928 4941 1036 5008; x_wconf 80' lang='lat' dir='ltr'><strong>jam</strong></span> <span class='ocrx_word' id='word_1_523' title='bbox 1067 4951 1329 5002; x_wconf 75' lang='lat' dir='ltr'><strong>tempore.</strong></span> <span class='ocrx_word' id='word_1_524' title='bbox 1363 4940 1530 5004; x_wconf 63' lang='lat' dir='ltr'><strong>ipsius</strong></span> <span class='ocrx_word' id='word_1_525' title='bbox 1561 4941 1797 4994; x_wconf 81' lang='lat' dir='ltr'><strong>Broweri</strong></span> <span class='ocrx_word' id='word_1_526' title='bbox 1831 4939 1978 4991; x_wconf 86' lang='lat' dir='ltr'><strong>testi-</strong></span> 
     </span>
    </p>
   </div>
   <div class='ocr_carea' id='block_1_82' title="bbox 423 5011 1982 5082">
    <p class='ocr_par' dir='ltr' id='par_1_82' title="bbox 423 5011 1982 5082">
     <span class='ocr_line' id='line_1_83' title="bbox 423 5011 1982 5082; baseline -0.008 -16"><span class='ocrx_word' id='word_1_527' title='bbox 423 5018 622 5082; x_wconf 86' lang='lat' dir='ltr'><strong>monio,</strong></span> <span class='ocrx_word' id='word_1_528' title='bbox 657 5019 706 5065; x_wconf 91' lang='lat' dir='ltr'><strong>in</strong></span> <span class='ocrx_word' id='word_1_529' title='bbox 747 5013 968 5065; x_wconf 76' lang='lat' dir='ltr'><strong>Galliam</strong></span> <span class='ocrx_word' id='word_1_530' title='bbox 1023 5020 1338 5082; x_wconf 72' lang='lat' dir='ltr'><strong>pervenerat</strong></span> <span class='ocrx_word' id='word_1_531' title='bbox 1385 5012 1725 5065; x_wconf 72' lang='lat' dir='ltr'><strong>Fortunatus,</strong></span> <span class='ocrx_word' id='word_1_532' title='bbox 1763 5014 1835 5065; x_wconf 77' lang='lat' dir='ltr'><strong>De</strong></span> <span class='ocrx_word' id='word_1_533' title='bbox 1882 5011 1982 5064; x_wconf 79' lang='lat' dir='ltr'><strong>hoc</strong></span> 
     </span>
    </p>
   </div>
   <div class='ocr_carea' id='block_1_83' title="bbox 427 5081 1659 5154">
    <p class='ocr_par' dir='ltr' id='par_1_83' title="bbox 427 5081 1659 5154">
     <span class='ocr_line' id='line_1_84' title="bbox 427 5081 1659 5154; baseline -0.006 -16"><span class='ocrx_word' id='word_1_534' title='bbox 427 5086 578 5138; x_wconf 90' lang='lat' dir='ltr'><strong>Vitaii</strong></span> <span class='ocrx_word' id='word_1_535' title='bbox 609 5086 728 5154; x_wconf 79' lang='lat' dir='ltr'><strong>quid</strong></span> <span class='ocrx_word' id='word_1_536' title='bbox 764 5085 882 5154; x_wconf 62' lang='lat' dir='ltr'><strong>ipse</strong></span> <span class='ocrx_word' id='word_1_537' title='bbox 913 5081 1335 5154; x_wconf 46' lang='lat' dir='ltr'><strong>censeamLinfm</strong></span> <span class='ocrx_word' id='word_1_538' title='bbox 1361 5085 1659 5134; x_wconf 70' lang='lat' dir='ltr'><strong>ostendam.</strong></span> 
     </span>
    </p>
   </div>
   <div class='ocr_carea' id='block_1_84' title="bbox 495 5149 1695 5210">
    <p class='ocr_par' dir='ltr' id='par_1_84' title="bbox 495 5149 1695 5210">
     <span class='ocr_line' id='line_1_85' title="bbox 495 5149 1695 5210; baseline -0.006 0"><span class='ocrx_word' id='word_1_539' title='bbox 495 5156 520 5192; x_wconf 68' lang='grc' dir='ltr'>δ</span> <span class='ocrx_word' id='word_1_540' title='bbox 553 5149 651 5210; x_wconf 72' lang='lat' dir='ltr'><strong>Uti.</strong></span> <span class='ocrx_word' id='word_1_541' title='bbox 687 5157 816 5208; x_wconf 73' lang='lat' dir='ltr'><strong>Cod.</strong></span> <span class='ocrx_word' id='word_1_542' title='bbox 845 5151 987 5209; x_wconf 58' lang='lat' dir='ltr'><strong>Vah,</strong></span> <span class='ocrx_word' id='word_1_543' title='bbox 1018 5166 1128 5200; x_wconf 79' lang='lat' dir='ltr'><strong>cum</strong></span> <span class='ocrx_word' id='word_1_544' title='bbox 1155 5149 1359 5201; x_wconf 80' lang='lat' dir='ltr'><strong>Domini</strong></span> <span class='ocrx_word' id='word_1_545' title='bbox 1381 5153 1528 5202; x_wconf 82' lang='lat' dir='ltr'><strong>sedit.</strong></span> <span class='ocrx_word' id='word_1_546' title='bbox 1559 5166 1695 5203; x_wconf 77' lang='lat' dir='ltr'><strong>corr.</strong></span> 
     </span>
    </p>
   </div>
   <div class='ocr_carea' id='block_1_85' title="bbox 494 5221 1582 5285">
    <p class='ocr_par' dir='ltr' id='par_1_85' title="bbox 494 5221 1582 5285">
     <span class='ocr_line' id='line_1_86' title="bbox 494 5221 1582 5285; baseline -0.005 -7"><span class='ocrx_word' id='word_1_547' title='bbox 494 5239 513 5263; x_wconf 73' lang='grc' dir='ltr'>ο</span> <span class='ocrx_word' id='word_1_548' title='bbox 540 5229 689 5278; x_wconf 80' lang='lat' dir='ltr'><strong>Alius</strong></span> <span class='ocrx_word' id='word_1_549' title='bbox 717 5225 846 5276; x_wconf 81' lang='lat' dir='ltr'><strong>Cod.</strong></span> <span class='ocrx_word' id='word_1_550' title='bbox 882 5221 1024 5282; x_wconf 81' lang='lat' dir='ltr'><strong>V.it.,</strong></span> <span class='ocrx_word' id='word_1_551' title='bbox 1060 5231 1111 5270; x_wconf 90' lang='lat' dir='ltr'><strong>tu</strong></span> <span class='ocrx_word' id='word_1_552' title='bbox 1138 5223 1263 5285; x_wconf 73' lang='lat' dir='ltr'><strong>facis</strong></span> <span class='ocrx_word' id='word_1_553' title='bbox 1294 5222 1400 5284; x_wconf 79' lang='lat' dir='ltr'><strong>ipse</strong></span> <span class='ocrx_word' id='word_1_554' title='bbox 1433 5224 1582 5274; x_wconf 82' lang='lat' dir='ltr'><strong>viam.</strong></span> 
     </span>
    </p>
   </div>
   <div class='ocr_carea' id='block_1_86' title="bbox 492 5292 1465 5362">
    <p class='ocr_par' dir='ltr' id='par_1_86' title="bbox 492 5292 1465 5362">
     <span class='ocr_line' id='line_1_87' title="bbox 492 5292 1465 5362; baseline -0.006 -13"><span class='ocrx_word' id='word_1_555' title='bbox 492 5295 515 5331; x_wconf 84' lang='grc'><strong>⁴¹</strong></span> <span class='ocrx_word' id='word_1_556' title='bbox 543 5298 694 5355; x_wconf 85' lang='lat' dir='ltr'><strong>Ihid.,</strong></span> <span class='ocrx_word' id='word_1_557' title='bbox 730 5296 1034 5362; x_wconf 75' lang='lat' dir='ltr'><strong>prosperitas</strong></span> <span class='ocrx_word' id='word_1_558' title='bbox 1065 5307 1236 5341; x_wconf 79' lang='lat' dir='ltr'><strong>secum</strong></span> <span class='ocrx_word' id='word_1_559' title='bbox 1269 5292 1465 5350; x_wconf 70' lang='grc' dir='ltr'><strong>υιόὺίιι.</strong></span> 
     </span>
    </p>
   </div>
   <div class='ocr_carea' id='block_1_87' title="bbox 495 5361 1982 5429">
    <p class='ocr_par' dir='ltr' id='par_1_87' title="bbox 495 5361 1982 5429">
     <span class='ocr_line' id='line_1_88' title="bbox 495 5361 1982 5429; baseline -0.003 -11"><span class='ocrx_word' id='word_1_560' title='bbox 495 5377 517 5402; x_wconf 68' lang='grc' dir='ltr'>θ</span> <span class='ocrx_word' id='word_1_561' title='bbox 547 5366 600 5418; x_wconf 84' lang='lat' dir='ltr'><strong>P.</strong></span> <span class='ocrx_word' id='word_1_562' title='bbox 640 5361 916 5418; x_wconf 69' lang='lat' dir='ltr'><strong>Iirowerns</strong></span> <span class='ocrx_word' id='word_1_563' title='bbox 962 5364 1212 5429; x_wconf 68' lang='lat' dir='ltr'><strong>opinatur</strong></span> <span class='ocrx_word' id='word_1_564' title='bbox 1262 5363 1341 5412; x_wconf 74' lang='lat' dir='ltr'><strong>his</strong></span> <span class='ocrx_word' id='word_1_565' title='bbox 1375 5364 1545 5414; x_wconf 73' lang='lat' dir='ltr'><strong>\el&#39;iIiS</strong></span> <span class='ocrx_word' id='word_1_566' title='bbox 1580 5365 1864 5417; x_wconf 76' lang='lat' dir='ltr'><strong>cxarehum</strong></span> <span class='ocrx_word' id='word_1_567' title='bbox 1905 5361 1982 5414; x_wconf 78' lang='lat' dir='ltr'><strong>in—</strong></span> 
     </span>
    </p>
   </div>
   <div class='ocr_carea' id='block_1_88' title="bbox 425 5432 1980 5501">
    <p class='ocr_par' dir='ltr' id='par_1_88' title="bbox 425 5432 1980 5501">
     <span class='ocr_line' id='line_1_89' title="bbox 425 5432 1980 5501; baseline -0.006 -10"><span class='ocrx_word' id='word_1_568' title='bbox 425 5439 586 5490; x_wconf 88' lang='lat' dir='ltr'><strong>dicari</strong></span> <span class='ocrx_word' id='word_1_569' title='bbox 656 5437 742 5501; x_wconf 85' lang='lat' dir='ltr'><strong>qui</strong></span> <span class='ocrx_word' id='word_1_570' title='bbox 791 5451 906 5486; x_wconf 73' lang='lat' dir='ltr'><strong>enin</strong></span> <span class='ocrx_word' id='word_1_571' title='bbox 945 5432 1340 5499; x_wconf 69' lang='lat' dir='ltr'><strong>Noniophylat&#39;e</strong></span> <span class='ocrx_word' id='word_1_572' title='bbox 1384 5433 1699 5486; x_wconf 73' lang='lat' dir='ltr'><strong>dedicationi</strong></span> <span class='ocrx_word' id='word_1_573' title='bbox 1753 5435 1980 5487; x_wconf 69' lang='lat' dir='ltr'><strong>basilica:</strong></span> 
     </span>
    </p>
   </div>
   <div class='ocr_carea' id='block_1_89' title="bbox 423 5505 1980 5563">
    <p class='ocr_par' dir='ltr' id='par_1_89' title="bbox 423 5505 1980 5563">
     <span class='ocr_line' id='line_1_90' title="bbox 423 5505 1980 5563; baseline -0.006 0"><span class='ocrx_word' id='word_1_574' title='bbox 423 5507 745 5563; x_wconf 74' lang='lat' dir='ltr'><strong>interfuerit.</strong></span> <span class='ocrx_word' id='word_1_575' title='bbox 781 5511 845 5558; x_wconf 77' lang='lat' dir='ltr'><strong>At</strong></span> <span class='ocrx_word' id='word_1_576' title='bbox 875 5522 992 5556; x_wconf 81' lang='lat' dir='ltr'><strong>eotn</strong></span> <span class='ocrx_word' id='word_1_577' title='bbox 1025 5510 1238 5557; x_wconf 64' lang='grc' dir='ltr'><strong>εχει-ειη</strong></span> <span class='ocrx_word' id='word_1_578' title='bbox 1277 5505 1483 5559; x_wconf 82' lang='lat' dir='ltr'><strong>nonnisi</strong></span> <span class='ocrx_word' id='word_1_579' title='bbox 1527 5520 1610 5556; x_wconf 87' lang='lat' dir='ltr'><strong>an.</strong></span> <span class='ocrx_word' id='word_1_580' title='bbox 1645 5507 1747 5558; x_wconf 68' lang='lat'><strong>563</strong></span> <span class='ocrx_word' id='word_1_581' title='bbox 1779 5508 1980 5557; x_wconf 71' lang='lat' dir='ltr'><strong>llaven-</strong></span> 
     </span>
    </p>
   </div>
   <div class='ocr_carea' id='block_1_90' title="bbox 427 5573 1978 5643">
    <p class='ocr_par' dir='ltr' id='par_1_90' title="bbox 427 5573 1978 5643">
     <span class='ocr_line' id='line_1_91' title="bbox 427 5573 1978 5643; baseline -0.003 -12"><span class='ocrx_word' id='word_1_582' title='bbox 427 5597 506 5631; x_wconf 63' lang='lat' dir='ltr'><strong>nae</strong></span> <span class='ocrx_word' id='word_1_583' title='bbox 538 5583 723 5630; x_wconf 80' lang='lat' dir='ltr'><strong>sedere</strong></span> <span class='ocrx_word' id='word_1_584' title='bbox 753 5579 1033 5642; x_wconf 66' lang='lat' dir='ltr'><strong>impertiit,</strong></span> <span class='ocrx_word' id='word_1_585' title='bbox 1079 5590 1297 5639; x_wconf 82' lang='lat' dir='ltr'><strong>quorum</strong></span> <span class='ocrx_word' id='word_1_586' title='bbox 1331 5573 1524 5640; x_wconf 68' lang='lat' dir='ltr'><strong>primus</strong></span> <span class='ocrx_word' id='word_1_587' title='bbox 1560 5576 1652 5626; x_wconf 71' lang='lat' dir='ltr'><strong>l&#39;nit</strong></span> <span class='ocrx_word' id='word_1_588' title='bbox 1689 5575 1978 5643; x_wconf 72' lang='lat' dir='ltr'><strong>Longinus.</strong></span> 
     </span>
    </p>
   </div>
   <div class='ocr_carea' id='block_1_91' title="bbox 425 5644 1980 5710">
    <p class='ocr_par' dir='ltr' id='par_1_91' title="bbox 425 5644 1980 5710">
     <span class='ocr_line' id='line_1_92' title="bbox 425 5644 1980 5710; baseline -0.004 -10"><span class='ocrx_word' id='word_1_589' title='bbox 425 5664 571 5701; x_wconf 81' lang='lat' dir='ltr'><strong>certe</strong></span> <span class='ocrx_word' id='word_1_590' title='bbox 611 5651 869 5700; x_wconf 64' lang='lat' dir='ltr'><strong>omii&#39;i‘hns</strong></span> <span class='ocrx_word' id='word_1_591' title='bbox 919 5665 1020 5698; x_wconf 82' lang='lat' dir='ltr'><strong>non</strong></span> <span class='ocrx_word' id='word_1_592' title='bbox 1057 5648 1222 5710; x_wconf 80' lang='lat' dir='ltr'><strong>potuit</strong></span> <span class='ocrx_word' id='word_1_593' title='bbox 1257 5651 1510 5696; x_wconf 54' lang='lat' dir='ltr'><strong>interesse</strong></span> <span class='ocrx_word' id='word_1_594' title='bbox 1561 5647 1801 5697; x_wconf 60' lang='lat' dir='ltr'><strong>(&#39;(‘t&#39;itISlilE</strong></span> <span class='ocrx_word' id='word_1_595' title='bbox 1832 5644 1980 5695; x_wconf 80' lang='lat' dir='ltr'><strong>dedi-</strong></span> 
     </span>
    </p>
   </div>
   <div class='ocr_carea' id='block_1_92' title="bbox 425 5714 1978 5781">
    <p class='ocr_par' dir='ltr' id='par_1_92' title="bbox 425 5714 1978 5781">
     <span class='ocr_line' id='line_1_93' title="bbox 425 5714 1978 5781; baseline -0.003 -13"><span class='ocrx_word' id='word_1_596' title='bbox 425 5722 640 5777; x_wconf 78' lang='lat' dir='ltr'><strong>cationi,</strong></span> <span class='ocrx_word' id='word_1_597' title='bbox 675 5737 791 5770; x_wconf 82' lang='lat' dir='ltr'><strong>L&#39;Ilill</strong></span> <span class='ocrx_word' id='word_1_598' title='bbox 824 5720 992 5768; x_wconf 73' lang='lat' dir='ltr'><strong>adliui-</strong></span> <span class='ocrx_word' id='word_1_599' title='bbox 1030 5717 1296 5767; x_wconf 72' lang='lat' dir='ltr'><strong>ii;t\&#39;t3lllt:t:</strong></span> <span class='ocrx_word' id='word_1_600' title='bbox 1331 5724 1470 5767; x_wconf 72' lang='lat' dir='ltr'><strong>esset</strong></span> <span class='ocrx_word' id='word_1_601' title='bbox 1503 5714 1854 5775; x_wconf 61' lang='lat' dir='ltr'><strong>I“ortun:itus;</strong></span> <span class='ocrx_word' id='word_1_602' title='bbox 1888 5715 1978 5781; x_wconf 88' lang='lat' dir='ltr'><strong>qui</strong></span> 
     </span>
    </p>
   </div>
   <div class='ocr_carea' id='block_1_93' title="bbox 428 5786 1979 5855">
    <p class='ocr_par' dir='ltr' id='par_1_93' title="bbox 428 5786 1979 5855">
     <span class='ocr_line' id='line_1_94' title="bbox 428 5786 1979 5855; baseline -0.003 -13"><span class='ocrx_word' id='word_1_603' title='bbox 428 5804 513 5842; x_wconf 83' lang='lat' dir='ltr'><strong>an.</strong></span> <span class='ocrx_word' id='word_1_604' title='bbox 704 5799 790 5842; x_wconf 88' lang='lat' dir='ltr'><strong>aut</strong></span> <span class='ocrx_word' id='word_1_605' title='bbox 834 5793 893 5840; x_wconf 69' lang='lat' dir='ltr'><strong>ait</strong></span> <span class='ocrx_word' id='word_1_606' title='bbox 947 5801 1208 5840; x_wconf 85' lang='lat' dir='ltr'><strong>summum</strong></span> <span class='ocrx_word' id='word_1_607' title='bbox 1240 5789 1363 5853; x_wconf 65' lang='grc' dir='ltr'><strong>δυο,</strong></span> <span class='ocrx_word' id='word_1_608' title='bbox 1412 5789 1673 5855; x_wconf 68' lang='lat' dir='ltr'><strong>prolcrtus</strong></span> <span class='ocrx_word' id='word_1_609' title='bbox 1709 5789 1875 5841; x_wconf 81' lang='lat' dir='ltr'><strong>luerat</strong></span> <span class='ocrx_word' id='word_1_610' title='bbox 1925 5786 1979 5838; x_wconf 90' lang='lat' dir='ltr'><strong>in</strong></span> 
     </span>
    </p>
   </div>
   <div class='ocr_carea' id='block_1_94' title="bbox 2155 3193 3291 3267">
    <p class='ocr_par' dir='ltr' id='par_1_94' title="bbox 2155 3193 3291 3267">
     <span class='ocr_line' id='line_1_95' title="bbox 2155 3193 3291 3267; baseline -0.001 -20"><span class='ocrx_word' id='word_1_611' title='bbox 2155 3197 2272 3260; x_wconf 87' lang='lat' dir='ltr'><strong>Quo</strong></span> <span class='ocrx_word' id='word_1_612' title='bbox 2301 3195 2414 3248; x_wconf 87' lang='lat' dir='ltr'><strong>sine</strong></span> <span class='ocrx_word' id='word_1_613' title='bbox 2444 3203 2602 3247; x_wconf 90' lang='lat' dir='ltr'><strong>nocte</strong></span> <span class='ocrx_word' id='word_1_614' title='bbox 2621 3201 2804 3267; x_wconf 27' lang='lat' dir='ltr'><strong>‘manet</strong></span> <span class='ocrx_word' id='word_1_615' title='bbox 2823 3193 3129 3246; x_wconf 74' lang='lat' dir='ltr'><strong>continuata</strong></span> <span class='ocrx_word' id='word_1_616' title='bbox 3161 3193 3291 3247; x_wconf 89' lang='lat' dir='ltr'><strong>dies.</strong></span> 
     </span>
    </p>
   </div>
   <div class='ocr_carea' id='block_1_95' title="bbox 2080 3283 3352 3352">
    <p class='ocr_par' dir='ltr' id='par_1_95' title="bbox 2080 3283 3352 3352">
     <span class='ocr_line' id='line_1_96' title="bbox 2080 3283 3352 3352; baseline -0.002 -13"><span class='ocrx_word' id='word_1_617' title='bbox 2080 3285 2272 3339; x_wconf 90' lang='lat' dir='ltr'><strong>Invitat</strong></span> <span class='ocrx_word' id='word_1_618' title='bbox 2304 3284 2451 3338; x_wconf 91' lang='lat' dir='ltr'><strong>locus</strong></span> <span class='ocrx_word' id='word_1_619' title='bbox 2475 3285 2587 3352; x_wconf 88' lang='lat' dir='ltr'><strong>ipse</strong></span> <span class='ocrx_word' id='word_1_620' title='bbox 2618 3284 2805 3349; x_wconf 90' lang='lat' dir='ltr'><strong>Deum,</strong></span> <span class='ocrx_word' id='word_1_621' title='bbox 2825 3283 2931 3337; x_wconf 85' lang='lat' dir='ltr'><strong>sub</strong></span> <span class='ocrx_word' id='word_1_622' title='bbox 2959 3283 3077 3336; x_wconf 91' lang='lat' dir='ltr'><strong>luce</strong></span> <span class='ocrx_word' id='word_1_623' title='bbox 3106 3283 3352 3351; x_wconf 90' lang='lat' dir='ltr'><strong>perenni,</strong></span> 
     </span>
    </p>
   </div>
   <div class='ocr_carea' id='block_1_96' title="bbox 2150 3374 3429 3444">
    <p class='ocr_par' dir='ltr' id='par_1_96' title="bbox 2150 3374 3429 3444">
     <span class='ocr_line' id='line_1_97' title="bbox 2150 3374 3429 3444; baseline -0.002 -13"><span class='ocrx_word' id='word_1_624' title='bbox 2150 3376 2430 3432; x_wconf 85' lang='lat' dir='ltr'><strong>Gressibus</strong></span> <span class='ocrx_word' id='word_1_625' title='bbox 2461 3385 2518 3429; x_wconf 89' lang='lat' dir='ltr'><strong>ut</strong></span> <span class='ocrx_word' id='word_1_626' title='bbox 2547 3376 2770 3444; x_wconf 89' lang='lat' dir='ltr'><strong>placidis</strong></span> <span class='ocrx_word' id='word_1_627' title='bbox 2809 3375 2974 3428; x_wconf 83' lang='lat' dir='ltr'><strong>intret</strong></span> <span class='ocrx_word' id='word_1_628' title='bbox 3013 3374 3243 3429; x_wconf 89' lang='lat' dir='ltr'><strong>amando</strong></span> <span class='ocrx_word' id='word_1_629' title='bbox 3276 3375 3429 3429; x_wconf 88' lang='lat' dir='ltr'><strong>lares.</strong></span> 
     </span>
    </p>
   </div>
   <div class='ocr_carea' id='block_1_97' title="bbox 2079 3464 3621 3536">
    <p class='ocr_par' dir='ltr' id='par_1_97' title="bbox 2079 3464 3621 3536">
     <span class='ocr_line' id='line_1_98' title="bbox 2079 3464 3621 3536; baseline -0.001 -14"><span class='ocrx_word' id='word_1_630' title='bbox 2079 3470 2182 3536; x_wconf 81' lang='lat' dir='ltr'><strong>Qui</strong></span> <span class='ocrx_word' id='word_1_631' title='bbox 2201 3469 2314 3523; x_wconf 90' lang='lat' dir='ltr'><strong>loca</strong></span> <span class='ocrx_word' id='word_1_632' title='bbox 2343 3467 2441 3521; x_wconf 92' lang='lat' dir='ltr'><strong>das</strong></span> <span class='ocrx_word' id='word_1_633' title='bbox 2468 3466 2696 3536; x_wconf 88' lang='lat' dir='ltr'><strong>populis,</strong></span> <span class='ocrx_word' id='word_1_634' title='bbox 2724 3465 3005 3520; x_wconf 86' lang='lat' dir='ltr'><strong>Dominum</strong></span> <span class='ocrx_word' id='word_1_635' title='bbox 3029 3479 3374 3533; x_wconf 86' lang='lat' dir='ltr'><strong>quo.semper</strong></span> <span class='ocrx_word' id='word_1_636' title='bbox 3405 3464 3621 3533; x_wconf 87' lang='lat' dir='ltr'><strong>adorent,</strong></span> 
     </span>
    </p>
   </div>
   <div class='ocr_carea' id='block_1_98' title="bbox 2156 3556 3539 3631">
    <p class='ocr_par' dir='ltr' id='par_1_98' title="bbox 2156 3556 3539 3631">
     <span class='ocr_line' id='line_1_99' title="bbox 2156 3556 3539 3631; baseline -0.004 -14"><span class='ocrx_word' id='word_1_637' title='bbox 2156 3563 2223 3617; x_wconf 92' lang='lat' dir='ltr'><strong>Ut</strong></span> <span class='ocrx_word' id='word_1_638' title='bbox 2253 3562 2465 3630; x_wconf 90' lang='lat' dir='ltr'><strong>capiant</strong></span> <span class='ocrx_word' id='word_1_639' title='bbox 2497 3562 2730 3624; x_wconf 85' lang='lat' dir='ltr'><strong>veniam,</strong></span> <span class='ocrx_word' id='word_1_640' title='bbox 2761 3570 2817 3614; x_wconf 92' lang='lat' dir='ltr'><strong>tu</strong></span> <span class='ocrx_word' id='word_1_641' title='bbox 2849 3559 2978 3614; x_wconf 79' lang='lat' dir='ltr'><strong>lacis</strong></span> <span class='ocrx_word' id='word_1_642' title='bbox 3008 3569 3030 3596; x_wconf 72' lang='grc' dir='ltr'><strong>ε</strong></span> <span class='ocrx_word' id='word_1_643' title='bbox 3059 3573 3180 3614; x_wconf 86' lang='lat' dir='ltr'><strong>esse</strong></span> <span class='ocrx_word' id='word_1_644' title='bbox 3209 3556 3363 3631; x_wconf 86' lang='lat' dir='ltr'><strong>[ipse]</strong></span> <span class='ocrx_word' id='word_1_645' title='bbox 3391 3558 3539 3612; x_wconf 81' lang='lat' dir='ltr'><strong>viam.</strong></span> 
     </span>
    </p>
   </div>
   <div class='ocr_carea' id='block_1_99' title="bbox 2084 3650 3486 3720">
    <p class='ocr_par' dir='ltr' id='par_1_99' title="bbox 2084 3650 3486 3720">
     <span class='ocr_line' id='line_1_100' title="bbox 2084 3650 3486 3720; baseline -0.004 -12"><span class='ocrx_word' id='word_1_646' title='bbox 2084 3653 2286 3718; x_wconf 85' lang='lat' dir='ltr'><strong>Gratia,</strong></span> <span class='ocrx_word' id='word_1_647' title='bbox 2321 3668 2495 3718; x_wconf 91' lang='lat' dir='ltr'><strong>mens,</strong></span> <span class='ocrx_word' id='word_1_648' title='bbox 2532 3654 2766 3719; x_wconf 90' lang='lat' dir='ltr'><strong>animus,</strong></span> <span class='ocrx_word' id='word_1_649' title='bbox 2790 3651 3026 3719; x_wconf 87' lang='lat' dir='ltr'><strong>bonitas,</strong></span> <span class='ocrx_word' id='word_1_650' title='bbox 3058 3650 3276 3706; x_wconf 88' lang='lat' dir='ltr'><strong>dilectio</strong></span> <span class='ocrx_word' id='word_1_651' title='bbox 3305 3651 3486 3720; x_wconf 89' lang='lat' dir='ltr'><strong>plebis,</strong></span> 
     </span>
    </p>
   </div>
   <div class='ocr_carea' id='block_1_100' title="bbox 2159 3743 3400 3812">
    <p class='ocr_par' dir='ltr' id='par_1_100' title="bbox 2159 3743 3400 3812">
     <span class='ocr_line' id='line_1_101' title="bbox 2159 3743 3400 3812; baseline -0.003 -14"><span class='ocrx_word' id='word_1_652' title='bbox 2159 3746 2226 3798; x_wconf 80' lang='lat' dir='ltr'><strong>Et</strong></span> <span class='ocrx_word' id='word_1_653' title='bbox 2249 3746 2468 3811; x_wconf 85' lang='lat' dir='ltr'><strong>gradus,</strong></span> <span class='ocrx_word' id='word_1_654' title='bbox 2497 3754 2552 3797; x_wconf 85' lang='lat' dir='ltr'><strong>et</strong></span> <span class='ocrx_word' id='word_1_655' title='bbox 2581 3745 2750 3812; x_wconf 88' lang='lat' dir='ltr'><strong>pietas</strong></span> <span class='ocrx_word' id='word_1_656' title='bbox 2780 3754 2830 3797; x_wconf 92' lang='lat' dir='ltr'><strong>te</strong></span> <span class='ocrx_word' id='word_1_657' title='bbox 2856 3743 3005 3796; x_wconf 90' lang='lat' dir='ltr'><strong>dedit</strong></span> <span class='ocrx_word' id='word_1_658' title='bbox 3027 3757 3148 3797; x_wconf 90' lang='lat' dir='ltr'><strong>esse</strong></span> <span class='ocrx_word' id='word_1_659' title='bbox 3179 3753 3400 3810; x_wconf 86' lang='lat' dir='ltr'><strong>patrem.</strong></span> 
     </span>
    </p>
   </div>
   <div class='ocr_carea' id='block_1_101' title="bbox 2087 3833 3639 3904">
    <p class='ocr_par' dir='ltr' id='par_1_101' title="bbox 2087 3833 3639 3904">
     <span class='ocr_line' id='line_1_102' title="bbox 2087 3833 3639 3904; baseline -0.003 -14"><span class='ocrx_word' id='word_1_660' title='bbox 2087 3833 2423 3904; x_wconf 84' lang='lat' dir='ltr'><strong>Prosperitas</strong></span> <span class='ocrx_word' id='word_1_661' title='bbox 2442 3833 2470 3869; x_wconf 70' lang='grc' dir='ltr'><em>ά</em></span> <span class='ocrx_word' id='word_1_662' title='bbox 2497 3849 2556 3886; x_wconf 90' lang='lat' dir='ltr'><strong>se</strong></span> <span class='ocrx_word' id='word_1_663' title='bbox 2582 3842 2757 3885; x_wconf 89' lang='lat' dir='ltr'><strong>vestra</strong></span> <span class='ocrx_word' id='word_1_664' title='bbox 2783 3833 2997 3901; x_wconf 86' lang='lat' dir='ltr'><strong>probat,</strong></span> <span class='ocrx_word' id='word_1_665' title='bbox 3023 3835 3350 3902; x_wconf 60' lang='lat' dir='ltr'><strong>qumgaudia</strong></span> <span class='ocrx_word' id='word_1_666' title='bbox 3379 3834 3639 3902; x_wconf 85' lang='lat' dir='ltr'><strong>supplens,.</strong></span> 
     </span>
    </p>
   </div>
   <div class='ocr_carea' id='block_1_102' title="bbox 2156 3924 3167 3994">
    <p class='ocr_par' dir='ltr' id='par_1_102' title="bbox 2156 3924 3167 3994">
     <span class='ocr_line' id='line_1_103' title="bbox 2156 3924 3167 3994; baseline -0.003 -13"><span class='ocrx_word' id='word_1_667' title='bbox 2156 3927 2340 3981; x_wconf 90' lang='lat' dir='ltr'><strong>Intulit</strong></span> <span class='ocrx_word' id='word_1_668' title='bbox 2365 3924 2608 3994; x_wconf 80' lang='lat' dir='ltr'><strong>egregios</strong></span> <span class='ocrx_word' id='word_1_669' title='bbox 2641 3925 2707 3978; x_wconf 84' lang='lat' dir='ltr'><strong>ad</strong></span> <span class='ocrx_word' id='word_1_670' title='bbox 2738 3934 2829 3978; x_wconf 89' lang='lat' dir='ltr'><strong>tua</strong></span> <span class='ocrx_word' id='word_1_671' title='bbox 2855 3934 2976 3978; x_wconf 85' lang='lat' dir='ltr'><strong>vota</strong></span> <span class='ocrx_word' id='word_1_672' title='bbox 3003 3925 3167 3978; x_wconf 87' lang='lat' dir='ltr'><strong>viros.</strong></span> 
     </span>
    </p>
   </div>
   <div class='ocr_carea' id='block_1_103' title="bbox 2089 4013 3532 4084">
    <p class='ocr_par' dir='ltr' id='par_1_103' title="bbox 2089 4013 3532 4084">
     <span class='ocr_line' id='line_1_104' title="bbox 2089 4013 3532 4084; baseline -0.003 -10"><span class='ocrx_word' id='word_1_673' title='bbox 2089 4022 2203 4075; x_wconf 80' lang='lat' dir='ltr'><strong>Dux</strong></span> <span class='ocrx_word' id='word_1_674' title='bbox 2234 4029 2258 4056; x_wconf 77' lang='grc' dir='ltr'><strong>ο</strong></span> <span class='ocrx_word' id='word_1_675' title='bbox 2291 4018 2422 4072; x_wconf 89' lang='lat' dir='ltr'><strong>nitet</strong></span> <span class='ocrx_word' id='word_1_676' title='bbox 2451 4016 2574 4070; x_wconf 85' lang='lat' dir='ltr'><strong>hinc</strong></span> <span class='ocrx_word' id='word_1_677' title='bbox 2602 4016 2789 4081; x_wconf 90' lang='lat' dir='ltr'><strong>armis,</strong></span> <span class='ocrx_word' id='word_1_678' title='bbox 2820 4013 3106 4082; x_wconf 72' lang='lat' dir='ltr'><strong>praefectus</strong></span> <span class='ocrx_word' id='word_1_679' title='bbox 3135 4015 3342 4084; x_wconf 86' lang='lat' dir='ltr'><strong>legibus</strong></span> <span class='ocrx_word' id='word_1_680' title='bbox 3363 4015 3532 4076; x_wconf 86' lang='lat' dir='ltr'><strong>illinc;</strong></span> 
     </span>
    </p>
   </div>
   <div class='ocr_carea' id='block_1_104' title="bbox 2165 4110 3372 4182">
    <p class='ocr_par' dir='ltr' id='par_1_104' title="bbox 2165 4110 3372 4182">
     <span class='ocr_line' id='line_1_105' title="bbox 2165 4110 3372 4182; baseline -0.005 -13"><span class='ocrx_word' id='word_1_681' title='bbox 2165 4115 2434 4169; x_wconf 79' lang='lat' dir='ltr'><strong>Venerunt</strong></span> <span class='ocrx_word' id='word_1_682' title='bbox 2466 4128 2558 4181; x_wconf 86' lang='lat' dir='ltr'><strong>per</strong></span> <span class='ocrx_word' id='word_1_683' title='bbox 2588 4126 2718 4182; x_wconf 91' lang='lat' dir='ltr'><strong>quos</strong></span> <span class='ocrx_word' id='word_1_684' title='bbox 2743 4125 2986 4165; x_wconf 87' lang='lat' dir='ltr'><strong>crescere</strong></span> <span class='ocrx_word' id='word_1_685' title='bbox 3017 4110 3150 4166; x_wconf 75' lang='lat' dir='ltr'><strong>festa</strong></span> <span class='ocrx_word' id='word_1_686' title='bbox 3181 4111 3372 4166; x_wconf 87' lang='lat' dir='ltr'><strong>solent.</strong></span> 
     </span>
    </p>
   </div>
   <div class='ocr_carea' id='block_1_105' title="bbox 2089 4231 3624 4304">
    <p class='ocr_par' dir='ltr' id='par_1_105' title="bbox 2089 4231 3624 4304">
     <span class='ocr_line' id='line_1_106' title="bbox 2089 4231 3624 4304; baseline -0.007 -13"><span class='ocrx_word' id='word_1_687' title='bbox 2089 4236 2332 4303; x_wconf 84' lang='lat' dir='ltr'><strong>Galliam,</strong></span> <span class='ocrx_word' id='word_1_688' title='bbox 2362 4245 2418 4290; x_wconf 92' lang='lat' dir='ltr'><strong>ut</strong></span> <span class='ocrx_word' id='word_1_689' title='bbox 2459 4239 2572 4304; x_wconf 89' lang='lat' dir='ltr'><strong>ipse</strong></span> <span class='ocrx_word' id='word_1_690' title='bbox 2602 4235 2776 4288; x_wconf 89' lang='lat' dir='ltr'><strong>Brow.</strong></span> <span class='ocrx_word' id='word_1_691' title='bbox 2811 4233 3036 4286; x_wconf 79' lang='lat' dir='ltr'><strong>fatetur.</strong></span> <span class='ocrx_word' id='word_1_692' title='bbox 3073 4231 3240 4304; x_wconf 65' lang='lat' dir='ltr'><strong>(Nota</strong></span> <span class='ocrx_word' id='word_1_693' title='bbox 3269 4234 3439 4300; x_wconf 66' lang='lat' dir='ltr'><strong>prima</strong></span> <span class='ocrx_word' id='word_1_694' title='bbox 3464 4231 3624 4304; x_wconf 55' lang='lat' dir='ltr'><strong>cura.)</strong></span> 
     </span>
    </p>
   </div>
   <div class='ocr_carea' id='block_1_106' title="bbox 2089 4301 3622 4372">
    <p class='ocr_par' dir='ltr' id='par_1_106' title="bbox 2089 4301 3622 4372">
     <span class='ocr_line' id='line_1_107' title="bbox 2089 4301 3622 4372; baseline -0.005 -11"><span class='ocrx_word' id='word_1_695' title='bbox 2089 4339 2156 4348; x_wconf 91' lang='lat'><strong>—</strong></span> <span class='ocrx_word' id='word_1_696' title='bbox 2188 4301 2404 4371; x_wconf 85' lang='lat' dir='ltr'><strong>Ducem,</strong></span> <span class='ocrx_word' id='word_1_697' title='bbox 2435 4301 2522 4372; x_wconf 83' lang='lat' dir='ltr'><strong>qui</strong></span> <span class='ocrx_word' id='word_1_698' title='bbox 2566 4314 3016 4360; x_wconf 89' lang='lat' dir='ltr'><strong>cnnunemoratur</strong></span> <span class='ocrx_word' id='word_1_699' title='bbox 3057 4301 3091 4356; x_wconf 16' lang='lat' dir='ltr'><strong>a7</strong></span> <span class='ocrx_word' id='word_1_700' title='bbox 3120 4303 3432 4363; x_wconf 83' lang='lat' dir='ltr'><strong>Fortunato.</strong></span> <span class='ocrx_word' id='word_1_701' title='bbox 3466 4301 3622 4354; x_wconf 86' lang='lat' dir='ltr'><strong>hocin</strong></span> 
     </span>
    </p>
   </div>
   <div class='ocr_carea' id='block_1_107' title="bbox 2088 4372 3621 4443">
    <p class='ocr_par' dir='ltr' id='par_1_107' title="bbox 2088 4372 3621 4443">
     <span class='ocr_line' id='line_1_108' title="bbox 2088 4372 3621 4443; baseline -0.005 -11"><span class='ocrx_word' id='word_1_702' title='bbox 2088 4380 2346 4443; x_wconf 88' lang='lat' dir='ltr'><strong>carmine,</strong></span> <span class='ocrx_word' id='word_1_703' title='bbox 2376 4378 2676 4434; x_wconf 82' lang='lat' dir='ltr'><strong>interfuisse</strong></span> <span class='ocrx_word' id='word_1_704' title='bbox 2697 4374 3018 4428; x_wconf 86' lang='lat' dir='ltr'><strong>dedicationi</strong></span> <span class='ocrx_word' id='word_1_705' title='bbox 3050 4374 3292 4429; x_wconf 75' lang='lat' dir='ltr'><strong>basilica:</strong></span> <span class='ocrx_word' id='word_1_706' title='bbox 3321 4375 3379 4429; x_wconf 92' lang='lat' dir='ltr'><strong>S.</strong></span> <span class='ocrx_word' id='word_1_707' title='bbox 3400 4372 3621 4435; x_wconf 68' lang='lat' dir='ltr'><strong>Andreae,</strong></span> 
     </span>
    </p>
   </div>
   <div class='ocr_carea' id='block_1_108' title="bbox 2091 4445 3618 4513">
    <p class='ocr_par' dir='ltr' id='par_1_108' title="bbox 2091 4445 3618 4513">
     <span class='ocr_line' id='line_1_109' title="bbox 2091 4445 3618 4513; baseline -0.005 -13"><span class='ocrx_word' id='word_1_708' title='bbox 2091 4465 2118 4500; x_wconf 89' lang='lat' dir='ltr'><strong>a</strong></span> <span class='ocrx_word' id='word_1_709' title='bbox 2152 4449 2310 4502; x_wconf 87' lang='lat' dir='ltr'><strong>Vitali</strong></span> <span class='ocrx_word' id='word_1_710' title='bbox 2364 4448 2695 4513; x_wconf 67' lang='lat' dir='ltr'><strong>“aveﬂlICllSi</strong></span> <span class='ocrx_word' id='word_1_711' title='bbox 2745 4445 3112 4507; x_wconf 71' lang='lat' dir='ltr'><strong>exzt‘dilicattn,</strong></span> <span class='ocrx_word' id='word_1_712' title='bbox 3163 4447 3277 4499; x_wconf 79' lang='lat' dir='ltr'><strong>sive</strong></span> <span class='ocrx_word' id='word_1_713' title='bbox 3325 4453 3618 4505; x_wconf 65' lang='lat' dir='ltr'><strong>restaurata,</strong></span> 
     </span>
    </p>
   </div>
   <div class='ocr_carea' id='block_1_109' title="bbox 2090 4514 3623 4583">
    <p class='ocr_par' dir='ltr' id='par_1_109' title="bbox 2090 4514 3623 4583">
     <span class='ocr_line' id='line_1_110' title="bbox 2090 4514 3623 4583; baseline -0.003 -13"><span class='ocrx_word' id='word_1_714' title='bbox 2090 4519 2367 4573; x_wconf 84' lang='lat' dir='ltr'><strong>Narsetem</strong></span> <span class='ocrx_word' id='word_1_715' title='bbox 2391 4523 2637 4572; x_wconf 87' lang='lat' dir='ltr'><strong>comitem</strong></span> <span class='ocrx_word' id='word_1_716' title='bbox 2665 4532 2783 4571; x_wconf 88' lang='lat' dir='ltr'><strong>esse</strong></span> <span class='ocrx_word' id='word_1_717' title='bbox 2810 4515 3151 4580; x_wconf 90' lang='lat' dir='ltr'><strong>crediderim,</strong></span> <span class='ocrx_word' id='word_1_718' title='bbox 3186 4516 3276 4583; x_wconf 89' lang='lat' dir='ltr'><strong>qui</strong></span> <span class='ocrx_word' id='word_1_719' title='bbox 3307 4531 3336 4568; x_wconf 89' lang='lat' dir='ltr'><strong>a</strong></span> <span class='ocrx_word' id='word_1_720' title='bbox 3360 4514 3623 4583; x_wconf 72' lang='lat' dir='ltr'><strong>Iustiniano</strong></span> 
     </span>
    </p>
   </div>
   <div class='ocr_carea' id='block_1_110' title="bbox 2091 4581 3619 4653">
    <p class='ocr_par' dir='ltr' id='par_1_110' title="bbox 2091 4581 3619 4653">
     <span class='ocr_line' id='line_1_111' title="bbox 2091 4581 3619 4653; baseline -0.005 -12"><span class='ocrx_word' id='word_1_721' title='bbox 2091 4591 2245 4653; x_wconf 86' lang='lat' dir='ltr'><strong>iinp.,</strong></span> <span class='ocrx_word' id='word_1_722' title='bbox 2279 4600 2333 4640; x_wconf 90' lang='lat' dir='ltr'><strong>ut</strong></span> <span class='ocrx_word' id='word_1_723' title='bbox 2365 4590 2697 4641; x_wconf 87' lang='lat' dir='ltr'><strong>notissimum</strong></span> <span class='ocrx_word' id='word_1_724' title='bbox 2721 4598 2824 4651; x_wconf 83' lang='lat' dir='ltr'><strong>est,</strong></span> <span class='ocrx_word' id='word_1_725' title='bbox 2867 4586 3063 4640; x_wconf 88' lang='lat' dir='ltr'><strong>missus</strong></span> <span class='ocrx_word' id='word_1_726' title='bbox 3091 4588 3144 4638; x_wconf 89' lang='lat' dir='ltr'><strong>in</strong></span> <span class='ocrx_word' id='word_1_727' title='bbox 3175 4581 3376 4640; x_wconf 78' lang='lat' dir='ltr'><strong>Italiam</strong></span> <span class='ocrx_word' id='word_1_728' title='bbox 3404 4601 3484 4638; x_wconf 89' lang='lat' dir='ltr'><strong>an.</strong></span> <span class='ocrx_word' id='word_1_729' title='bbox 3511 4581 3619 4646; x_wconf 85' lang='lat' dir='ltr'><strong>55I,</strong></span> 
     </span>
    </p>
   </div>
   <div class='ocr_carea' id='block_1_111' title="bbox 2092 4657 3619 4726">
    <p class='ocr_par' dir='ltr' id='par_1_111' title="bbox 2092 4657 3619 4726">
     <span class='ocr_line' id='line_1_112' title="bbox 2092 4657 3619 4726; baseline -0.001 -20"><span class='ocrx_word' id='word_1_730' title='bbox 2092 4660 2155 4710; x_wconf 82' lang='lat' dir='ltr'><strong>ad</strong></span> <span class='ocrx_word' id='word_1_731' title='bbox 2188 4659 2544 4726; x_wconf 68' lang='lat' dir='ltr'><strong>OalrogOIhOS</strong></span> <span class='ocrx_word' id='word_1_732' title='bbox 2591 4657 2958 4719; x_wconf 76' lang='lat' dir='ltr'><strong>debellandos,</strong></span> <span class='ocrx_word' id='word_1_733' title='bbox 3003 4657 3274 4710; x_wconf 67' lang='lat' dir='ltr'><strong>Ravennae</strong></span> <span class='ocrx_word' id='word_1_734' title='bbox 3304 4658 3548 4719; x_wconf 84' lang='lat' dir='ltr'><strong>residere,</strong></span> <span class='ocrx_word' id='word_1_735' title='bbox 3572 4660 3619 4706; x_wconf 85' lang='lat' dir='ltr'><strong>et</strong></span> 
     </span>
    </p>
   </div>
   <div class='ocr_carea' id='block_1_112' title="bbox 2091 4727 3620 4794">
    <p class='ocr_par' dir='ltr' id='par_1_112' title="bbox 2091 4727 3620 4794">
     <span class='ocr_line' id='line_1_113' title="bbox 2091 4727 3620 4794; baseline -0.002 -14"><span class='ocrx_word' id='word_1_736' title='bbox 2091 4729 2343 4786; x_wconf 71' lang='lat' dir='ltr'><strong>Basilii-az.</strong></span> <span class='ocrx_word' id='word_1_737' title='bbox 2399 4727 2465 4779; x_wconf 89' lang='lat' dir='ltr'><strong>de</strong></span> <span class='ocrx_word' id='word_1_738' title='bbox 2508 4742 2609 4794; x_wconf 90' lang='lat' dir='ltr'><strong>qua</strong></span> <span class='ocrx_word' id='word_1_739' title='bbox 2653 4727 2737 4779; x_wconf 92' lang='lat' dir='ltr'><strong>hic</strong></span> <span class='ocrx_word' id='word_1_740' title='bbox 2784 4742 2983 4791; x_wconf 88' lang='lat' dir='ltr'><strong>sermo,</strong></span> <span class='ocrx_word' id='word_1_741' title='bbox 3026 4727 3353 4780; x_wconf 90' lang='lat' dir='ltr'><strong>dedicationi</strong></span> <span class='ocrx_word' id='word_1_742' title='bbox 3396 4728 3620 4779; x_wconf 74' lang='lat' dir='ltr'><strong>interesse</strong></span> 
     </span>
    </p>
   </div>
   <div class='ocr_carea' id='block_1_113' title="bbox 2087 4794 3621 4863">
    <p class='ocr_par' dir='ltr' id='par_1_113' title="bbox 2087 4794 3621 4863">
     <span class='ocr_line' id='line_1_114' title="bbox 2087 4794 3621 4863; baseline -0.005 -14"><span class='ocrx_word' id='word_1_743' title='bbox 2087 4797 2366 4851; x_wconf 89' lang='lat' dir='ltr'><strong>commode</strong></span> <span class='ocrx_word' id='word_1_744' title='bbox 2399 4806 2588 4863; x_wconf 70' lang='lat' dir='ltr'><strong>potuit.</strong></span> <span class='ocrx_word' id='word_1_745' title='bbox 2624 4796 2764 4847; x_wconf 89' lang='lat' dir='ltr'><strong>Idem</strong></span> <span class='ocrx_word' id='word_1_746' title='bbox 2800 4799 3010 4858; x_wconf 76' lang='lat' dir='ltr'><strong>Narses,</strong></span> <span class='ocrx_word' id='word_1_747' title='bbox 3038 4811 3322 4850; x_wconf 87' lang='lat' dir='ltr'><strong>revocatus</strong></span> <span class='ocrx_word' id='word_1_748' title='bbox 3348 4794 3621 4863; x_wconf 84' lang='lat' dir='ltr'><strong>Constanti-</strong></span> 
     </span>
    </p>
   </div>
   <div class='ocr_carea' id='block_1_114' title="bbox 2088 4861 3622 4935">
    <p class='ocr_par' dir='ltr' id='par_1_114' title="bbox 2088 4861 3622 4935">
     <span class='ocr_line' id='line_1_115' title="bbox 2088 4861 3622 4935; baseline -0.006 -14"><span class='ocrx_word' id='word_1_749' title='bbox 2088 4870 2321 4935; x_wconf 83' lang='lat' dir='ltr'><strong>nOpolim</strong></span> <span class='ocrx_word' id='word_1_750' title='bbox 2374 4861 2456 4920; x_wconf 80' lang='lat' dir='ltr'><strong>est</strong></span> <span class='ocrx_word' id='word_1_751' title='bbox 2504 4882 2643 4917; x_wconf 88' lang='lat' dir='ltr'><strong>anno</strong></span> <span class='ocrx_word' id='word_1_752' title='bbox 2673 4863 2777 4919; x_wconf 70' lang='lat'><strong>5‘58</strong></span> <span class='ocrx_word' id='word_1_753' title='bbox 2829 4867 2910 4919; x_wconf 90' lang='lat' dir='ltr'><strong>vel</strong></span> <span class='ocrx_word' id='word_1_754' title='bbox 2942 4864 3082 4935; x_wconf 15' lang='lat'><strong>567,7</strong></span> <span class='ocrx_word' id='word_1_755' title='bbox 3120 4869 3191 4917; x_wconf 91' lang='lat' dir='ltr'><strong>uti</strong></span> <span class='ocrx_word' id='word_1_756' title='bbox 3237 4876 3414 4918; x_wconf 83' lang='lat' dir='ltr'><strong>censet</strong></span> <span class='ocrx_word' id='word_1_757' title='bbox 3457 4861 3622 4935; x_wconf 65' lang='lat' dir='ltr'><strong>Pagitts</strong></span> 
     </span>
    </p>
   </div>
   <div class='ocr_carea' id='block_1_115' title="bbox 2087 4930 3618 5001">
    <p class='ocr_par' dir='ltr' id='par_1_115' title="bbox 2087 4930 3618 5001">
     <span class='ocr_line' id='line_1_116' title="bbox 2087 4930 3618 5001; baseline -0.007 -11"><span class='ocrx_word' id='word_1_758' title='bbox 2087 4930 2328 4992; x_wconf 49' lang='lat' dir='ltr'><strong>ad&#39;hunc</strong></span> <span class='ocrx_word' id='word_1_759' title='bbox 2357 4952 2553 4988; x_wconf 89' lang='lat' dir='ltr'><strong>annum</strong></span> <span class='ocrx_word' id='word_1_760' title='bbox 2583 4953 2595 4986; x_wconf 86' lang='lat'><strong>:</strong></span> <span class='ocrx_word' id='word_1_761' title='bbox 2629 4951 2784 4999; x_wconf 87' lang='lat' dir='ltr'><strong>quem</strong></span> <span class='ocrx_word' id='word_1_762' title='bbox 2817 4938 3025 5001; x_wconf 74' lang='lat' dir='ltr'><strong>excepit</strong></span> <span class='ocrx_word' id='word_1_763' title='bbox 3072 4934 3345 4999; x_wconf 69' lang='lat' dir='ltr'><strong>Longinus</strong></span> <span class='ocrx_word' id='word_1_764' title='bbox 3367 4933 3484 4998; x_wconf 88' lang='lat' dir='ltr'><strong>;qui</strong></span> <span class='ocrx_word' id='word_1_765' title='bbox 3525 4930 3618 4994; x_wconf 69' lang='lat' dir='ltr'><strong>prio</strong></span> 
     </span>
    </p>
   </div>
   <div class='ocr_carea' id='block_1_116' title="bbox 2089 5003 3618 5062">
    <p class='ocr_par' dir='ltr' id='par_1_116' title="bbox 2089 5003 3618 5062">
     <span class='ocr_line' id='line_1_117' title="bbox 2089 5003 3618 5062; baseline -0.008 0"><span class='ocrx_word' id='word_1_766' title='bbox 2089 5027 2205 5062; x_wconf 89' lang='lat' dir='ltr'><strong>mus</strong></span> <span class='ocrx_word' id='word_1_767' title='bbox 2239 5012 2430 5062; x_wconf 76' lang='lat' dir='ltr'><strong>missus</strong></span> <span class='ocrx_word' id='word_1_768' title='bbox 2479 5008 2529 5058; x_wconf 88' lang='lat' dir='ltr'><strong>in</strong></span> <span class='ocrx_word' id='word_1_769' title='bbox 2578 5006 2780 5057; x_wconf 87' lang='lat' dir='ltr'><strong>Italiam</strong></span> <span class='ocrx_word' id='word_1_770' title='bbox 2835 5013 2916 5057; x_wconf 86' lang='lat' dir='ltr'><strong>est</strong></span> <span class='ocrx_word' id='word_1_771' title='bbox 2967 5018 3088 5055; x_wconf 85' lang='lat' dir='ltr'><strong>cum</strong></span> <span class='ocrx_word' id='word_1_772' title='bbox 3139 5006 3292 5056; x_wconf 89' lang='lat' dir='ltr'><strong>titulo</strong></span> <span class='ocrx_word' id='word_1_773' title='bbox 3341 5013 3389 5055; x_wconf 85' lang='lat' dir='ltr'><strong>et</strong></span> <span class='ocrx_word' id='word_1_774' title='bbox 3443 5003 3618 5052; x_wconf 81' lang='lat' dir='ltr'><strong>honore</strong></span> 
     </span>
    </p>
   </div>
   <div class='ocr_carea' id='block_1_117' title="bbox 2087 5065 3616 5137">
    <p class='ocr_par' dir='ltr' id='par_1_117' title="bbox 2087 5065 3616 5137">
     <span class='ocr_line' id='line_1_118' title="bbox 2087 5065 3616 5137; baseline -0.01 -2"><span class='ocrx_word' id='word_1_775' title='bbox 2087 5080 2343 5137; x_wconf 75' lang='lat' dir='ltr'><strong>exordire,</strong></span> <span class='ocrx_word' id='word_1_776' title='bbox 2377 5089 2427 5130; x_wconf 89' lang='lat' dir='ltr'><strong>et</strong></span> <span class='ocrx_word' id='word_1_777' title='bbox 2463 5078 2726 5127; x_wconf 72' lang='lat' dir='ltr'><strong>Ravenna.-</strong></span> <span class='ocrx_word' id='word_1_778' title='bbox 2756 5074 2952 5126; x_wconf 88' lang='lat' dir='ltr'><strong>resedit</strong></span> <span class='ocrx_word' id='word_1_779' title='bbox 2981 5087 3143 5134; x_wconf 87' lang='lat' dir='ltr'><strong>anno,</strong></span> <span class='ocrx_word' id='word_1_780' title='bbox 3175 5082 3232 5125; x_wconf 91' lang='lat' dir='ltr'><strong>ut</strong></span> <span class='ocrx_word' id='word_1_781' title='bbox 3262 5073 3477 5134; x_wconf 85' lang='lat' dir='ltr'><strong>videtur,</strong></span> <span class='ocrx_word' id='word_1_782' title='bbox 3508 5065 3616 5131; x_wconf 83' lang='lat'><strong>568,</strong></span> 
     </span>
    </p>
   </div>
   <div class='ocr_carea' id='block_1_118' title="bbox 2087 5139 3620 5220">
    <p class='ocr_par' dir='ltr' id='par_1_118' title="bbox 2087 5139 3620 5220">
     <span class='ocr_line' id='line_1_119' title="bbox 2087 5139 3620 5220; baseline -0.01 -16"><span class='ocrx_word' id='word_1_783' title='bbox 2087 5167 2190 5220; x_wconf 94' lang='lat' dir='ltr'><strong>quo</strong></span> <span class='ocrx_word' id='word_1_784' title='bbox 2222 5147 2553 5218; x_wconf 86' lang='lat' dir='ltr'><strong>Longubardi</strong></span> <span class='ocrx_word' id='word_1_785' title='bbox 2586 5147 2634 5198; x_wconf 92' lang='lat' dir='ltr'><strong>in</strong></span> <span class='ocrx_word' id='word_1_786' title='bbox 2668 5145 2868 5220; x_wconf 76' lang='lat' dir='ltr'><strong>Italiam</strong></span> <span class='ocrx_word' id='word_1_787' title='bbox 2917 5144 3202 5220; x_wconf 27' lang='lat' dir='ltr'><strong>irrupere:</strong></span> <span class='ocrx_word' id='word_1_788' title='bbox 3231 5139 3620 5220; x_wconf 37' lang='lat' dir='ltr'><strong>lix-quibusin-</strong></span> 
     </span>
    </p>
   </div>
   <div class='ocr_carea' id='block_1_119' title="bbox 2091 5208 3621 5289">
    <p class='ocr_par' dir='ltr' id='par_1_119' title="bbox 2091 5208 3621 5289">
     <span class='ocr_line' id='line_1_120' title="bbox 2091 5208 3621 5289; baseline -0.011 -15"><span class='ocrx_word' id='word_1_789' title='bbox 2091 5208 2364 5289; x_wconf 50' lang='lat' dir='ltr'><strong>t&#39;elligiturv</strong></span> <span class='ocrx_word' id='word_1_790' title='bbox 2395 5233 2626 5287; x_wconf 84' lang='lat' dir='ltr'><strong>tempus,</strong></span> <span class='ocrx_word' id='word_1_791' title='bbox 2657 5230 2760 5282; x_wconf 90' lang='lat' dir='ltr'><strong>quo</strong></span> <span class='ocrx_word' id='word_1_792' title='bbox 2789 5213 2982 5289; x_wconf 67' lang='lat' dir='ltr'><strong>Narses</strong></span> <span class='ocrx_word' id='word_1_793' title='bbox 3013 5213 3065 5265; x_wconf 90' lang='lat' dir='ltr'><strong>in</strong></span> <span class='ocrx_word' id='word_1_794' title='bbox 3093 5211 3248 5289; x_wconf 61' lang='lat' dir='ltr'><strong>Italia</strong></span> <span class='ocrx_word' id='word_1_795' title='bbox 3283 5211 3425 5273; x_wconf 80' lang='lat' dir='ltr'><strong>vixit,</strong></span> <span class='ocrx_word' id='word_1_796' title='bbox 3447 5208 3621 5289; x_wconf 77' lang='lat' dir='ltr'><strong>optime</strong></span> 
     </span>
    </p>
   </div>
   <div class='ocr_carea' id='block_1_120' title="bbox 2087 5281 3618 5359">
    <p class='ocr_par' dir='ltr' id='par_1_120' title="bbox 2087 5281 3618 5359">
     <span class='ocr_line' id='line_1_121' title="bbox 2087 5281 3618 5359; baseline -0.014 -16"><span class='ocrx_word' id='word_1_797' title='bbox 2087 5281 2382 5359; x_wconf 54' lang='lat' dir='ltr'><strong>congvrnere</strong></span> <span class='ocrx_word' id='word_1_798' title='bbox 2405 5281 2521 5342; x_wconf 78' lang='lat' dir='ltr'><strong>Cttni</strong></span> <span class='ocrx_word' id='word_1_799' title='bbox 2551 5302 2637 5348; x_wconf 90' lang='lat' dir='ltr'><strong>eo,</strong></span> <span class='ocrx_word' id='word_1_800' title='bbox 2667 5281 2771 5353; x_wconf 83' lang='lat' dir='ltr'><strong>quo</strong></span> <span class='ocrx_word' id='word_1_801' title='bbox 2791 5282 3194 5359; x_wconf 78' lang='lat' dir='ltr'><strong>_el_Fortunatus</strong></span> <span class='ocrx_word' id='word_1_802' title='bbox 3214 5281 3618 5359; x_wconf 50' lang='grc' dir='ltr'><strong>Βρνειιηςξῖἀοθςεο</strong></span> 
     </span>
    </p>
   </div>
   <div class='ocr_carea' id='block_1_121' title="bbox 2090 5350 3620 5429">
    <p class='ocr_par' dir='ltr' id='par_1_121' title="bbox 2090 5350 3620 5429">
     <span class='ocr_line' id='line_1_122' title="bbox 2090 5350 3620 5429; baseline -0.012 -15"><span class='ocrx_word' id='word_1_803' title='bbox 2090 5350 2346 5429; x_wconf 63' lang='grc' dir='ltr'><strong>Ιιθιῗψιυ</strong></span> <span class='ocrx_word' id='word_1_804' title='bbox 2410 5350 3397 5429; x_wconf 57' lang='lat' dir='ltr'><strong>pra-sentaesistitnatnus_basilicam</strong></span> <span class='ocrx_word' id='word_1_805' title='bbox 3443 5350 3620 5429; x_wconf 63' lang='lat' dir='ltr'><strong>Raven-</strong></span> 
     </span>
    </p>
   </div>
   <div class='ocr_carea' id='block_1_122' title="bbox 2090 5417 3618 5493">
    <p class='ocr_par' dir='ltr' id='par_1_122' title="bbox 2090 5417 3618 5493">
     <span class='ocr_line' id='line_1_123' title="bbox 2090 5417 3618 5493; baseline -0.009 -8"><span class='ocrx_word' id='word_1_806' title='bbox 2090 5417 2305 5485; x_wconf 79' lang='lat' dir='ltr'><strong>ncnsein</strong></span> <span class='ocrx_word' id='word_1_807' title='bbox 2358 5417 2652 5483; x_wconf 63' lang='lat' dir='ltr'><strong>dedicatam</strong></span> <span class='ocrx_word' id='word_1_808' title='bbox 2705 5427 2885 5480; x_wconf 80' lang='lat' dir='ltr'><strong>fuisse.</strong></span> <span class='ocrx_word' id='word_1_809' title='bbox 2931 5425 3045 5493; x_wconf 88' lang='lat' dir='ltr'><strong>Ipse</strong></span> <span class='ocrx_word' id='word_1_810' title='bbox 3094 5423 3288 5477; x_wconf 83' lang='lat' dir='ltr'><strong>Narses</strong></span> <span class='ocrx_word' id='word_1_811' title='bbox 3337 5421 3446 5493; x_wconf 69' lang='lat' dir='ltr'><strong>Du:</strong></span> <span class='ocrx_word' id='word_1_812' title='bbox 3470 5417 3618 5474; x_wconf 74' lang='lat' dir='ltr'><strong>Italic</strong></span> 
     </span>
    </p>
   </div>
   <div class='ocr_carea' id='block_1_123' title="bbox 2087 5492 3613 5562">
    <p class='ocr_par' dir='ltr' id='par_1_123' title="bbox 2087 5492 3613 5562">
     <span class='ocr_line' id='line_1_124' title="bbox 2087 5492 3613 5562; baseline -0.009 -7"><span class='ocrx_word' id='word_1_813' title='bbox 2087 5505 2394 5555; x_wconf 85' lang='lat' dir='ltr'><strong>nominatur</strong></span> <span class='ocrx_word' id='word_1_814' title='bbox 2415 5517 2440 5552; x_wconf 90' lang='lat' dir='ltr'><strong>a</strong></span> <span class='ocrx_word' id='word_1_815' title='bbox 2466 5501 2622 5562; x_wconf 60' lang='lat' dir='ltr'><strong>Grex.</strong></span> <span class='ocrx_word' id='word_1_816' title='bbox 2651 5498 2852 5551; x_wconf 87' lang='lat' dir='ltr'><strong>Turon.</strong></span> <span class='ocrx_word' id='word_1_817' title='bbox 2894 5496 2930 5548; x_wconf 95' lang='lat' dir='ltr'><strong>I.</strong></span> <span class='ocrx_word' id='word_1_818' title='bbox 2958 5492 3015 5546; x_wconf 85' lang='lat' dir='ltr'><strong>v.</strong></span> <span class='ocrx_word' id='word_1_819' title='bbox 3052 5494 3294 5547; x_wconf 70' lang='lat' dir='ltr'><strong>Historiae</strong></span> <span class='ocrx_word' id='word_1_820' title='bbox 3326 5492 3613 5546; x_wconf 77' lang='lat' dir='ltr'><strong>Francorum</strong></span> 
     </span>
    </p>
   </div>
   <div class='ocr_carea' id='block_1_124' title="bbox 2087 5563 3619 5639">
    <p class='ocr_par' dir='ltr' id='par_1_124' title="bbox 2087 5563 3619 5639">
     <span class='ocr_line' id='line_1_125' title="bbox 2087 5563 3619 5639; baseline -0.008 -14"><span class='ocrx_word' id='word_1_821' title='bbox 2087 5589 2206 5636; x_wconf 87' lang='lat' dir='ltr'><strong>cap.</strong></span> <span class='ocrx_word' id='word_1_822' title='bbox 2236 5573 2305 5623; x_wconf 66' lang='grc' dir='ltr'><strong>ΞΟ</strong></span> <span class='ocrx_word' id='word_1_823' title='bbox 2336 5590 2350 5622; x_wconf 89' lang='lat'><strong>:</strong></span> <span class='ocrx_word' id='word_1_824' title='bbox 2380 5571 2531 5639; x_wconf 78' lang='lat' dir='ltr'><strong>cujus</strong></span> <span class='ocrx_word' id='word_1_825' title='bbox 2557 5570 2779 5636; x_wconf 86' lang='lat' dir='ltr'><strong>proinde</strong></span> <span class='ocrx_word' id='word_1_826' title='bbox 2805 5579 3073 5639; x_wconf 59' lang='lat' dir='ltr'><strong>persona},</strong></span> <span class='ocrx_word' id='word_1_827' title='bbox 3099 5575 3162 5639; x_wconf 75' lang='lat' dir='ltr'><strong>et</strong></span> <span class='ocrx_word' id='word_1_828' title='bbox 3181 5564 3408 5632; x_wconf 84' lang='lat' dir='ltr'><strong>dignitati</strong></span> <span class='ocrx_word' id='word_1_829' title='bbox 3434 5577 3492 5615; x_wconf 82' lang='lat' dir='ltr'><strong>ea</strong></span> <span class='ocrx_word' id='word_1_830' title='bbox 3510 5563 3619 5615; x_wconf 80' lang='lat' dir='ltr'><strong>cnn-</strong></span> 
     </span>
    </p>
   </div>
   <div class='ocr_carea' id='block_1_125' title="bbox 2086 5634 3617 5707">
    <p class='ocr_par' dir='ltr' id='par_1_125' title="bbox 2086 5634 3617 5707">
     <span class='ocr_line' id='line_1_126' title="bbox 2086 5634 3617 5707; baseline -0.007 -13"><span class='ocrx_word' id='word_1_831' title='bbox 2086 5634 2304 5694; x_wconf 84' lang='lat' dir='ltr'><strong>veniunt</strong></span> <span class='ocrx_word' id='word_1_832' title='bbox 2335 5634 2458 5707; x_wconf 58' lang='lat' dir='ltr'><strong>qum</strong></span> <span class='ocrx_word' id='word_1_833' title='bbox 2490 5634 2573 5693; x_wconf 78' lang='lat' dir='ltr'><strong>hic</strong></span> <span class='ocrx_word' id='word_1_834' title='bbox 2615 5655 2642 5689; x_wconf 88' lang='lat' dir='ltr'><strong>a</strong></span> <span class='ocrx_word' id='word_1_835' title='bbox 2678 5634 2966 5690; x_wconf 64' lang='lat' dir='ltr'><strong>Fortunato</strong></span> <span class='ocrx_word' id='word_1_836' title='bbox 3016 5634 3201 5707; x_wconf 80' lang='lat' dir='ltr'><strong>deillo</strong></span> <span class='ocrx_word' id='word_1_837' title='bbox 3231 5647 3617 5707; x_wconf 43' lang='lat' dir='ltr'><strong>commemorant</strong></span> 
     </span>
    </p>
   </div>
   <div class='ocr_carea' id='block_1_126' title="bbox 2088 5699 3666 5777">
    <p class='ocr_par' dir='ltr' id='par_1_126' title="bbox 2088 5699 3666 5777">
     <span class='ocr_line' id='line_1_127' title="bbox 2088 5699 3666 5777; baseline -0.011 -8"><span class='ocrx_word' id='word_1_838' title='bbox 2088 5725 2170 5769; x_wconf 86' lang='lat' dir='ltr'><strong>tur</strong></span> <span class='ocrx_word' id='word_1_839' title='bbox 2207 5731 2217 5764; x_wconf 88' lang='lat'><strong>:</strong></span> <span class='ocrx_word' id='word_1_840' title='bbox 2249 5699 2366 5764; x_wconf 62' lang='lat' dir='ltr'><strong>Diti</strong></span> <span class='ocrx_word' id='word_1_841' title='bbox 2398 5714 2520 5766; x_wconf 87' lang='lat' dir='ltr'><strong>nitet</strong></span> <span class='ocrx_word' id='word_1_842' title='bbox 2545 5711 2659 5762; x_wconf 78' lang='lat' dir='ltr'><strong>liinc</strong></span> <span class='ocrx_word' id='word_1_843' title='bbox 2689 5708 2863 5772; x_wconf 81' lang='lat' dir='ltr'><strong>armis,</strong></span> <span class='ocrx_word' id='word_1_844' title='bbox 2897 5716 3001 5761; x_wconf 85' lang='lat' dir='ltr'><strong>etc.</strong></span> <span class='ocrx_word' id='word_1_845' title='bbox 3029 5705 3304 5777; x_wconf 72' lang='lat' dir='ltr'><strong>(Secunda!</strong></span> <span class='ocrx_word' id='word_1_846' title='bbox 3329 5699 3617 5769; x_wconf 66' lang='lat' dir='ltr'><strong>cumnam.)</strong></span> <span class='ocrx_word' id='word_1_847' title='bbox 3653 5749 3666 5764; x_wconf 72' lang='lat'><strong>,</strong></span> 
     </span>
    </p>
   </div>
  </div>
