3820 6236
161 305 220 363 iis
1352 306 1849 391 MISCELLANEA.
1872 343 1945 355 —
1973 309 2102 370 Lm.
2145 313 2187 369 ι.
2554 362 2557 365 λ
3332 310 3400 374 cs

156 414 227 475 Ne
258 418 354 474 tibi
383 417 526 476 desit
554 418 760 486 honor.
800 421 1052 491 populum
1088 421 1415 480 Deusauxit
1442 425 1949 496 opimum,iA.Quo.
1965 423 2264 479 veneranda
2284 420 2364 490 pii
2388 419 2736 493 requiescunt
2761 422 2966 479 viscera
3002 422 3165 491 Petri,

215 509 313 575 Qui
347 510 484 565 vidit
510 508 731 567 sensum’
759 510 857 566 hoc
886 514 1118 568 voluisse
1149 522 1319 570 tuum.

156 599 458 673 Hysterium
488 601 611 657 ﬁdei
635 603 923 670 complevit
948 614 1069 658 vota
1099 606 1337 673 petendi,

216 692 383 757 Felix,
415 693 504 749 oui
530 693 801 760 dominus,
830 710 954 765 quae
981 698 1154 766 cupis,
1188 699 1300 767 ipsa
1333 698 1499 754 vehit.

157 786 378 843 I'lurima
407 786 595 840 divino
620 788 861 842 celebres
888 789 1147 844 solemnia
1176 790 1338 856 dono,

214 878 385 948 Atque
407 877 503 933 Dei
536 879 735 935 llorens
764 880 962 949 templa
987 880 1212 935 locando
1240 884 1389 937 colas
1412 890 1465 936 ι.

766 990 992 1049 CAPUT
1032 993 1095 1048 Il.

154 1104 222 1161 De
260 1106 451 1170 templo
477 1104 507 1144 δ
532 1106 706 1161 domiti
754 1107 993 1170 Aii‘drew,
1023 1123 1160 1171 quoa
1206 1108 1477 1176 aediﬁcavit
1532 1108 1719 1164 Vitatis

394 1176 679 1247 Episcopus
723 1176 997 1232 Ravennas
1028 1179 1460 1252 [liavenuetisis].

154 1286 425 1361 [Eamdem
481 1288 649 1343 sancti
691 1289 930 1361 _Andreai
977 1288 1247 1361 basilicam
1294 1289 1712 1361 aadillcatami'el

213 1360 633 1426 brevitempore
657 1358 952 1413 absolutam
986 1359 1148 1413 fuisse
1173 1369 1353 1413 narrat
1386 1374 1598 1415 summo
1625 1360 1719 1413 Vi-

216 1427 335 1501 tatis
362 1429 541 1501 studio
562 1443 627 1501 ac
654 1430 993 1484 liberalitate.
1019 1431 1211 1501 Sacras
1242 1432 1496 1500 reliquias
1523 1430 1717 1501 quibus

212 1498 397 1554 eadem
426 1499 655 1570 insignis
684 1509 800 1555 erat
824 1499 1112 1571 recenset.]

152 1613 392 1682 Quisquis
417 1610 485 1666 ad
507 1611 622 1666 haec
646 1614 819 1667 sancti
849 1615 1129 1668 concurris
1158 1602 1343 1668 limina
1378 1613 1584 1683 templi,

213 1705 263 1761 Si
286 1704 474 1761 venias
496 1703 751 1773 supplex,
784 1703 870 1759 hic
899 1718 1061 1773 prece
1093 1704 1262 1758 sumis
1289 1720 1467 1774 opem.

152 1795 309 1862 Quam
339 1808 493 1849 sacer
524 1792 752 1847 antistes
773 1791 963 1847 Vitatis
993 1792 1233 1847 condidit
1262 1808 1464 1859 arcem,

211 1881 457 1939 Culmine
482 1898 601 1953 qua:
627 1884 765 1938 cmlo
791 1892 812 1921 ε
840 1894 923 1939 est
953 1892 1197 1954 tempore
1225 1886 1382 1939 ducta
1416 1885 1587 1941 brevi.

154 1971 428 2037 Fundavit,
457 1974 673 2038 struxit,
706 1973 943 2039 dotavit;
970 1973 1164 2027 deinde
1191 1973 1408 2038 dicavit,

216 2062 283 2118 Et
302 2062 503 2118 meruit
534 2063 715 2132 templi
738 2064 947 2118 solvere
976 2073 1096 2118 vota
1127 2066 1232 2119 sui.

216 2184 242 2216 ⁸
266 2176 407 2233 ﬁdit.
442 2176 609 2231 Paris.
642 2194 655 2229 :

266 2255 430 2319 Atque
454 2256 550 2307 Dei
575 2255 745 2306 laudes
769 2255 949 2318 templs
970 2254 1173 2306 colenda
1198 2255 1349 2307 loces.

214 2325 243 2366 ιθ
265 2327 321 2383 lii
354 2343 463 2382 uno
504 2326 635 2381 Cod.
667 2325 785 2379 Vat.
814 2326 1007 2396 legitur
1032 2326 1111 2381 sic
1141 2327 1326 2383 titulus
1351 2325 1458 2381 iste
1483 2343 1496 2378 :
1526 2324 1719 2380 Versus

155 2396 425 2522 mamma
454 2400 621 2451 sancti
649 2397 901 2463 Andrew;
931 2396 1198 2467 mdiﬁcauit
1242 2396 1423 2452 Vitatis
1453 2396 1721 2467 episcopus

258 2482 411 2520 anna.

258 2482 411 2520 εηηα.

222 2546 245 2606 ξ
277 2535 394 2591 Duo
421 2534 589 2589 Codd.
622 2537 815 2598 ναίω..
848 2538 1065 2591 culmine
1090 2553 1206 2606 qua
1227 2537 1423 2592 Celso..

220 2602 246 2642 δ
287 2606 542 2677 Maturius
585 2616 742 2677 atque
788 2606 1042 2661 Sisennus
1088 2602 1348 2677 martyres
1389 2612 1540 2663 luere
1570 2620 1601 2661 e
1632 2605 1709 2661 Ie-

158 2674 307 2745 gione
334 2673 691 2747 VFctici,Adicti
721 2686 981 2747 martyres
1008 2673 1371 2745 Agauneiises,
1412 2677 1481 2731 de
1506 2677 1703 2747 quibus

158 2691 307 2745 gione
346 2691 532 2741 retici,
563 2691 691 2731 uicti
721 2691 899 2798 martgi

158 2745 489 2816 plura‘infra,
521 2745 612 2800 lib.
645 2760 703 2809 ti,
732 2762 783 2801 c.
812 2747 834 2797 l
886 2784 899 2800 .

227 2825 250 2852 °
293 2814 377 2871 Cl.
420 2816 880 2886 viriBaccbinius,
932 2816 984 2870 in
1031 2815 1298 2886 agnellum
1346 2818 1608 2886 Ravenn.,
1656 2818 1708 2873 in

157 2885 362 2941 observ.
402 2887 468 2940 ad
507 2885 675 2941 Vitam
718 2888 886 2940 sancti
938 2885 1266 2951 Maximiani,
1316 2898 1500 2942 censet
1547 2885 1710 2943 JOan-

158 2970 293 3021 nem,
313 2956 412 3026 Ade
454 2970 569 3026 quo,
597 2954 680 3009 bic
712 2955 1058 3020 Fortunatus,
1092 2957 1460 3011 Ravennatem
1492 2960 1705 3026 cpisco-

160 3042 274 3105 pnni
304 3024 493 3105 fuisse2
538 3025 711 3105 illum,
756 3029 861 3105 qui
902 3026 1139 3105 proxime
1167 3026 1305 3105 sedit
1348 3024 1707 3105 post'lfetrum

158 3096 449 3166 Seniorem.
477 3095 596 3166 ipse
618 3094 929 3166 Baccbinius
950 3094 1166 3166 insuper
1188 3096 1433 3162 opinatur
1459 3096 1707 3162 Vitalem,
1740 3105 1786 3166 ε

158 3179 184 3217 a
223 3180 326 3231 quo
380 3162 659 3217 Basilicam
707 3164 872 3217 sancti
920 3164 1145 3217 Andreae
1196 3166 1578 3218 exatdilicatam
1622 3167 1706 3220 liic

158 3232 311 3288 refert
356 3232 698 3296 Fortunatus,
731 3249 834 3286 non
858 3233 1068 3302 quidem
1093 3234 1401 3302 episcOpum
1433 3234 1698 3289 Ravennae

159 3302 352 3368 fuisse,
398 3304 493 3357 sed
538 3303 709 3357 solum
764 3303 1122 3356 Ravennatem
1140 3310 1366 3372 ipatria,
1414 3313 1461 3357 et
1507 3306 1705 3372 episco-

228 3389 277 3426 η
322 3374 613 3444 cujuspiani
660 3388 723 3426 ea:
761 3374 1073 3436 dimcesibiis,
1126 3371 1428 3444 Ravennati,
1456 3371 1709 3444 metropo-

178 3445 255 3497 ἕως
294 3446 563 3515 subjectis,
576 3443 674 3515 qui
718 3448 767 3515 et
812 3444 919 3512 ipse
945 3444 1058 3495 divo
1104 3444 1318 3496 Andrca:
1353 3443 1529 3515 (edem,
1561 3462 1705 3515 egre-

156 3515 284 3581 giam
303 3512 611 3574 condiderit,
632 3512 1004 3579 dedicaritque,
1019 3523 1063 3564 et
1080 3529 1111 3563 a
1134 3517 1455 3579 metropolita
1483 3512 1707 3568 obtinue-

155 3581 218 3633 rit
252 3581 498 3648 reliquias
536 3590 819 3645 enarratas,
858 3596 1132 3649 earumque
1178 3584 1452 3633 solemnem
1500 3582 1555 3633 in
1587 3598 1705 3637 suos

157 3649 345 3703 loculos
367 3650 755 3703 translationem
774 3690 789 3712 ,
818 3648 1258 3703 intervenientibus
1282 3650 1591 3704 Ravennatis
1617 3670 1705 3720 po-

154 3721 257 3791 puli
279 3720 595 3791 proceijbus,
632 3734 912 3790 magnaque
939 3721 1264 3787 ﬁnitimorum
1291 3721 1595 3791 frequentia,
1627 3739 1704 3777 ce-

156 3788 378 3845 lebrant.
440 3789 576 3844 Eum
623 3788 753 3845 vero
802 3793 1227 3858 metropolitani,
1280 3788 1308 3841 a
1358 3788 1466 3859 quo
1519 3793 1704 3846 Vitalis

153 3861 424 3930 reliquias,
449 3862 503 3913 in
536 3861 638 3911 isto
662 3863 1135 3930 carmine‘relatas,
1158 3859 1405 3930 obtinuit,
1438 3861 1601 3914 fuisse
1634 3865 1705 3928 ip-

152 3927 579 3990 sum'Joannem,
608 3927 699 3996 qui
746 3936 864 3996 post
892 3927 1102 3981 Petrum
1151 3929 1428 3982 Seniorem
1474 3927 1705 3985 tenuisse

154 3999 331 4054 sedem
364 3996 765 4051 Ravennensem
794 3996 1004 4066 legitur.

220 4067 415 4121 Verum
443 4075 500 4120 et
528 4080 624 4135 ego
654 4065 870 4119 minime
898 4065 1121 4121 fortasse
1165 4082 1469 4123 recusarem
1502 4069 1552 4123 in
1584 4085 1704 4125 eru-

152 4136 396 4191 ditissimi
431 4136 528 4189 viri
567 4138 646 4191 ire
683 4136 1019 4203 sententiam,
1052 4140 1097 4190 si
1127 4149 1217 4191 aut
1239 4139 1529 4192 verisimile
1558 4141 1705 4194 vide-

150 4218 292 4262 retur
322 4207 670 4278 Fortunatum
699 4207 1002 4261 nominasse
1037 4208 1261 4278 Vitalem
1294 4213 1466 4277 potius
1494 4224 1558 4261 ex
1608 4225 1704 4278 pa-

152 4279 262 4333 tria:
289 4293 448 4345 quam
477 4292 541 4332 ex
572 4276 717 4331 sedis
740 4292 895 4345 quam
927 4277 1137 4330 tenebat
1166 4276 1379 4332 nomine
1421 4276 1700 4332 ltaveniia-

152 4358 254 4402 teni
295 4352 629 4416 episcopum,
661 4351 987 4417 reclamante
1015 4350 1175 4417 totius
1204 4349 1484 4417 vetustatis
1510 4352 1700 4417 (quan-

150 4427 256 4470 tum
299 4415 400 4486 ego
439 4415 651 4484 quidem
696 4415 905 4482 assequi
953 4416 1119 4485 potui)
1166 4415 1573 4481 consuetudine,
1612 4428 1704 4472 aut

149 4488 355 4540 ostendi
406 4498 585 4553 posset
631 4486 733 4537 hoc
763 4498 944 4551 poema
976 4499 1231 4553 scripium
1262 4486 1427 4540 fuisse
1452 4501 1481 4538 a
1514 4486 1702 4542 Fortu-

150 4565 273 4624 nato
299 4569 424 4608 cum
461 4556 572 4623 iam
594 4554 809 4621 degeret
836 4555 887 4606 in
916 4553 1106 4624 Gallia,
1139 4571 1244 4624 quo
1273 4568 1584 4624 pervenerat
1613 4574 1701 4612 an.

147 4622 272 4695 b633,
293 4626 382 4679 Vel
405 4622 475 4677 ad
500 4638 765 4678 summum
795 4638 884 4695 an.
916 4623 1040 4688 566,
1073 4637 1129 4679 ut
1152 4622 1360 4680 ostendi
1388 4628 1437 4679 in
1463 4626 1704 4695 ejusdem

148 4693 287 4765 Vita,
322 4709 472 4765 num.
515 4694 585 4765 26
610 4702 665 4747 et
693 4707 807 4761 seq.
838 4694 1071 4748 Joannes
1103 4711 1250 4762 vero,
1296 4698 1385 4764 qui
1425 4693 1561 4749 sedit
1587 4709 1707 4765 post

148 4764 362 4821 Petrum
405 4764 703 4828 Seniorem,
735 4777 841 4816 non
887 4766 1023 4816 rexit
1064 4766 1358 4820 Ecclesiam
1391 4764 1707 4822 Haveni’ien-

147 4844 256 4888 serti
294 4845 420 4889 ante
462 4850 550 4888 an.
600 4834 731 4901 575,
780 4834 897 4902 ipso
937 4833 1235 4889 allirinante
1282 4836 1586 4889 Bacchiniu.
1637 4840 1705 4892 At

148 4903 390 4980 profeCto
432 4904 688 4980 credibile
728 4913 986 4980 nonest,
1011 4909 1279 4972 praecipue
1309 4914 1414 4958 tam
1448 4911 1707 4980 procello-

148 4973 238 5038 sis,
269 4986 337 5026 ac
366 4974 586 5043 turbidis
628 4973 986 5042 temporibus,‘
1021 4988 1051 5026 a
1094 4990 1358 5043 quoquam
1389 4977 1701 5043 amicorum,

146 5044 199 5097 in
227 5043 380 5097 Italia
402 5041 1128 5112 degentiuin,'compellatuni
1152 5049 1312 5100 tuisse
1334 5041 1704 5113 Fortunatam,

149 5122 204 5165 ut
247 5124 466 5166 carmen
505 5113 766 5167 scriberet
790 5116 841 5166 in
869 5113 1254 5169 dedicatiOnem
1286 5115 1514 5169 basilicae
1542 5116 1704 5180 illius,

147 5182 440 5250 praesertim
470 5197 590 5234 eum
622 5182 737 5250 ipse
768 5183 836 5236 ab
862 5183 1010 5236 ltalia
1041 5188 1130 5240 diu
1161 5189 1312 5240 exsul
1359 5186 1486 5238 illud
1525 5201 1704 5242 secum

146 5260 588 5323 conquereretur,
611 5252 647 5303 Ι.
681 5267 773 5316 vii,
795 5267 844 5306 c.
873 5253 933 5305 11
962 5269 975 5304 :

266 5342 425 5396 Exsul
447 5346 506 5393 ab
528 5343 666 5408 Italia
689 5355 814 5392 nono
839 5350 951 5405 puto
970 5344 1127 5393 t'olvor
1145 5347 1208 5398 ab
1231 5358 1372 5408 anno,

331 5408 528 5456 Litteris
543 5406 727 5459 .Ocesni
745 5414 1052 5465 contiguante
1073 5410 1193 5457 salo.

265 5468 511 5537 Temppra
534 5466 829 5537 totiugiuot,
841 5476 894 5516 et
908 5466 1061 5515 adhuc
1079 5482 1172 5537 per
1190 5474 1367 5531 scripta
1380 5478 1649 5537 parentum,

327 5527 503 5580 Nullus
520 5531 583 5580 ab
605 5527 820 5578 exclusis
834 5539 913 5576 uie
935 5527 1176 5581 recreavit
1198 5527 1342 5594 apex.

216 5601 286 5656 At
312 5615 446 5655 vero
466 5602 655 5669 siquis
700 5602 886 5657 litteris
934 5598 1281 5657 Fortunatum
1328 5604 1558 5664 salutare
1610 5612 1706 5665 ab-

149 5683 356 5729 sentem
380 5669 645 5748 debebat,
678 5672 722 5727 is
752 5673 936 5748 fuisset
960 5672 1218 5748 quispiam
1244 5688 1312 5748 ex
1349 5679 1658 5748 propinquis
1685 5700 1699 5747 ;

151 5741 450 5805 mserum
479 5755 622 5809 cum,
654 5752 710 5798 ut
734 5744 837 5799 alio
864 5742 977 5797 loco
1001 5756 1177 5799 narrat
1206 5741 1511 5816 idein'ipse,
1543 5741 1706 5805 Mater

1894 516 1991 580 Qui
2019 512 2215 567 meruit
2244 513 2389 567 solus
2412 512 2563 567 clave
2595 513 2761 584 ligare
2793 518 2968 581 polos.

1823 606 2024 663 Paulus
2048 608 2339 677 apostolica
2365 606 2524 661 simul
2553 608 2654 661 liac
2682 606 2943 661 retinetur
2973 608 3025 661 in
3055 608 3197 676 aula,

1904 699 2167 755 Seductor
2190 698 2478 768 quondam,
2507 698 2599 766 qui
2634 698 2791 752 modo
2821 701 3006 752 dor-tor
3030 708 3174 754 ovat.

1832 789 1981 844 Hanc
2006 804 2160 844 sacer
2191 789 2433 844 Andreas
2467 790 2732 858 propriam
2782 788 2882 842 sibi
2925 789 3159 844 vindicat
3189 806 3396 860 arcem,

1897 880 1962 933 Et
1986 894 2107 934 cum
2137 878 2301 934 fratre
2328 879 2420 948 pio
2447 863 2763 948 participaui
2788 880 2947 949 regit.

1824 970 1949 1025 Htec
1974 985 2067 1025 sua
2104 980 2243 1047 tecta
2273 970 2445 1038 replet
2472 970 2794 1029 Laurentius
2822 972 2941 1040 igne
2973 986 3184 1039 sereno,

1891 1060 1987 1114 Cui
2016 1060 2107 1127 pia“
2131 1060 2343 1115 ﬂamma
2371 1061 2517 1115 dedit
2549 1062 2664 1115 luce
2692 1076 2925 1129 perenne
2950 1063 3110 1117 diem.

1822 1150 1978 1205 Vitali
2011 1151 2199 1205 domus
2230 1152 2330 1206 ista
2363 1152 2565 1222 placet,
2604 1154 2695 1221 qni
2727 1156 2878 1208 vivus
2907 1156 3082 1211 arenis

1893 1241 2147 1298 Defessus
2176 1244 2369 1299 meruit
2401 1245 2625 1312 perdere
2654 1245 2839 1300 mortis
2869 1247 2987 1300 iter.

1824 1334 1961 1390 Sunt
1990 1336 2107 1390 loca
2136 1335 2372 1399 Martini,
2404 1335 2495 1404 qui
2525 1336 2662 1390 texit
2690 1348 2842 1392 veste
2876 1346 3169 1403 tonantem,

1894 1424 1973 1480 Ne
1994 1438 2162 1493 magis
2191 1426 2414 1495 algeret,
2442 1441 2501 1481 se
2526 1410 2759 1496 spoliare
2790 1428 2956 1485 dedit.

1824 1514 1967 1570 Ecce
1999 1514 2153 1584 Vigili
2184 1529 2277 1568 arx
2304 1524 2409 1581 est,
2442 1530 2602 1584 quem
2627 1516 2829 1571 rustica
2857 1516 3006 1571 turba
3034 1519 3257 1586 peremit
3282 1538 3297 1574 :

1796 1644 1803 1647 -
1896 1607 2049 1661 Unde
2076 1608 2213 1661 mori
2238 1607 2426 1671 voluit,
2462 1623 2606 1661 mors
2634 1608 2800 1677 magis
2830 1609 2943 1678 ipsa
2970 1609 3121 1678 fugit.

1824 1696 2012 1750 Incolit
2041 1697 2153 1750 inec
2182 1696 2383 1766 pariter
2413 1696 2669 1751 Maturius
2692 1694 2719 1734 ά
2750 1706 2908 1766 atque
2936 1698 3192 1754 Sisennus
3218 1719 3230 1752 :

1746 1796 1797 1859 Β
1892 1785 2035 1854 Quos
2058 1800 2225 1856 genus
2253 1795 2415 1856 atque
2448 1788 2596 1851 fides,
2626 1796 2681 1842 et
2709 1782 2856 1842 tenet
2880 1804 2983 1842 una
3015 1790 3179 1845 salus.

1825 1878 2054 1935 Sanctus
2080 1878 2384 1963 Alexander
2413 1879 2643 1949 felixque
2671 1879 2867 1934 Cecilia
2898 1878 3097 1949 pollent
3127 1899 3138 1933 :

1895 1971 2040 2037 Quos
2068 1971 2272 2023 meritis
2297 1984 2483 2024 omnes
2513 1986 2615 2023 una
2643 1986 2839 2025 corona
2870 1983 3070 2026 manet.

1828 2066 1852 2093 θ
1874 2062 1998 2116 Haec
2024 2061 2196 2115 bonus
2224 2060 2499 2125 antistes,‘
2521 2061 2673 2115 Vitali
2704 2070 2946 2131 urgente,
2976 2064 3232 2132 Joannes,

1822 2170 1919 2225 sibi
1952 2181 1998 2225 et
2036 2187 2177 2225 soror
2229 2166 2452 2238 viv'eret,
2481 2181 2533 2226 et
2554 2172 2707 2242 longa
2753 2180 2989 2240 nepotum
3040 2176 3193 2229 series
3263 2189 3384 2233 cum

1824 2251 2024 2315 tamen,
2055 2243 2255 2296 exclusi
2295 2243 2555 2296 bellorum
2597 2244 2924 2307 tumultibus,
2954 2243 3084 2297 nihil
3112 2246 3178 2299 ad
3205 2245 3381 2315 ipsum

1824 2312 2116 2367 litterarum
2148 2326 2337 2366 novem
2366 2327 2623 2366 annorum
2652 2315 2827 2381 spatio
2855 2315 3146 2369 misissent.
3176 2312 3382 2371 Deinde

1828 2382 1931 2437 lioc
1979 2386 2030 2436 in
2078 2384 2317 2448 carmine
2361 2382 2579 2437 Fortun.
2629 2398 2688 2437 se
2728 2400 2829 2437 non
2862 2384 3061 2438 indicat
3107 2386 3381 2443 absentem

1826 2466 1968 2515 esse.
1999 2453 2137 2521 quod
2167 2452 2239 2506 illi
2271 2453 2508 2506 solemne
2535 2455 2665 2507 alias
2695 2453 2809 2519 fuit,
2844 2469 2941 2509 nec
2965 2456 3213 2511 absentes
3241 2471 3390 2512 com-

1823 2523 2009 2595 pellat,
2058 2532 2111 2595 et
2139 2535 2233 2595 eos
2262 2523 2381 2576 huic
2411 2525 2729 2577 dedicationi
2757 2525 3068 2595 interfuisse
3106 2527 3253 2592 dicit,
3296 2525 3385 2593 qui

1820 2592 2015 2661 mirum
2068 2592 2127 2661 si,
2168 2593 2356 2644 absens
2411 2607 2569 2646 nosse
2622 2594 2795 2661 potuit
2843 2596 2984 2660 quod
3038 2592 3373 2651 interessent.

1813 2660 2094 2734 Postremo
2118 2660 2218 2734 hoc
2240 2675 2428 2734 poema
2452 2664 2604 2734 tanti
2623 2660 2754 2734 ’noa
2784 2677 2904 2734 esse
2931 2664 3158 2728 videtur,
3190 2682 3374 2734 quam-

1814 2730 1998 2784 obrem
2042 2745 2106 2786 ex
2148 2728 2318 2784 Gallia
2360 2734 2412 2785 in
2449 2732 2651 2786 Italiam
2703 2732 2832 2785 illud
2879 2735 3116 2788 mitteret
3154 2728 3266 2791 sive
3312 2737 3381 2791 de

1813 2802 2094 2872 industria,
2122 2801 2235 2855 sive
2263 2802 2512 2855 invitatus
2538 2803 2606 2857 ab
2626 2802 2801 2872 aliquo
2827 2808 3143 2858 amicorum.

1886 2870 2149 2944 Quocirca
2178 2886 2242 2925 eo
2268 2873 2532 2931 sententia
2565 2870 2893 2942 propendeo,
2926 2885 2980 2927 ut
3013 2885 3193 2944 putem
3233 2875 3373 2931 hunc

1815 2940 2045 2995 Vitalem
2090 2943 2492 2997 Ravemiensem
2522 2940 2834 3066 epé'iisc'upum
2872 2959 2976 2998 non
3014 2940 3178 2999 alium
3212 2947 3379 3001 fuisse
3418 3000 3427 3011 ,

1815 3026 1845 3063 a
1879 3012 2221 3066 Maximiano.
2250 3014 2363 3066 aui.
2394 3028 2481 3066 an.
2512 3014 2543 3065 5
2624 3052 2640 3066 .
2688 3021 2898 3066 creatus
2944 3017 3225 3066 eniseonus
3268 3016 3375 3066 Ra-

1815 3026 1845 3063 a
1879 3012 2221 3085 Maximiano,
2241 3014 2363 3085 qui,
2394 3028 2481 3066 an.
2512 3012 2640 3085 546,
2688 3021 2898 3085 creatus
2944 3017 3225 3085 episcOpus
3268 3016 3375 3069 Ra-

1816 3081 2121 3145 vennensis,
2161 3082 2297 3133 sedit
2327 3096 2491 3149 usque
2514 3084 2580 3135 ad
2603 3095 2691 3134 an.
2719 3080 2842 3143 553,
2870 3080 3065 3152 quique
3097 3080 3368 3141 basilicam

1814 3153 1982 3205 saneti
2009 3152 2235 3204 Andreae
2262 3161 2588 3213 restaurasse
2609 3154 2676 3205 ab
2706 3155 2928 3221 Agiiello
2956 3155 3160 3209 Raven.
3191 3171 3370 3209 narra-

1814 3229 1922 3296 tur,
1953 3231 2007 3296 ut
2053 3221 2188 3296 infra
2227 3221 2463 3296 dicetur.
2519 3224 2597 3276 Ac
2640 3236 2761 3296 cum
2810 3224 2855 3296 is
2900 3222 2983 3296 [ut
3026 3226 3187 3279 refert
3236 3228 3375 3280 ident

1818 3291 2092 3365 Agnellns]
2121 3292 2354 3365 venisset
2380 3291 2920 3365 Constantinopolim;
2946 3303 3003 3365 ut
3029 3310 3221 3365 corpus
3248 3311 3374 3351 san-

1814 3362 1885 3415 cti
1917 3361 2425 3433 Andreaeaul'erret,
2475 3377 2538 3415 ac
2575 3361 2879 3418 ltaveiinam
2928 3361 3233 3433 deveheret,
3272 3380 3371 3421 nec

1811 3431 2184 3502 potuissetab
2235 3432 2555 3499 imperatore
2601 3434 3005 3502 Constantinop.
3060 3431 3365 3502 impetrare,

1809 3498 2026 3551 barbam
2065 3498 2132 3551 de
2175 3498 2402 3566 corpore
2450 3502 2685 3566 ejusdem
2708 3504 2894 3565 ~sancti
2924 3498 3150 3558 Kndreai
3178 3505 3366 3567 secuit,

1810 3567 2205 3640 ac__ltavenaam
2253 3567 2444 3621 detulit
2476 3582 2602 3640 cum
2638 3569 2753 3623 aliis
2792 3570 3028 3640 pluribus
3058 3585 3367 3627 sanctorum

1808 3636 2069 3711 reliquiis.
2102 3636 2289 3711 Neque
2312 3652 2445 3711 vero
2474 3638 2712 3693 insolens
2738 3636 2954 3693 ut'unus
3004 3644 3245 3711 idemque
3290 3645 3371 3696 vir

1812 3717 1866 3762 et
1896 3704 2080 3760 Vitatis
2108 3707 2539 3780 etMaxiniianus
2566 3711 2952 3779 appellaretur,
2982 3704 3277 3780 praesertim
3306 3727 3368 3767 ea

1812 3785 1965 3851 tritate
2006 3791 2105 3851 qua
2139 3778 2334 3851 singuli
2375 3779 2523 3851 plura
2553 3778 2893 3851 sibi-nomina
2937 3778 3283 3851 usurpabant,
3316 3793 3374 3837 ut

1810 3844 2375 3898 aiiimadvertimus’iu
2424 3847 2538 3899 Vita
2582 3848 2749 3913 Fort.,
2783 3866 2929 3903 num.
2959 3853 2992 3905 3
3020 3844 3083 3906 et-
3102 3853 3155 3904 lt.
3188 3852 3241 3905 Id
3271 3844 3369 3907 au-

1812 3922 1919 3966 tem
1940 3922 2005 3988 ut
2037 3917 2295 3988 sentiam,
2314 3926 2490 3988 movet
2519 3918 2568 3988 in
2599 3918 2784 3984 primis
2806 3918 2974 3985 ipsius
2999 3923 3201 3988 Agnelli
3227 3925 3373 3977 testi-

1808 3984 2072 4048 monium,
2103 3987 2192 4051 qui
2234 3983 2379 4037 addit
2406 3983 2778 4038 Maximianum
2810 3983 3073 4041 ecclesiam
3101 3990 3234 4043 beati
3260 3996 3371 4045 An-

1808 4055 1944 4106 dreas
1971 4056 2185 4126 appstoli
2228 4069 2344 4126 cunt
2372 4055 2509 4126 omni
2538 4055 2802 4126 diligentia
2850 4061 3099 4111 columnis
3150 4076 3377 4125 marino-

1808 4126 1908 4175 reis
1947 4123 2247 4196 stt/fulsisse,
2297 4124 2575 4193 ablatisqtte
2602 4123 2808 4181 uetustis
2836 4127 3012 4196 ligneis
3056 4132 3118 4181 de
3163 4123 3374 4185 nucibus

1808 4195 2089 4265 proconi'sis
2129 4194 2412 4265 decorasse.
2452 4196 2533 4247 Ali
2563 4210 2636 4249 eo
2672 4196 2849 4265 itaque
2877 4194 2940 4250 ἐι
2984 4201 3372 4255 dedicationem

1808 4263 2041 4339 basilicae
2059 4262 2234 4339 sancti
2260 4265 2485 4318 Aiidrea:
2508 4262 2833 4320 celebratam
2858 4268 3149 4324 verisimile
3180 4284 3279 4339 est,
3305 4272 3372 4327 de

1809 4346 1909 4399 qua
1943 4331 2028 4385 liic
2057 4330 2396 4391 Fortunatus.

1878 4402 2027 4466 Quod
2058 4416 2187 4456 vero
2234 4406 2425 4477 attinet
2471 4405 2536 4459 ad
2584 4404 2864 4471 Joannem,
2896 4407 2963 4462 de
2991 4424 3099 4477 quo
3130 4414 3231 4463 lioc
3258 4412 3376 4466 loco

1734 4459 1782 4517 Ι)
1812 4459 1990 4526 εει-ἷηο
2018 4484 2120 4537 est,
2152 4488 2257 4526 non
2294 4475 2699 4528 llavennensein
2728 4459 3091 4542 antistitem:
3114 4459 3227 4534 sed
3258 4459 3370 4535 lio:

1819 4558 2032 4617 manuni
2072 4542 2235 4595 fuisse
2264 4545 2602 4617 crediderim,
2637 4546 2860 4601 fortasse
2892 4550 3112 4617 hujusce
3142 4553 3371 4604 nominis

1822 4614 2057 4687 tertium,
2100 4628 2132 4687 a
2157 4627 2260 4687 quo
2292 4614 2500 4679 V'italis,
2531 4618 2817 4686 episcopus
2844 4614 3371 4687 jam'ltavenuensis,

1819 4695 1967 4734 sacra
2001 4682 2086 4733 illa
2114 4683 2345 4753 Lipsana
2379 4682 2695 4753 impetrarit,
2721 4682 2782 4740 in
2816 4682 3033 4744 basilica
3062 4701 3234 4751 sancti
3263 4682 3372 4745 An;

1818 4752 1960 4825 drea;
1977 4752 2283 4825 condenda.
2317 4752 2481 4810 Porro
2512 4758 2560 4809 id
2592 4759 2643 4809 in
2675 4772 2822 4811 more
2844 4759 3025 4825 fuisse,
3057 4770 3113 4813 ut
3151 4776 3181 4813 a
3214 4760 3369 4817 llum.

1818 4820 2156 4898 pontificibus
2188 4825 2423 4893 reliquiae
2459 4836 2761 4898 sanctorum
2809 4829 2875 4882 ad
2920 4820 3108 4898 templa
3161 4831 3377 4887 ditanda

1817 4895 2249 4958 postularentur,
2313 4898 2441 4948 satis
2501 4897 2734 4949 declarat
2796 4910 2946 4953 vetus
3018 4895 3232 4953 carmen
3308 4905 3376 4956 ab

1817 4964 2038 5039 Agnetis
2090 4966 2311 5017 relatum
2341 4964 2392 5017 in
2444 4964 2559 5018 Vita
2608 4966 2823 5020 Joannis
2870 4970 3105 5039 episcopi
3150 4970 3375 5037 ltaven.,

1819 5037 2335 5104 quigiiionasterium
2389 5045 2691 5090 sanctorum
2748 5037 2951 5104 Marci,
3002 5037 3271 5103 Miii'cclli,
3324 5052 3381 5097 et

1822 5100 2080 5179 Felicular
2118 5111 2451 5179 exstinxerat
2496 5124 2516 5179 γε
2572 5110 2711 5175 quod
2759 5100 3007 5174 eat-men,
3058 5126 3219 5179 supra
3261 5100 3380 5169 rival-

1819 5185 1910 5223 vas
1956 5172 2083 5225 dicti
2137 5174 2441 5228 monasterii
2491 5172 2823 5247 inscriptum,
2876 5172 3003 5234 haec
3042 5172 3202 5237 liabet
3240 5186 3379 5237 inter

1817 5250 2005 5293 czetera
2039 5259 2049 5291 :

1940 5310 2104 5386 incl-ita
2131 5313 2419 5386 prrit-fulgent
2441 5327 2710 5386 sanctorum
2738 5320 2896 5386 limina
2920 5324 3088 5386 templi

2008 5374 2169 5444 aleret,
2196 5374 2427 5444 Marcelli,
2454 5377 2777 5440 Feliculazque
2800 5384 2957 5432 simul.
2984 5427 2995 5444 ,

1939 5433 2308 5506 Potititiceslios
2334 5433 2479 5487 Itonia
2501 5445 2646 5506 cepit,
2672 5433 2773 5492 haec
2794 5454 2970 5506 martyr
2984 5433 3212 5506 'habetur;

2004 5496 2183 5546 Horum
2204 5502 2465 5559 Gregorius
2489 5496 2569 5549 dat
2593 5496 2709 5566 pipa
2732 5496 2983 5566 relliquias
3013 5523 3022 5556 :

1940 5558 2068 5631 Quas
2094 5568 2214 5631 petit
2236 5558 2436 5611 antistes
2459 5558 2919 5631 mei-itisfa.iiii.oiiue
2940 5569 3178 5631 Joannes;

2004 5621 2303 5691 Parvulaiiro
2326 5630 2755 5691 suiiimis__reild.-re
2778 5621 2899 5675 dona
2924 5639 3055 5691 parat

1893 5677 1910 5717 τ
1943 5680 1999 5734 ln
2033 5700 2133 5736 uno
2176 5677 2306 5738 de.
2343 5686 2480 5751 Vah,
2520 5686 2681 5740 Vitale
2723 5677 2949 5760 urgente,
2981 5677 3053 5747 etv
3081 5699 3361 5766 superscri-

1813 5760 1962 5823 ptum
1989 5766 2214 5822 rogante.
