3820 6236
136 346 190 406 69
664 300 671 305 ’
1297 336 1674 396 MISCELLAN

1788 376 1794 390 .
1832 365 1903 380 -—
1943 332 2069 390 LIB.
2109 333 2149 389 Ι.
3280 328 3350 388 70

252 457 362 523 Quo
395 463 421 491 ιι
455 454 588 509 nihil
618 454 861 526 egregius
889 451 1056 524 gloria
1085 452 1261 508 laudis
1291 459 1433 524 eget.

140 548 338 607 Additur
357 546 427 601 ad
450 550 721 617 specimen
745 549 892 601 locus
914 544 940 583 δ
967 545 1101 615 ipse,
1126 546 1266 615 quod
1290 546 1488 603 eminet
1510 548 1673 614 arvis,

256 639 517 707 Elatoque
542 638 688 707 jugo,
717 637 856 692 colle
880 646 1139 703 tumente,
1172 647 1318 707 patet
1344 656 1357 692 :

138 731 280 789 Altius
308 730 503 785 educto
534 727 634 784 sub
661 743 720 783 se
755 736 901 783 leuet
926 728 1107 782 omnia
1136 728 1330 798 dorso,

256 822 321 875 Et
348 834 664 890 quacunque
692 820 843 889 petit,
887 819 1136 874 deliciosa
1166 819 1315 873 videt
1346 837 1358 871 :

137 917 174 971 Δ
198 914 340 982 longe
364 912 606 975 veniens,
635 920 656 947 ο
689 910 846 964 oculo
875 908 1079 965 vicinus
1107 910 1352 971 habetur,

254 1000 499 1069 iungitur
528 1009 765 1067 aspectu,
797 1000 1116 1054 dissociante
1146 1001 1283 1054 loco.

137 1094 236 1161 Quo
260 1091 430 1147 fessus
456 1092 682 1159 rapitur,
714 1090 830 1145 visu
860 1091 1152 1157 invitante,
1186 1093 1383 1155 viator,

255 1181 310 1235 Si
340 1180 475 1248 pede
502 1179 761 1241 defecerit
782 1178 829 1245 ἀ,
856 1179 1059 1235 lumine
1085 1189 1285 1233 tractus
1314 1177 1444 1233 adit.

141 1278 250 1342 Quae
276 1273 545 1328 Placidiua
573 1280 596 1308 ο
622 1270 791 1325 sacris
820 1272 1027 1325 ornavit
1051 1268 1285 1325 culmina
1315 1268 1471 1335 velis,

258 1365 429 1434 Atque
462 1361 481 1401 ί
518 1346 931 1428 βίωιιιέθτιδηῑ,
968 1361 1052 1416 hic
1082 1358 1239 1425 facit,
1282 1359 1369 1414 illa
1400 1358 1545 1414 colit.

700 1462 935 1519 CAPUT.
967 1463 1074 1516 Vll.

138 1547 193 1600 In
217 1547 451 1599 honorem
480 1544 701 1597 basilicae
728 1544 894 1595 sancti
921 1541 1133 1594 Martini
1150 1584 1163 1602 ,
1217 1554 1369 1608 quam
1390 1541 1683 1608 aedificave-

240 1626 357 1669 ritnt
379 1612 605 1667 Basilius
636 1621 681 1665 et
706 1609 1079 1683 Baudeguudes
1105 1609 1547 1681 [Baudegundis].
1608 1616 1611 1619 ’

140 1705 419 1778 [Templum
454 1705 506 1778 in
539 1702 795 1778 honorem
827 1701 996 1778 sancti
1022 1699 1261 1765 Martini,
1291 1716 1319 1754 a
1355 1701 1571 1766 Basilio,
1625 1708 1681 1756 et

194 1770 541 1843 Baudegunde
562 1816 578 1839 ,
608 1772 723 1843 ejus
756 1770 1013 1841 conjuge,
1044 1780 1353 1843 renovatum
1384 1782 1437 1843 et
1463 1781 1669 1843 restau-

193 1842 825 1908 ratum’commemorat;
876 1843 1027 1911 aquis
1067 1856 1186 1911 qua:
1230 1842 1440 1896 aedilicii
1493 1842 1669 1897 locum

190 1916 425 1971 obrutum
458 1914 710 1969 tenebant
738 1913 842 1967 alio
869 1908 1158 1982 deductis]

136 2005 329 2069 Discite,
361 2014 387 2052 κ
408 2004 686 2068 mortales,
715 2002 873 2057 terris
901 2000 1031 2055 nihil
1057 2016 1177 2056 esse
1203 2001 1343 2071 quod
1375 2000 1551 2056 obstet

256 2094 385 2150 Cum
411 2108 566 2148 sacra
593 2093 789 2162 templa
811 2091 933 2160 Dei,
981 2092 1199 2147 ﬂumine
1229 2093 1335 2146 fixa
1369 2100 1602 2149 manent.

132 2245 257 2292 sum,
286 2227 613 2283 horribiliter
659 2222 975 2293 deformem,
1008 2237 1233 2291 eumque
1282 2224 1466 2279 osculo
1498 2239 1667 2280 sana-

138 2304 216 2355 vit.
250 2298 420 2354 Facile
440 2296 756 2352 crediderim
786 2296 887 2350 hoc
914 2296 1120 2349 Martini
1149 2293 1343 2349 factum
1370 2296 1421 2348 in
1447 2295 1673 2354 Basilica

139 2368 325 2425 Leontii
358 2372 558 2436 pictura
600 2366 771 2436 aliqua
817 2365 1455 2436 expressumiexstitisse.
1513 2366 1674 2424 Certe

135 2440 178 2494 id
206 2434 371 2491 moris
384 2438 567 2500 fuisse,
595 2446 649 2490 ut
674 2434 899 2502 Templa
917 2435 1082 2490 sacris
1108 2435 1326 2497 picturis
1351 2434 1672 2493 decoraren-

136 2518 230 2571 tur,
257 2504 382 2559 satis
403 2506 561 2558 ﬁdem
589 2504 743 2559 nobis
785 2506 905 2558 facit
935 2506 1045 2573 ipse
1080 2502 1396 2573 Fortunatus
1425 2506 1508 2573 (ut
1537 2507 1669 2562 alios

136 2577 297 2646 plures
324 2573 601 2646 omittam)
628 2589 748 2627 cum
778 2574 910 2646 alias
929 2571 967 2646 ,ς
992 2571 1220 2646 tu_m_lib.
1250 2588 1301 2646 tv
1338 2571 1469 2626 Vitia
1498 2578 1667 2646 sancti

138 2640 352 2722 :Martini,
400 2644 487 2699 ubi
535 2640 747 2722 nar-rat,
790 2640 909 2722 oleo
949 2641 1145 2722 lychni,
1176 2642 1266 2722 qui
1312 2648 1435 2695 ante
1475 2641 1669 2722 pictam

136 2717 402 2784 imaginem
474 2710 913 2784 sanctijlartiui
951 2710 1018 2784 in
1071 2711 1295 2784 basilica
1320 2780 1332 2784 _
1363 2710 1669 2778 sanctorum

135 2780 343 2840 Joannis
377 2793 431 2839 et
478 2783 628 2838 Pauli
656 2780 918 2837 Ravennae
951 2782 1186 2847 lucebat,
1215 2780 1489 2837 oculorum
1520 2784 1668 2854 πετί-

135 2855 301 2911 tudine
331 2870 386 2910 se
404 2854 570 2910 fuisse
589 2863 853 2909 sanatum.

196 2934 219 2961 ι
258 2926 317 2981 In
344 2924 502 2979 duob.
549 2922 717 2995 Codd.
772 2922 923 2988 Vat.,
973 2936 1071 2990 quo
1096 2922 1168 2976 nit
1194 2923 1463 2994 egregias,
1510 2924 1679 2995 gloria

135 2995 287 3051 laudis
319 3005 426 3065 aget
446 2994 594 3065 quod
627 2993 817 3059 placet.
1006 3059 1060 3065 η
1190 3059 1249 3065 ῃ
1407 3062 1417 3065 _

196 3066 223 3103 δ
251 3059 395 3118 ldein
444 3059 963 3129 Fortunatustcap.
987 3059 1066 3129 ω
1096 3068 1149 3113 et
1186 3059 1256 3129 QQ
1300 3060 1420 3115 libri
1461 3061 1680 3129 hujusce

134 3134 298 3204 primi,
332 3131 579 3204 describit
603 3127 1107 3204 villamjeregiuis,
1131 3136 1185 3204 et
1205 3127 1384 3183 villam
1410 3127 1680 3204 Eroemia-

137 3198 291 3266 "cum,
325 3201 451 3256 sitas
500 3202 553 3253 in
599 3212 727 3267 agro
775 3198 1188 3267 Burdegalensi,
1243 3212 1374 3267 quas
1428 3198 1679 3258 Leontius

136 3270 357 3326 aedificiis
426 3277 778 3325 exornaverat
833 3268 1399 3338 magnificentissimis.
1481 3270 1678 3326 Harum

134 3343 278 3409 igitur
309 3344 361 3395 in
384 3341 643 3401 alterutra
672 3338 958 3409 verisimile
984 3348 1070 3393 est
1088 3379 1104 3403 ,
1156 3338 1294 3394 banc
1316 3339 1415 3394 sub
1443 3338 1681 3396 Patroci-

135 3408 215 3466 nio
242 3426 301 3467 ac
331 3410 544 3465 nomine
581 3411 749 3467 sancti
787 3408 1016 3476 Martini,
1039 3409 1369 3464 Turonensis
1391 3410 1677 3479 Autistitis,

136 3483 289 3536 sedem
319 3481 483 3535 fuisse
508 3487 829 3534 exstructam
865 3481 1159 3545 prmsertim
1190 3492 1310 3532 cum
1345 3479 1555 3533 iilarum
1578 3480 1678 3534 νίι-

133 3549 285 3602 larum
315 3550 450 3603 situs
470 3590 484 3613 ,
533 3548 824 3616 positarum
856 3549 908 3616 in
947 3548 1081 3599 colle
1129 3548 1322 3600 leniter
1345 3548 1547 3601 devexo
1567 3586 1584 3611 ,
1618 3552 1681 3602 a’c

166 3615 558 3697 respicientium
603 3615 1011 3697 auntmnissimos.
1033 3630 1226 3697 agros,
1254 3619 1330 3697 ei
1358 3618 1680 3697 respondeat

149 3685 327 3743 oco‘in
374 3704 481 3757 quo
523 3685 819 3753 Basilicam,
845 3685 1024 3757 sancti,
1062 3685 1267 3757 Martini
1309 3685 1679 3757 ittmdilicatam

130 3757 284 3812 fuisse
317 3755 457 3813 idem
499 3757 824 3811 Fortunatus
868 3755 953 3808 hic
998 3756 1267 3811 describit.
1313 3756 1464 3822 Quod
1504 3766 1678 3811 autem

128 3830 283 3883 moris
330 3826 485 3891 fuerit
530 3824 791 3895 piissimis
833 3824 973 3878 illius
1014 3824 1188 3878 astatis
1233 3825 1496 3892 episcopis
1526 3824 1680 3879 villas

133 3913 251 3952 suas
305 3894 545 3952 delubris
592 3906 815 3959 ornare,
869 3905 931 3945 ac
984 3894 1237 3961 religione
1293 3895 1680 3960 quodammodo

128 3969 469 4027 communire,
522 3965 651 4017 satis
678 3960 975 4016 ostenditur
1002 3960 1246 4031 example
1286 3961 1511 4028 Nicetii,
1557 3964 1681 4030 epi-

128 4038 263 4103 scopi
294 4035 631 4088 Trevireusis
654 4072 669 4097 ,
701 4032 851 4099 cujus
877 4031 1052 4085 villam
1082 4031 1392 4087 describens
1416 4031 1680 4087 Fortuna-

129 4114 223 4167 tus,
262 4105 516 4159 sacellum
561 4103 629 4157 ibi
653 4106 883 4171 positum
907 4102 1143 4158 declarat
1168 4112 1353 4172 aperte
1385 4102 1530 4158 hisce
1561 4118 1681 4159 ver-

125 4175 283 4239 sibus,
315 4175 406 4228 lib.
437 4187 512 4240 tit,
544 4188 659 4241 cap.
694 4173 763 4225 1'2
790 4189 802 4225 :
1470 4195 1474 4200 -

234 4266 407 4316 Turris
428 4266 489 4313 ab
508 4252 712 4327 adverso
729 4274 837 4323 quae
861 4265 1072 4312 constitit
1093 4264 1235 4327 obvia
1258 4262 1413 4327 clivo,

300 4329 580 4376 Sanctorum
608 4326 737 4373 locus
761 4330 854 4383 est,
872 4335 1000 4372 arma
1020 4325 1230 4372 tenenda
1253 4326 1382 4374 viris.

189 4420 210 4448 ε
244 4409 299 4463 ln
333 4408 461 4463 Cod.
487 4407 633 4475 Vat.,
666 4423 698 4459 a
721 4408 868 4473 longe
888 4406 1179 4460 adveniens.

184 4479 211 4516 εί
242 4480 384 4532 Edit.
420 4478 565 4530 Paris
590 4518 603 4540 ,
644 4476 882 4544 defuerit;
910 4476 963 4529 in
993 4490 1183 4545 marg.,
1217 4476 1422 4545 defecit.

190 4556 214 4583 ο
247 4547 515 4600 Placidina
577 4544 783 4599 Leontii
843 4560 974 4599 uxor
1020 4544 1224 4614 fuerat,
1274 4544 1671 4616 religiosissima

121 4633 178 4672 ac
198 4617 438 4685 piissimo
462 4616 672 4669 mulier.
700 4616 828 4669 Erat
855 4616 1029 4685 illae:
1060 4618 1403 4682 imperatorio
1440 4632 1672 4685 genere,

120 4700 167 4743 ut
194 4684 406 4742 dicetur
434 4687 590 4750 infra,
626 4698 746 4754 cap.
781 4684 844 4736 15
872 4684 1093 4754 hujusce
1121 4687 1261 4741 libri.

187 4757 208 4797 ί
235 4759 373 4813 Tres
422 4755 591 4812 Codd.
645 4752 797 4820 Vah,
851 4764 905 4811 et
954 4752 1085 4809 Ven.
1144 4756 1272 4812 edit.
1328 4758 1674 4827 certantesque

118 4829 283 4882 simul.

186 4906 209 4944 s
238 4897 299 4950 In
327 4897 460 4951 Ven.
482 4896 615 4952 edit.

234 4986 450 5047 Discite,
468 4984 713 5045 mortales,
738 4982 855 5033 nihil
876 4992 950 5034 est
968 4983 1094 5045 quod
1112 4985 1276 5036 obstet
1299 4986 1494 5035 amanti.
1504 5024 1522 5050 ,

196 5068 227 5108 ιι
254 5069 580 5139 Fortunatus
599 5068 653 5121 in
673 5064 1067 5139 funusbujusce
1095 5067 1278 5139 Basilii
1311 5069 1524 5136 scripsit
1554 5070 1677 5139 Epi-

119 5142 370 5209 taphium,
420 5137 561 5208 quod
589 5146 761 5209 eruat
788 5136 881 5192 lib.
923 5135 1002 5202 iv,
1051 5151 1101 5191 c.
1140 5135 1228 5190 l8.
1276 5135 1429 5209 Inter
1456 5135 1678 5209 ceteras

117 5207 226 5277 ejus
271 5207 512 5269 virtutes,
563 5207 872 5277 religionem
922 5220 1131 5277 quoque
1177 5223 1241 5261 ac
1294 5208 1673 5265 liberalitatem

118 5275 359 5347 ejusdem
398 5280 451 5333 in
495 5275 903 5331 sacris'aadibus
929 5276 1159 5330 ditandis
1203 5281 1541 5347 commendat
1592 5280 1673 5335 bis

119 5351 357 5405 versibus
386 5369 396 5403 :

199 5444 447 5507 Ecclesia
464 5442 765 5507 ditans,_loca
789 5449 949 5507 sancta
972 5442 1207 5507 decenter
1230 5444 1498 5507 bonorans;

258 5505 814 5567 Pauperibusiribuens,
833 5505 971 5573 dives
984 5505 1045 5553 ad
1068 5513 1195 5553 astra
1218 5510 1366 5554 subit.

118 5602 190 5655 An
209 5612 346 5653 vero
391 5597 473 5649 hic
503 5596 658 5650 fuerit
687 5594 909 5648 Basilius
948 5596 1035 5648 ille
1057 5596 1187 5649 civis
1231 5596 1577 5652 Pictavieusis
1604 5599 1670 5651 de

117 5685 217 5737 quo
242 5666 411 5745 Greg.
454 5665 681 5731 Turou.,
733 5664 863 5745 Hist.
910 5662 1100 5745 graue.
1135 5668 1249 5745 .lib.
1292 5680 1373 5745 tv,
1427 5670 1666 5745 cap._.4ti,

117 5734 219 5819 qui,
249 5734 378 5805 cuni
406 5746 567 5800 stoici
593 5751 620 5795 tt
651 5735 884 5811 milibus
915 5734 1218 5803 Cbilperici,
1250 5744 1304 5792 et
1326 5738 1665 5791 Mummuluut

1701 4453 1753 4512 D

1704 457 1756 519 Α
1782 451 2005 507 Pulchra
2039 465 2134 520 per
2161 446 2414 519 angustos
2442 458 2504 503 ut
2534 424 2782 521 surgeret
2810 451 2932 507 aul‘a
2961 459 3189 518 meatus,

1849 544 1914 597 Et
1940 542 1983 596 si
2016 557 2169 607 mons
2195 542 2382 610 vetuit,
2411 541 2636 610 prtebuit
2667 542 2803 597 unda
2842 544 3039 599 locum.

1780 633 1846 689 Ut
1880 633 2228 686 famularetur
2262 631 2450 685 Domni
2480 645 2609 701 vaga
2637 630 2833 701 limpba
2865 646 3131 701 supernae,

1847 728 2102 783 Cursibus
2132 727 2378 796 antiquas
2409 740 2500 779 ars
2532 741 2662 779 nova
2690 725 2864 783 subdit
2896 740 3095 795 aquas;

1779 819 1907 873 Cum
1951 818 2310 889 Baudegunde
2336 832 2445 885 quo
2478 825 2657 872 mente
2688 816 2915 872 Basilius
2938 815 2965 853 δ
2998 831 3093 873 una

1851 909 1961 987 Hoc
2000 923 2285 977 renovans,
2314 909 2548 979 priscum
2579 908 2778 973 reddit,
2814 893 3059 978 et'auget
3086 923 3239 979 opus.

1780 1000 1886 1065 Sic,
1914 998 2162 1065 Martiae,
2194 1010 2315 1055 tuus
2345 1000 2522 1056 honor
2550 1001 2761 1068 amplus
2784 1001 2991 1069 'ubique
3022 1012 3278 1068 meretur,

1855 1093 1917 1147 Ut
1945 1094 2057 1148 loca
2086 1094 2227 1148 nulla
2257 1102 2471 1161 negent,
2500 1107 2606 1162 quo
2637 1092 2652 1129 ι
2688 1092 2782 1155 tibi
2812 1094 2947 1150 festa
2990 1105 3204 1151 sonant.

1781 1184 1992 1240 Talibus
2020 1184 2210 1240 ofﬁciis
2239 1194 2485 1255 pacatus,
2516 1185 2694 1256 Opime
2721 1186 2994 1254 sacerdos,

1850 1272 2083 1341 Quorum
2118 1275 2131 1323 i
2173 1282 2297 1329 vota
2320 1260 2490 1341 vides,
2519 1274 2681 1330 redde
2708 1275 2938 1347 benigne
2962 1262 3163 1355 vicem.

2368 1385 2594 1443 CAPUT
2633 1386 2764 1442 Vill.

1852 1496 1930 1549 De
1957 1496 2166 1550 basilica
2194 1497 2357 1550 sancti
2392 1494 2644 1550 Vincentii
2670 1495 2698 1536 ι
2726 1498 2865 1568 apud
2894 1496 3211 1552 Garumnam
3234 1496 3279 1552 ι.

3310 876 3317 905 ί

1784 1610 2003 1681 [Sancti
2043 1610 2302 1681 Vincentii
2326 1609 2959 1681 AmartyrisAginuensis
2992 1621 3258 1666 certamen
3296 1619 3350 1665 et

1851 1681 2071 1748 gloriam
2104 1679 2382 1735 describit.
2426 1680 2629 1732 Leontii
2662 1679 2897 1749 episcopi
2936 1681 3345 1744 Burdegalensis

1852 1750 1904 1805 in
1936 1750 2051 1819 ejus
2086 1750 2324 1815 basilica,
2356 1751 2455 1802 sita
2487 1762 2653 1819 prope
2688 1754 2977 1817 Agit‘tnum,
3030 1751 3264 1805 ornanda
3293 1762 3347 1806 et

1698 1804 1748 1865 Β
1794 1848 1797 1849 ν
1846 1804 2133 1877 munienda
2181 1804 2405 1875 stanneo
2455 1804 2619 1881 tecto.
2670 1804 3042 1876 liberalitatem
3072 1804 3347 1877 commeti;

1844 1893 1952 1947 dat.
1978 1890 1997 1963 j
2594 1914 2597 1921 ·

1777 2002 2039 2070 Tempore
2062 2002 2168 2055 vita
2190 2002 2393 2067 brevis,
2426 2002 2634 2056 meritis
2662 2002 2721 2056 fit
2748 2000 2958 2073 longior
2986 2004 3141 2059 almis

1852 2093 2221 2162 Angustosque
2250 2092 2367 2147 dies
2398 2093 2567 2147 tendit
2593 2092 2797 2148 honore
2820 2094 2974 2150 fides.

1778 2239 1875 2309 pro
1920 2224 2606 2309 Sigibertoadvenieutem
2655 2239 2774 2309 cum
2819 2226 3055 2309 exercitu
3078 2227 3153 2309 ab
3198 2228 3347 2285 urbis

1778 2295 2022 2366 ingressu
2071 2295 2231 2350 vellet
2284 2296 2610 2366 prohibere,
2643 2298 2813 2350 victus
2867 2298 2935 2350 ab
2991 2298 3179 2352 eodem
3234 2310 3339 2365 est,

1776 2365 2241 2437 plaueincertum.
2279 2367 2537 2420 Eumdem
2590 2365 2758 2421 fuisse
2797 2366 2932 2421 forte
2984 2367 3346 2434 conjecturam

1775 2433 1847 2507 es
1871 2452 1935 2491 eo
1959 2435 2195 2507 aliquam,
2210 2433 2395 2507 facere
2427 2449 2728 2507 possumus,
2753 2436 3002 2507 quodlib.
3037 2433 3112 2502 tv,
3154 2454 3202 2492 c.
3248 2438 3335 2507 18,

1775 2521 1804 2560 a
1832 2506 2119 2560 Fortunato
2165 2505 2375 2559 dicatur
2401 2507 2450 2559 in
2480 2504 2791 2573 Hispaniam
2839 2506 3030 2561 missus
3060 2509 3223 2565 fuisse
3254 2504 3341 2564 re;

1775 2575 1861 2629 σίο
1889 2576 2129 2638 nomine,
2162 2575 2227 2629 iis
2257 2575 2434 2629 verbis
2465 2592 2477 2627 :

1901 2663 2037 2730 nunc
2047 2657 2413 2730 consultantem
2433 2661 2584 2730 legati
2609 2670 2746 2715 sorte
2762 2638 3075 2730 frequenter,

1964 2724 2090 2774 Misit
2113 2726 2173 2774 ad
2196 2723 2436 2787 Hispanos
2451 2723 2631 2774 Gallica
2651 2738 2764 2775 cura
2792 2723 2935 2776 viros.

1858 2808 1935 2863 Ex
1962 2808 2149 2877 quibus
2178 2814 2539 2888 constat-eum
2569 2808 2792 2888 publicis
2824 2809 3226 2888 negotiisiungi
3257 2827 3347 2867 so-

1787 2878 1959 2942 littttn,
1988 2888 2040 2932 et
2064 2877 2199 2947 apud
2230 2892 2354 2932 suos
2389 2877 2585 2947 illustri
2616 2880 2666 2931 in
2699 2879 2816 2933 loco
2846 2878 3027 2935 fuisse.
3060 2877 3345 2938 Jatn'veru

1786 2949 1831 3003 si
1880 2944 2188 3021 cujusquam
2242 2958 2356 3021 erat
2405 2944 2606 3021 legatos
2653 2948 2704 3003 in
2749 2949 3063 3021 Hispaniam
3109 2952 3349 3021 mittere,

1788 3027 1935 3091 certe
1958 3017 2007 3070 id
2029 3026 2142 3091 erat
2162 3018 2406 3091 maxime
2431 3018 2738 3091 Chilperici,
2769 3017 2874 3091 qui,
2900 3030 2953 3074 et
2982 3017 3342 3091 Atltanagildi,

1789 3085 2079 3157 Gothorum
2113 3087 2164 3157 in
2193 3085 2634 3157 lliﬁspaniaregis,
2656 3085 2813 3142 tiliam
2845 3089 3069 3144 duxerat
3100 3085 3339 3157 uxorem,

1784 3157 2023 3225 quamvis
2069 3154 2265 3209 infelici
2314 3154 2615 3225 nuptiarum
2667 3158 2831 3225 exitu,
2882 3170 2938 3212 ut
2969 3160 3245 3215 retulimus
3292 3154 3345 3217 in

1785 3223 1887 3299 vita
1926 3226 2221 3299 Fortunati,
2270 3240 2333 3299 υτ
2380 3223 2556 3299 45,__et
2588 3226 2749 3281 ﬁliam
2796 3223 2969 3295 suam,
3003 3227 3341 3299 Rigunthetn,

1783 3294 2149 3370 Beccbaredo,
2171 3297 2287 3370 regi
2315 3296 2440 3349 item
2470 3296 2866 3370 Hispaniarum,
2895 3294 3227 3370 Albanagildi
3255 3294 3346 3358 ne}

1784 3369 1896 3438 poti
1947 3365 2334 3438 desponderat;
2387 3371 2627 3438 quamvis
2672 3366 2783 3434 jam
2809 3368 2924 3438 lter,
2951 3372 2999 3421 in
3032 3365 3339 3438 Hispaniam

1784 3436 2039 3506 ingressa,
2088 3438 2152 3488 ad
2181 3436 2317 3506 illas
2362 3437 2572 3506 nuptias
2596 3438 2887 3506 pervenire
2914 3435 3051 3490 haud
3091 3435 3338 3506 patuerit.

1782 3503 1931 3557 Haud
1973 3504 2325 3557 inverisintile
2362 3505 2539 3571 itaque
2570 3503 3109 3570 Cbilpericum-usum
3159 3509 3341 3565 Basilii

1784 3586 1944 3640 opera
1982 3586 2044 3625 ac
2083 3572 2372 3642 diligentia,
2408 3573 2495 3638 qui
2540 3572 2802 3642 legatione
2845 3589 2939 3641 pro
2962 3589 3023 3628 se
3057 3577 3195 3639 apud
3223 3579 3343 3634 llis-

1781 3656 1949 3765 panos
1974 3642 2306 3710 fungeretur,
2361 3642 2711 3711 eamdemque
2737 3657 2833 3711 pro
2860 3642 3141 3712 Chilperici
3182 3650 3343 3715 parti-

1822 3726 1882 3765 us
1937 3713 2191 3765 adversus
2241 3712 2589 3765 Mumntulum
2633 3717 2867 3765 stetisse.
2918 3714 3073 3765 (let-te
3117 3718 3162 3765 is
3199 3720 3341 3765 regis

1822 3726 1882 3765 us
1937 3713 2191 3788 adversus
2241 3712 2589 3788 Mumntﬂulum
2633 3717 2887 3788 stetisse._
2918 3714 3073 3769 (let-te
3117 3718 3162 3771 is
3182 3712 3341 3788 'regis

1782 3796 1928 3853 amor
1976 3780 2282 3853 nominatur
2336 3797 2364 3832 a
2421 3781 2911 3853 Fortunatolaud.
2965 3788 3203 3842 carmine
3250 3780 3339 3853 f8,

1780 3850 1874 3904 lib.
1919 3866 1989 3904 tv.
2022 3848 2400 3922 (Pi-imarum;
2434 3851 2606 3922 nota.)
2636 3880 2703 3922 έ-
2728 3852 3081 3922 Reccaredus,
3117 3868 3173 3909 ut
3216 3848 3342 3913 alibi

1781 3922 2174 3996 annotavimus,
2200 3920 2344 3996 tritus
2374 3919 2470 3973 fuit
2498 3921 2849 3996 beuyichildi,
2902 3938 2994 3978 seu
3024 3919 3338 3996 Leuvigiidi,

1781 3993 1870 4062 qui
1898 3990 2249 4059 Athanagildo
2280 4000 2426 4062 patre
2468 3992 2571 4043 vita
2600 3992 2808 4062 functo,
2841 4007 3078 4062 regnum
3113 3990 3335 4062 adéptus

1782 4060 1953 4115 fuerat
1992 4076 2115 4116 cum
2157 4061 2332 4114 Leuva
2375 4061 2539 4116 fratre
2589 4075 2706 4127 suo,
2738 4060 3005 4117 et‘Leuva
3048 4060 3228 4125 morte
3246 4080 3338 4120 ex-

1782 4132 1997 4204 stincto,
2051 4139 2215 4204 toturn
2245 4132 2359 4198 ipse
2373 4144 2615 4204 _tegnum
2650 4132 2793 4188 solus
2826 4136 3014 4199 tenuit,
3047 4147 3102 4188 ut
3146 4138 3334 4204 legitur

1783 4199 1836 4252 in
1857 4199 2071 4266 epitom.
2130 4199 2327 4274 Hister.
2371 4200 2661 4274 Frauc.__n.
2707 4204 2795 4257 63.
2828 4206 2876 4274 ΑΔ
2904 4199 3222 4274 ιλυυνὶεἰιιιᾶ
3241 4206 3336 4260 ita-

1783 4281 1885 4336 que
1940 4269 2203 4336 procreati
2256 4269 2693 4341 Hertneuegildus
2724 4311 2739 4338 ,
2795 4270 2880 4341 qui
2931 4289 3026 4341 pro
3070 4269 3339 4331 catholico

1781 4341 2264 4412 dogmatemartyr
2292 4342 2445 4404 obiit,
2494 4355 2522 4393 a
2556 4340 2712 4396 Patre
2754 4340 2852 4395 suo
2899 4340 3247 4412 interfectus;
3286 4353 3342 4401 et

1785 4407 2138 4482 ﬁcccaredus,
2182 4407 2268 4482 qui
2300 4420 2575 4482 paternum
2598 4426 2817 4479 regnum
2843 4412 3086 4479 adeptus,
3119 4407 3331 4482 gentem

1782 4476 2218 4551 Wisigotthorutn
2232 4476 2589 4551 _iu_l_i_ispat_tia_,
2615 4476 2815 4551 ejurata
2832 4476 3025 4536 Aria—tta
3041 4476 3339 4551 impietate,

1776 4549 1842 4623 ad
1866 4549 2185 4623 catholicum
2213 4548 2443 4623 de_Filii
2473 4549 2749 4623 divinitate
2788 4551 2974 4623 dogma
3015 4548 3337 4623 amplecteit;

1776 4618 1901 4671 dum
1942 4618 2232 4757 copvcirtit;
2283 4617 2350 4673 de
2392 4633 2497 4688 quo
2537 4619 2626 4674 hic
2676 4617 3002 4678 sermo'est.
3063 4617 3337 4690 (Secundae

1777 4702 1911 4741 cura:
1941 4704 2002 4741 no
2027 4704 2077 4740 a.

1777 4702 1911 4741 cura:
1941 4697 2077 4741 nota.

1854 4756 1870 4829 ξ
1899 4757 1961 4829 _lu
1990 4756 2096 4829 uno
2120 4756 2250 4811 Cod.
2286 4757 2427 4823 Vat.,
2455 4759 2593 4829 quod
2624 4759 2710 4814 tibi
2739 4768 2865 4829 festa
2894 4772 3096 4817 sanant.

1851 4827 1865 4876 i
1896 4826 2030 4882 Ibid.
2060 4829 2209 4882 deest
2232 4828 2445 4883 ultimus
2467 4826 2680 4884 versus.
2739 4826 2748 4829 “
3132 4876 3141 4883 ,

1854 4894 1880 4934 ³
1913 4897 2139 4972 Sanctus
2165 4897 2490 4972 Vincentius,
2517 4897 2842 4967 Agiunensis
2867 4902 3096 4972 civitatis
3139 4910 3337 4972 martyr

1782 4968 1969 5041 fuerat,
1999 4984 2030 5022 e
2050 4969 2360 5041 bevitarum
2386 4983 2627 5033 numero,
2657 4978 2713 5023 ut
2740 4972 2904 5026 refert
2925 4971 3082 5041 Greg.
3114 4968 3338 5038 Turori.,

1781 5039 1873 5093 lib.
1905 5055 1919 5092 ι
1947 5043 2012 5093 de
2037 5038 2213 5092 Gloria
2242 5048 2559 5109 martyrum,
2581 5053 2699 5109 cap.
2734 5041 2856 5095 105.
2884 5038 3086 5106 Brovvl,
3118 5041 3171 5096 in
3206 5045 3342 5105 uotis

1780 5111 1846 5161 ad
1886 5110 2253 5175 Fortunatutn,
2293 5112 2464 5178 carpit
2496 5111 2813 5179 ltaroniunt,
2856 5113 2997 5179 quod
3049 5114 3092 5166 is
3120 5112 3343 5167 V'iuccn-

1784 5180 1910 5232 tium
1959 5180 2312 5252 Agiuuenseut
2365 5194 2483 5252 cum
2538 5179 2817 5235 Vincentio
2865 5183 3341 5252 Caesaraugustauo

1782 5249 2102 5319 confuderit,
2155 5252 2217 5302 ad
2250 5264 2336 5302 an.
2373 5249 2468 5303 ΒΜ
2502 5262 2729 5319 ,aperte
2772 5249 3185 5307 reclamantibus
3233 5265 3340 5307 tam

1780 5320 1976 5390 apertis
1999 5317 2393 5390 Greg.-Turou._
2416 5329 2470 5373 et
2502 5317 2780 5374 Fortunati
2810 5324 2974 5390 ipsius
3005 5324 3341 5379 testimoniis.

1782 5386 1877 5441 Hic
1904 5402 2054 5441 error
2078 5386 2285 5443 Barouii
2315 5388 2398 5444 vel
2449 5390 2568 5444 aliis
2610 5386 2850 5459 pluribus
2892 5398 3185 5447 communis
3213 5392 3335 5457 fuit,

3220 5464 3335 5532 qui.

1859 5593 1871 5632 l
1902 5594 2033 5648 Tres
2058 5595 2229 5649 Codd.
2262 5594 2404 5661 Vat.,
2435 5598 2572 5648 ultra
2603 5596 2865 5659 Garonna,
2894 5598 2973 5651 vel
3002 5596 3316 5651 Garoumam

1780 5664 1835 5788 {In
1867 5664 1993 5718 Ven.
2046 5664 2181 5718 Edit.
2212 5683 2225 5719 :
2256 5665 2331 5718 De
2360 5666 2566 5721 basilica
2614 5669 2776 5720 sancti
2813 5666 3066 5721 Vincentii
3111 5668 3242 5720 tituli
3272 5669 3337 5721 dc

1829 5750 2039 5788 aronua.
