3820 6236
463 367 570 424 71.

1079 429 1083 431 ἓ
1148 366 1661 454 VENANTllﬁON.
1704 361 1906 430 CLEM.
1952 362 2334 431 FORTUNATI
2369 358 2654 432 OPERUM
2722 360 2896 418 PARS
2933 363 3014 435 l...
3091 429 3105 432 _
3257 428 3262 432 δ
3459 432 3462 433 ν
3561 368 3624 441 π

462 477 587 532 Post
607 476 762 530 ﬁnem
791 478 904 533 sine
929 478 1033 533 ﬁne
1058 488 1235 533 manet
1263 494 1413 533 mens
1439 479 1622 532 dedita
1650 485 1674 514 ι
1703 475 1938 541 Christo,
2040 490 2091 546 Α
2115 475 2246 530 Nam
2275 490 2392 530 cum
2420 474 2613 542 templa
2645 473 2736 526 Dei
2771 474 2961 541 praesul
2993 473 3058 526 de
3087 487 3233 527 more
3263 473 3469 540 dicavit,

532 567 792 636 Linquens
823 569 1027 622 turbam
1060 570 1351 636 hominum,
1381 577 1485 624 stat
1509 570 1712 624 sociata
1733 567 1864 623 Deo.

469 655 577 710 Hac
606 671 703 725 Ope
731 657 973 713 sullultus
996 660 1304 713 Vincentius
1331 667 1505 712 exstat
1527 659 1579 712 in
1610 673 1801 724 avum,

531 748 706 804 Gloria
737 753 972 822 martyrii
998 749 1149 823 cujus
1177 754 1354 820 opima
1383 754 1538 807 viret.

460 838 668 905 Vertice
694 842 922 908 succiso,
952 841 1124 910 rapuit
1151 844 1241 911 qui
1264 857 1328 896 ex
1363 849 1534 919 morte
1561 842 1910 909 triumphum,

529 933 594 986 Et
620 947 758 986 nova
786 933 853 987 de
885 935 1038 987 terris
1065 935 1241 1004 proles
1267 934 1332 987 ad
1364 944 1504 987 astra
1533 933 1694 987 volat.

459 1022 857 1078 Credidituude
877 1039 1084 1091 necem,
1116 1035 1299 1078 sancto
1328 1024 1474 1078 dedit
1500 1023 1668 1078 hostis
1693 1024 1972 1091 honorem,

534 1113 917 1183 Percussorque
940 1115 1105 1184 magis
1135 1123 1306 1168 morte
1334 1129 1569 1182 perenne
1599 1115 1762 1184 jacet.

468 1208 676 1263 Vicerat
703 1208 728 1245 ι)
761 1206 1059 1279 illqmiser,
1083 1206 1222 1260 hunc
1249 1206 1295 1259 si
1321 1206 1563 1273 jugulare
1595 1204 1863 1272 nequisset
1891 1221 1906 1268 ;

533 1296 660 1351 Nam
685 1297 900 1351 abstulit
929 1295 1068 1349 unde
1091 1303 1269 1362 caput,
1294 1293 1517 1348 contulit
1539 1294 1660 1347 inde
1687 1293 1886 1361 polum.

461 1387 628 1457 Hujus
656 1402 836 1442 amore
862 1388 999 1441 novo
1019 1386 1102 1453 pia
1127 1393 1248 1438 vota
1278 1384 1528 1439 Leontius
1562 1385 1799 1452 explens,

528 1478 642 1545 Quo
671 1489 692 1516 ο
722 1491 870 1532 saera
899 1475 1137 1530 membra
1162 1477 1361 1543 jacent,
1397 1483 1616 1528 stannea
1648 1483 1782 1528 tecta
1809 1472 1974 1528 dedit.

461 1569 527 1623 Et
554 1569 675 1623 licet
702 1569 899 1622 eniteat
924 1565 1125 1619 meritis
1151 1563 1455 1619 venerabile
1486 1563 1760 1631 templum,

527 1663 775 1713 Attamen
804 1665 1048 1711 ornatum
1077 1655 1301 1722 prabuit
1332 1654 1432 1707 iste
1455 1668 1631 1706 suum.

465 1749 688 1805 Praemia
719 1747 1007 1802 succedant
1029 1745 1272 1813 operanti
1305 1745 1456 1812 longa
1478 1743 1683 1806 salutis,

535 1838 701 1907 Hujus
730 1847 786 1892 ut
815 1835 1083 1904 obsequiis
1106 1834 1334 1888 culmina
1371 1840 1552 1886 sancta
1581 1832 1798 1886 micent.

1070 1932 1291 1988 CAPUT
1323 1931 1420 1984 1X.

461 2016 539 2072 De
559 2015 772 2070 basilica
803 2013 964 2068 sancti
996 2011 1244 2064 Vincentii
1270 2009 1578 2062 Vernemetie
1603 2001 2006 2079 [Virnimeti’s]“.

462 2105 762 2179 [Basilicam
800 2105 852 2158 in
884 2105 1195 2179 memoriam
1221 2101 1384 2179 sancti
1411 2097 1666 2152 Vincentii
1696 2096 2011 2179 Aginnensis

528 2194 556 2230 a
588 2177 805 2232 Leontio
837 2173 1062 2241 positam
1097 2174 1146 2224 in
1180 2173 1295 2224 loco
1321 2171 1616 2241 Yernemete
1639 2170 1794 2236 vulgo
1825 2165 2010 2232 appel-

530 2248 636 2298 lato
660 2240 929 2305 celebrat,
961 2257 1021 2294 ac
1052 2242 1244 2294 malum
1281 2240 1522 2306 spiritum
1559 2252 1622 2290 ex
1653 2248 2009 2306 energumeno

539 2316 748 2382 puIsum
772 2313 836 2365 ad
856 2302 1093 2379 ejusdem
1117 2302 1345 2362 basilicae
1371 2302 2008 2372 dedicationem,relert.]

459 2404 688 2459 Cultoris
720 2401 926 2456 Domini
961 2409 1071 2454 toto
1102 2412 1264 2453 sonus
1291 2398 1420 2452 exiit
1449 2399 1596 2460 orbe,

527 2494 634 2548 Nec
660 2491 807 2547 locus
828 2500 910 2548 est
929 2492 1014 2545 ubi
1049 2504 1106 2545 se
1131 2490 1294 2560 gloria
1329 2489 1466 2544 celsa
1499 2495 1673 2557 neget.

461 2584 563 2641 Sed
593 2585 744 2654 cujus
776 2584 1022 2638 meritum
1053 2582 1251 2636 scimus
1280 2595 1591 2650 percurrere
1627 2578 1900 2647 mundum,

528 2675 692 2744 Hujus
715 2675 905 2744 ubique
927 2675 1022 2728 viri
1053 2687 1271 2741 surgere
1297 2673 1488 2739 templa
1519 2671 1693 2725 decet.

460 2764 597 2819 Ecce
620 2767 768 2817 beata
801 2763 966 2816 nitent
993 2762 1231 2815 Vincenti
1262 2761 1491 2814 culmina
1521 2759 1735 2826 summi,

529 2856 742 2908 Munere
774 2854 1006 2922 martyrii
1033 2853 1122 2921 qui
1149 2851 1276 2906 colit
1302 2859 1446 2905 astra
1481 2850 1606 2918 poli.

459 2943 739 3012 Promptus
766 2958 945 2997 amore
977 2944 1084 3010 pio,
1115 2956 1229 3011 qua:
1268 2957 1399 3010 papa
1433 2941 1681 2996 Leontius
1709 2939 1835 2996 olim

526 3036 791 3101 Condidit,
821 3037 1022 3090 eximio
1056 3034 1378 3089 consolidata
1414 3033 1548 3088 loco.

457 3124 677 3179 Nomine
701 3125 1034 3178 Vernemetis
1059 3124 1223 3177 voluit
1245 3123 1474 3176 vocitare
1502 3131 1760 3188 vetustas,

530 3215 680 3280 Quod
709 3218 856 3282 quasi
889 3215 1066 3267 fanum
1102 3223 1124 3250 θ
1157 3215 1341 3282 ingens
1361 3214 1560 3267 Gallica
1592 3214 1766 3281 lingua
1789 3214 1971 3268 referl.

460 3285 692 3371 Ausiiicii
726 3305 993 3371 praemissa
1023 3289 1151 3356 ﬁdes
1180 3310 1292 3356 erat
1321 3312 1442 3355 ante
1474 3302 1490 3337 τ
1519 3301 1713 3366 futura,

530 3394 596 3449 Ut
624 3394 780 3448 modo
804 3394 946 3448 celsa
971 3393 1159 3447 domus
1180 3402 1343 3446 staret
1367 3393 1569 3448 honore
1595 3392 1710 3447 Dei.

457 3486 554 3541 llic
578 3486 736 3539 etiam
765 3492 998 3548 sanctus,
1033 3484 1240 3537 Domini
1273 3480 1517 3537 suﬁ‘ultus
1544 3497 1744 3540 amore.

534 3575 752 3630 Virtutis
779 3588 1001 3627 summa:
1029 3573 1174 3639 signa
1201 3571 1468 3624 tremenda
1495 3572 1658 3624 dedit.

460 3713 568 3782 qui,
601 3709 803 3778 decepti
842 3709 1089 3782 nominis
1119 3708 1483 3782 similitudine,
1520 3704 1848 3759 Vincentium
1895 3703 2010 3782 Cte-

460 3774 894 3848 s'araugust'anum
938 3793 1034 3843 pro
1066 3779 1350 3846 Aginnensi
1373 3777 1604 3841 coluere,
1637 3791 1699 3829 ac
1723 3789 1904 3848 e_r_r_ore
1935 3774 2011 3848 la:

461 3854 564 3905 tius
609 3843 873 3912 manante,
924 3843 1161 3902 Basilica)
1201 3849 1301 3902 sub
1341 3848 1491 3901 titulo
1533 3848 1699 3900 sancti
1749 3843 2006 3912 Vincentii

465 3922 779 3990 Aginnensis
827 3911 949 3972 olim
980 3918 1240 3990 dedicata:
1269 3919 1350 3988 (ut
1377 3924 1620 3970 censent.
1651 3916 1746 3968 viri
1788 3911 2004 3990 eruditi)

465 3981 659 4045 sevnsim
688 3990 1013 4042 Vincentium
1035 3981 1561 4054 Caesarau‘gustanum
1593 3981 2011 4054 patrOnum_ade-

460 4070 563 4128 ptae
590 4065 734 4128 psunt.
770 4056 899 4128 Yide
935 4057 1004 4107 cl.
1036 4055 1221 4118 Ruin.,
1271 4052 1321 4107 in
1370 4056 1507 4128 notis
1534 4055 1617 4128 _ad
1660 4053 1817 4128 Greg_.
1846 4052 1995 4128 Tur.,

461 4120 498 4181 l.
533 4127 637 4180 ide
665 4125 840 4191 Gloria
869 4132 1180 4193 martyrum,
1220 4139 1337 4191 cap.
1362 4120 1484 4176 105.
1533 4122 1668 4190 Lege
1697 4132 1750 4176 et
1778 4120 1999 4189 Scalig.,

463 4198 558 4252 lib.
590 4212 639 4248 vt
671 4195 734 4247 de
763 4194 985 4247 Emend.
1009 4204 1321 4260 temporum.

533 4275 558 4300 ⁸
590 4265 642 4316 In
666 4263 802 4318 Ven.
827 4265 949 4322 Ed..
984 4262 1121 4316 ruens
1148 4264 1341 4322 reddita
1369 4261 1589 4316 Christo.

532 4332 642 4387 1‘ln
692 4347 794 4386 uno
835 4334 967 4392 Cod.
1016 4332 1151 4396 Vat.,
1183 4334 1394 4386 vinceret
1433 4331 1520 4384 ille
1566 4330 1733 4383 miser.
1768 4327 1821 4382 In
1867 4326 2000 4384 Cod.

465 4405 606 4467 νει..
641 4403 862 4472 Stagnea
891 4410 1041 4467 tecta,
1073 4403 1194 4455 item
1225 4403 1276 4455 in
1313 4403 1440 4472 Ven.
1472 4400 1609 4454 Edit.

534 4488 555 4514 ο
592 4468 926 4527 Hinc—sancti
955 4472 1216 4530 Vinoentij
1266 4471 1478 4524 basilica
1538 4483 1696 4536 prope
1741 4468 2000 4537 Aginnum

465 4546 564 4598 sita
594 4551 707 4596 erat
730 4542 781 4593 in
810 4544 924 4593 loco
945 4540 1256 4606 Pompeiaco
1287 4543 1446 4603 dicto,
1471 4539 1521 4591 in
1546 4554 1652 4606 quo
1677 4538 2003 4601 Vincentius,

465 4615 729 4666 Christum
776 4607 1067 4674 confessus,
1125 4609 1297 4674 capite
1349 4611 1531 4674 plexus
1586 4606 1771 4660 fuerat.
1823 4608 2010 4659 Narrat

469 4682 626 4749 Greg.
652 4680 870 4741 Turon.,
904 4679 996 4731 lib.
1020 4691 1092 4730 vit
1118 4677 1248 4729 llist.
1282 4677 1496 4749 Franc.,
1527 4690 1643 4749 cap.
1688 4675 1961 4749 5_5,e_t_lih.
1991 4692 2006 4729 ι

466 4752 531 4804 de
568 4746 744 4804 Gloria
796 4749 1113 4816 Martyrum,
1157 4760 1274 4817 cap.
1331 4747 1468 4810 {05,
1526 4746 1659 4798 hanc
1713 4746 2006 4817 basilicam,-

476 4837 503 4871 a
536 4819 848 4870 Gnntramni
891 4815 1143 4870 militibus
1166 4815 1325 4870 fuisse
1356 4817 1622 4881 violatam,
1655 4823 1711 4867 ut
1733 4815 2006 4866 theSauros

471 4890 764 4940 accolarum
813 4886 924 4938 illic
948 4885 1216 4950 depositas
1246 4896 1509 4950 raperent,
1541 4885 1638 4937 hoc
1666 4899 1846 4938 eorum
1879 4881 2010 4933 faci-

472 4974 570 5009 nus
599 4957 847 5008 continuo
873 4954 1154 5008 ulciscente
1177 4955 1420 5008 Numine.
1450 4955 1700 5022 Scaliger.
1739 4955 1828 5006 lib.
1865 4968 1912 5005 vr
1943 4951 2009 5005 de

468 5025 677 5078 Cmcnd.
710 5034 889 5090 temp.,
921 5025 1162 5091 opinatur
1205 5023 1361 5091 Greg.
1411 5024 1608 5075 Turon.
1641 5038 1700 5076 ea
1732 5024 1782 5074 in
1814 5039 1871 5075 re
1901 5022 2012 5072 hal-

471 5095 752 5147 Iucinatum
803 5096 981 5161 fuisse,
1034 5096 1121 5161 qui
1165 5093 1431 5144 basilicam
1462 5093 1601 5144 illam
1635 5107 1795 5159 prope
1847 5093 2010 5159 Agin-

471 5178 594 5216 num
626 5164 778 5214 sitam
808 5164 1200 5226 existimaverit,
1235 5176 1352 5214 cum
1383 5161 1565 5212 eadem
1600 5176 1760 5227 pmpe
1806 5161 2015 5227 Lugdu-

472 5249 596 5286 num
624 5231 985 5284 Convenarum
1021 5236 1182 5300 posita
1215 5232 1389 5292 fuerit,
1411 5239 1643 5300 quatuor
1672 5232 1880 5300 dierum
1913 5243 2009 5282 iter

470 5304 536 5355 ab
566 5303 768 5370 Aginno
807 5299 1032 5352 diStans.’
1052 5303 1152 5355 Sed
1186 5302 1343 5369 Greg.
1377 5299 1506 5353 'l‘ur.
1535 5300 1744 5368 egregie
1772 5299 2010 5370 vindica-

473 5372 709 5493 ἷξε-θοι.
755 5370 931 5430 ltuin.,
967 5371 1016 5422 in
1061 5375 1192 5422 nois
1233 5374 1295 5423 ad
1326 5379 1483 5438 caput
1523 5370 1590 5422 55
1633 5371 1724 5422 lib.
1755 5385 1822 5423 vn
1871 5369 2004 5422 llist.

517 5455 658 5493 rane.

517 5455 658 5493 ranc.

541 5507 565 5544 ἀ
606 5510 666 5559 Et
707 5509 748 5560 si
791 5511 1089 5576 ignoremus
1131 5507 1340 5559 ubinam
1372 5523 1494 5561 vere
1537 5516 1678 5560 esset
1721 5507 1803 5558 hic
1844 5508 2007 5567 locus,

475 5575 977 5643 Vernemetis’vn‘gn
1011 5577 1330 5637 nominatus,
1365 5577 1517 5630 facile
1548 5589 1717 5629 tamen
1749 5577 2012 5628 credimus

473 5662 676 5712 USjllalll
716 5647 765 5696 in
807 5661 933 5712 agro
974 5646 1340 5713 Burdcgalcnsi
1388 5647 1608 5711 positum
1657 5647 1840 5707 fuisse,
1891 5660 2012 5697 cum

476 5719 606 5775 situs
653 5718 972 5782 atntenitate,
1020 5725 1126 5768 tum
1164 5717 1418 5784 religione
1459 5717 1821 5786 conspicuum,
1854 5723 1909 5770 ut
1949 5729 2012 5769 ex

2037 3155 2085 3220 C

2109 619 2112 626 .
2186 567 2426 637 Martyris
2453 566 2680 620 adventu
2709 565 2963 618 daemonis
2992 565 3066 617 ira
3098 566 3247 634 fugit.
3378 631 3387 638 υ

2112 658 2373 712 Redditur
2396 655 2674 710 incolumis
2702 655 2915 724 quidam
2949 655 3014 709 de
3042 665 3187 723 parte
3213 663 3238 700 α
3272 655 3508 724 maligna.

2181 747 2274 801 Cui
2299 747 2495 801 vidisse
2522 748 2589 815 pii
2621 748 2837 815 templa,
2873 747 3093 800 medella
3128 746 3242 799 luit.

2114 840 2317 893 Emicat
2346 839 2464 892 aula
2489 849 2692 904 potens,
2721 839 2901 891 divino
2929 839 3081 906 plena
3106 852 3311 902 sereno,

2182 928 2252 984 Ut
2280 929 2469 985 merito
2499 931 2700 997 placeat
2729 931 2812 983 hic
2843 929 3078 984 habitare
3106 930 3235 985 Deo.

2115 1021 2263 1076 Nunc
2291 1024 2468 1089 specie
2494 1022 2748 1075 suadente
2779 1022 2898 1085 loci,
2929 1036 2989 1076 ac
3021 1023 3226 1075 virtutis
3260 1021 3470 1088 honore,

2188 1116 2383 1168 Evocat
2403 1113 2431 1150 ιι
2459 1114 2545 1168 hic
2568 1115 2812 1183 populos,
2843 1113 2964 1166 hinc
2984 1113 3167 1178 decus,
3195 1113 3316 1168 inde
3341 1114 3491 1170 salus.

2113 1205 2212 1272 Qui
2242 1206 2446 1272 plebem
2470 1206 2710 1259 accendit
2738 1204 3048 1259 venerandae
3076 1205 3319 1258 conditor
3346 1207 3492 1260 arcis.

2184 1293 2398 1348 Talibus
2428 1292 2616 1347 ofﬁciis
2636 1293 2852 1362 prmmia
2877 1293 3016 1360 justa
3041 1293 3191 1346 metit
3217 1292 3260 1346 ί.

2725 1394 2948 1450 CAPUT
2983 1395 3052 1448 Χ.

2359 1473 2432 1526 De
2458 1474 2640 1526 domno
2662 1473 2891 1534 Nazario
2916 1475 2930 1525 i
2972 1486 3191 1544 martyre
3214 1476 3414 1531 Christi.

2114 1563 2413 1638 [Basilicam
2458 1566 2510 1618 in
2558 1566 2865 1638 memoriam
2911 1567 3080 1638 sancti
3131 1565 3337 1620 Nazarii
3376 1569 3624 1638 martyras,

2183 1639 2305 1687 item
2333 1651 2361 1687 a
2393 1634 2634 1698 Leontio,
2669 1637 3043 1705 Burdegalensi
3085 1639 3336 1703 episcopo
3357 1682 3370 1703 ,
3411 1652 3439 1691 e
3465 1634 3624 1692 funda-

2184 1707 2378 1774 mentis
2406 1706 2714 1768 excitatam,
2747 1708 3056 1769 vetustiore,
3078 1721 3193 1772 qute
3223 1717 3337 1759 erat
3363 1709 3620 1774 angustior,

2184 1771 2411 1846 dejecta,
2440 1785 2840 1846 commemorat.
2874 1771 3118 1843 Martyris
3149 1776 3312 1844 ipsius
3341 1771 3624 1846 triumphum

2183 1851 2237 1894 et
2259 1843 2478 1909 gloriam
2509 1842 2810 1913 describit.]

2111 1934 2351 1990 Culmina
2380 1936 2653 2004 conspicui
2683 1923 2890 1992 radiant
2916 1940 3216 1994 veneranda
3245 1940 3446 2005 Nazari,

2184 2026 2347 2096 Cujus
2375 2029 2609 2082 membra
2642 2030 2840 2098 polum,
2875 2031 3090 2100 spiritus
3120 2041 3260 2086 astra
3293 2043 3447 2088 tenet.

2111 2109 2326 2177 Semine
2356 2123 2642 2192 terrigeno,
2676 2127 2902 2182 terrenis
2929 2126 3115 2180 usibus
3143 2141 3347 2190 exsors,

2181 2214 2475 2268 lmmortale
2515 2215 2731 2282 bonum,
2764 2216 2982 2281 pulvere
3007 2228 3158 2271 natus
3191 2218 3367 2270 homo.

2111 2300 2191 2355 Nil
2218 2303 2429 2356 carnale
2455 2303 2661 2368 volens,
2694 2305 2786 2358 sed
2810 2305 3009 2358 Christi
3044 2308 3260 2373 praemia
3293 2319 3515 2375 poscens.

2183 2392 2447 2462 Sanguine
2475 2396 2542 2449 de
2566 2399 2778 2464 proprio
2803 2395 3017 2452 victima
3047 2397 3204 2466 digna
3237 2398 3360 2451 Deo.

2110 2483 2235 2538 Haec
2263 2485 2358 2538 tibi
2391 2487 2590 2553 templa
2617 2502 2770 2542 sacer
2786 2483 2987 2567 [devota
3021 2489 3273 2544 Leontius
3299 2489 3460 2552 oﬁ'ert,

2179 2575 2534 2645 Majoremque
2558 2593 2706 2632 suam
2740 2577 2862 2634 hinc
2891 2582 3035 2649 cupit
3063 2595 3185 2656 esse
3212 2581 3440 2637 domum.

2113 2665 2209 2720 Hic
2234 2668 2379 2734 prius
2413 2677 2641 2735 angusto
2670 2668 2921 2723 fabricata
2946 2681 3027 2724 est
3056 2663 3298 2726 machina
3319 2686 3460 2742 gyro,

2184 2753 2300 2818 Quo
2330 2769 2502 2822 neque
2530 2762 2652 2808 tunc
2683 2766 2884 2823 poterat
2919 2758 3076 2826 plebs
3100 2759 3395 2814 veneranda
3420 2772 3524 2824 cap.

2114 2841 2499 2911 Dejectamque
2529 2845 2641 2898 solo
2671 2859 2851 2898 rursus
2875 2845 3116 2901 fundavit
3141 2848 3210 2901 ab
3239 2847 3362 2912 imo,

2185 2932 2249 2988 Et
2277 2934 2420 2988 dedit
2449 2934 2579 3000 haec,
2621 2951 2736 3005 quae
2765 2953 2903 2992 nunc
2932 2937 3250 3007 ampliﬁcata
3281 2939 3492 3008 placent.

2707 3037 2930 3092 CAPUT
2981 3038 3072 3092 XI.

2476 3113 2549 3167 De
2575 3115 2782 3168 basilica
2809 3116 2981 3169 damni
3012 3115 3245 3187 Dionysii
3266 3114 3314 3169 ιε.

2122 3201 2426 3275 [Basilicam
2457 3208 2625 3257 sancti
2665 3204 2931 3274 Dionysii,
2961 3207 3193 3275 episcopi
3225 3205 3548 3269 Parisiensis,
3579 3219 3626 3259 et

2190 3274 2458 3340 martyris,
2507 3276 2632 3325 item
2673 3287 2702 3324 a
2754 3275 2973 3327 Leontio
3022 3276 3286 3330 redditam
3335 3276 3628 3341 ampliorem,

2188 3350 2597 3403 commemorat,
2631 3355 2734 3394 non
2758 3351 2878 3396 ante
2900 3353 3078 3396 vetere
3103 3343 3304 3412 dejecta
3328 3358 3472 3411 quam
3515 3355 3625 3395 nova

2189 3421 2485 3468 constructa
2509 3414 2712 3470 luisset.
2735 3416 2900 3484 Ipsius
2919 3422 3166 3490 martyris
3186 3423 3362 3475 laudes
3377 3418 3628 3490 celebrat.l

2112 3507 2210 3574 Qui
2241 3508 2389 3576 cupis
2410 3511 2602 3578 egregii
2628 3519 2941 3566 structorem
2970 3530 3188 3570 noscere
3217 3517 3410 3582 templi.

2182 3595 2308 3646 Tam
2337 3597 2424 3662 pia
2454 3611 2558 3648 non
2588 3602 2755 3664 patiar
2786 3611 2902 3654 vota
2930 3605 3091 3657 latere
3123 3607 3238 3660 tibi.

2119 3700 2222 3753 hoc
2265 3701 2377 3766 ipso
2421 3701 2652 3753 carmine
2695 3710 2977 3769 possumus
3018 3701 3300 3768 conjicere.
3333 3701 3420 3754 llle
3459 3701 3625 3769 quippe

2117 3772 2327 3840 videtur
2353 3780 2620 3836 spectasse
2645 3772 2707 3823 ad
2746 3771 3017 3825 dioecesim
3049 3771 3250 3824 Leont..
3274 3812 3287 3835 ,
3320 3771 3405 3840 qui
3433 3771 3480 3822 in
3507 3770 3623 3824 basi-

2114 3839 2214 3893 lica
2244 3842 2408 3893 sancti
2437 3839 2691 3894 Vincentii
2722 3839 3038 3895 exstruend‘a
3061 3851 3129 3896 ~et
3149 3839 3382 3895 ornanda
3409 3849 3502 3894 tam
3525 3855 3624 3894 mu-

2112 3908 2297 3962 nificus
2321 3909 2612 3962 exstiterat.

2186 3990 2209 4014 ε
2242 3979 2296 4029 ln
2329 3979 2549 4054 vulgatis
2575 3980 2843 4054 legebatur
2869 3981 3037 4054 favum
3062 3981 3262 4052 ingens,
3289 3995 3442 4050 quam
3467 3977 3624 4034 lectio-

2108 4062 2228 4102 nem
2257 4048 2557 4100 emendavit
2587 4048 2761 4102 Brow.

2183 4117 2200 4156 ί
2230 4116 2360 4170 Tres
2389 4115 2554 4168 Codd.
2589 4116 2734 4180 Vat.,
2766 4134 2878 4171 arce
2911 4119 3106 4186 futura.
3149 4120 3206 4174 ln
3249 4121 3377 4174 Ven.
3411 4120 3538 4173 Edit.
3562 4118 3628 4170 sic

2104 4185 2294 4256 legitur
2323 4187 2525 4253 integer
2553 4200 2737 4240 versus
2770 4205 2782 4240 :

2227 4287 2461 4350 AnSpiciis
2481 4292 2723 4349 praemissa
2745 4288 2862 4340 ﬁdes
2882 4297 2985 4340 erat
3009 4301 3124 4340 arce
3148 4288 3323 4338 futura.

2179 4405 2203 4466 ες
2231 4395 2341 4447 Duo
2362 4393 2527 4466 Cedd.
2562 4395 2708 4458 Vat.,
2731 4397 2793 4448 de
2816 4406 2950 4460 peste
2974 4399 3220 4466 maligna.

2180 4460 2207 4535 ιθ
2239 4466 2370 4535 l_£_dit.
2407 4464 2756 4535 Yenqevocat
2787 4466 2900 4517 hinc
2928 4460 3164 4535 populus.

2188 4531 2203 4569 ί
2245 4533 2387 4588 Unus
2411 4533 2538 4586 Cod.
2569 4533 2712 4595 νει..
2739 4543 2904 4588 metet.

2185 4603 2197 4652 i
2239 4601 2496 4656 Incertum
2528 4605 2646 4671 quis
2681 4603 2837 4656 fuerit
2867 4605 2952 4659 hic
2980 4604 3255 4669 Nazarius,
3285 4621 3400 4661 cum
3427 4614 3522 4658 tres
3541 4604 3626 4668 sub

2113 4673 2213 4726 hoc
2237 4674 2449 4726 nomine
2475 4673 2812 4727 celebrentur
2832 4673 2919 4728 die
2949 4676 3015 4727 12
3049 4675 3212 4729 Junii.
3247 4676 3448 4729 Primus
3470 4687 3627 4739 pasmi

2113 4755 2190 4795 εει
2225 4741 2500 4796 Mediolani
2541 4757 2660 4794 cum
2691 4739 2846 4797 Celso
2878 4758 3075 4811 puero.
3105 4760 3330 4810 quorum
3371 4755 3568 4808 corpora
3604 4754 3626 4791 ι

2113 4819 2294 4864 sancto
2325 4810 2602 4863 Ambrosio
2631 4811 2837 4866 inventa
2869 4810 3012 4868 sunt.
3039 4813 3187 4865 Alter
3215 4813 3506 4870 Ebrmlnni;
3533 4819 3623 4862 tero

2117 4884 2218 4933 tius
2245 4879 2456 4941 Romae:
2487 4881 2635 4945 cujus
2678 4896 2869 4948 corpus
2899 4883 3128 4934 delatum
3164 4883 3213 4935 in
3245 4883 3460 4934 Galliam
3489 4890 3627 4950 opera

2114 4950 2522 5018 Chrodegandi,
2573 4947 2805 5016 episcopi
2865 4951 3166 5016 Mettensis,
3215 4965 3302 5004 an.
3358 4951 3474 5004 763.
3529 4947 3633 5000 Vide

2118 5018 2297 5089 ltuin.,
2328 5037 2377 5072 Ill
2409 5020 2546 5089 notis
2582 5020 2645 5089 ad
2679 5019 2835 5086 Greg.
2870 5020 3022 5089 Tur.,
3048 5023 3114 5074 de
3145 5023 3323 5074 Gloria
3354 5028 3630 5088 martyrum,

2118 5088 2152 5140 l.
2188 5104 2225 5150 ι,
2254 5103 2369 5156 cap.
2409 5087 2500 5150 6|,
2535 5088 2670 5141 unde
2697 5092 2808 5141 haec
2840 5087 3130 5144 hausimus.

2191 5153 2367 5211 Sancti
2402 5158 2874 5228 Nazariiireliquim
2912 5161 3225 5214 colebantur
3255 5162 3305 5215 in
3343 5175 3459 5228 agro
3497 5153 3632 5208 Nam-

2119 5228 2289 5297 netico
2321 5237 2554 5294 tempore
2601 5227 2838 5295 Gregorii
2883 5229 3205 5283 Turooensis
3227 5271 3242 5297 ,
3272 5240 3329 5285 ut
3364 5227 3530 5282 videre
3568 5230 3636 5279 est

2118 5296 2234 5350 loco
2260 5301 2500 5362 superius
2531 5298 2712 5350 citato.
3227 5323 3232 5328 -

2190 5363 2213 5402 ¹ι
2260 5366 2480 5437 Sanctus
2532 5365 2842 5437 Dionysius,
2925 5368 3202 5437 episcopus
3248 5365 3572 5428 Parisiensis.
3612 5375 3637 5412 ³

2117 5434 2274 5502 Greg.
2317 5435 2538 5504 Turon.,
2585 5434 2683 5488 lib;
2715 5454 2753 5499 l,
2786 5451 2900 5504 cap.
2934 5435 3024 5500 9.8,
3083 5438 3214 5493 Ilist.
3250 5439 3458 5504 Franc.,
3480 5443 3638 5504 passu!

2119 5504 2343 5578 refertur
2374 5521 2458 5556 an.
2482 5503 2587 5558 250
2609 5514 2707 5578 aut
2725 5503 3051 5578 etiampost;
3085 5509 3177 5560 sed
3205 5507 3314 5578 alia
3338 5503 3641 5578 monumenta

2119 5574 2404 5626 ostendunt
2446 5589 2566 5626 eum
2617 5588 2645 5627 a
2697 5575 2847 5630 beato
2875 5571 3144 5630 Clemente
3193 5578 3244 5628 in
3276 5575 3490 5630 Galliam
3533 5571 3640 5626 mil—

2121 5641 2464 5714 suinluisse;
2499 5643 2653 5714 unde
2687 5646 2799 5709 ejus
2827 5646 3133 5714 martyrium
3181 5646 3246 5698 ad
3292 5647 3532 5701 saec-ilum
3571 5653 3644 5714 εῼ·

2124 5713 2349 5768 cundum
2401 5722 2539 5766 esset
2581 5708 2981 5782 rejiciendumf
3009 5715 3146 5785 Lege
3187 5716 3385 5787 ltuin.,
3433 5715 3482 5770 in
3524 5708 3644 5766 noti!
