3820 6236
49 195 109 250 τι
621 225 640 234 ι
1227 184 1591 268 MISCELLAF

1711 240 1714 252 .
1754 228 1819 241 —
1854 199 1982 255 LIB.
2023 199 2061 253 Ι.
2140 199 2141 203 “
3164 204 3230 260 78

48 311 195 366 Nunc
227 310 462 367 meliore
484 310 570 364 via
594 309 750 366 viruit
776 317 1023 367 renovata
1050 319 1300 380 vetustas,

116 399 184 454 Et
214 400 378 455 lassae
409 400 618 454 fabrica:
636 389 736 454 ilos
756 401 1026 456 redivivus
1055 402 1182 457 adit.

51 490 202 546 itas
228 491 484 559 accessit,
515 500 691 545 tamen
716 499 740 528 ι
766 490 876 545 haec
901 491 1190 560 juvenesc‘it
1222 491 1442 561 honore,

115 580 275 634 Unde
296 596 464 635 senex
491 577 662 646 ﬁeret,
682 580 857 650 junior
885 582 1005 636 inde
1035 582 1188 637 redit.

1623 313 1678 373 Α
1702 309 1808 364 Nec
1838 315 2083 378 poterant
2110 307 2286 363 subito
2317 306 2406 361 tibi
2425 307 2654 391 eulmina
2680 309 2818 379 celsa
2848 312 3037 380 parari,

1782 401 1902 454 Haec
1928 399 2027 453 nisi
2059 399 2211 466 digna
2239 408 2382 452 tuum
2414 400 2785 466 promeruisset
2811 417 2941 470 opus

1706 491 1988 547 Nobilitate
2018 501 2202 558 potens
2239 491 2514 558 prteccllis,
2548 507 2673 559 papa
2706 491 2907 558 Leonti,

1774 583 1960 639 Clarus
1988 583 2054 637 ab
2082 583 2329 648 antiquis,
2360 583 2400 637 si
2429 593 2762 638 numerentur
2789 585 2893 639 avi.

46 667 141 726 illc
161 671 394 726 minus
423 667 578 735 118..
601 670 839 742 sculpta?
875 682 1098 730 camera
1121 674 1283 729 d'ec'us
1309 673 1604 732 interrasile
1706 670 1835 726 Nam
1861 687 2042 740 genus,
2073 681 2127 725 et
2149 674 2347 740 proavi,
2377 674 2453 725 vel
2480 673 2729 740 quidquid
2761 675 2811 728 in
2833 674 3025 730 ordine
3043 676 3235 746 dicam,

115 851 263 920 Qum
293 856 500 922 piem”
525 847 683 922 ³⁰¹έ⁸ν
709 842 854 924 Ϊῖξιιε
881 853 1071 910 dedere
1088 855 1256 940 iocos.
1294 765 1535 906 (panda,

45 944 281 1012 Sumpsit
307 945 602 1017 imagineas
631 948 800 1013 paries
819 947 1116 1001 simulando
1133 946 1353 1014 'ﬁ‘guras,

108 1037 242 1106 Quae
271 1054 448 1104 neque
478 1049 612 1094 tecta
645 1038 809 1108 prius,
837 1026 954 1094 haec
983 1038 1138 1094 modo
1152 1041 1296 1108 picta
1323 1039 1507 1095 nitent.

47 1125 200 1183 Urbis
230 1128 571 1185 Sanctonicte
601 1131 798 1198 primus
818 1130 913 1184 fuit
937 1130 1037 1185 iste
1057 1131 1325 1198 sacerdos,

108 1220 175 1274 Et
204 1221 300 1293 tibi
335 1223 430 1291 qui
456 1238 691 1292 reparas,
710 1224 830 1290 jure
854 1221 1023 1292 priora
1053 1221 1081 1261 δ
1108 1223 1269 1278 dedit.

44 1311 172 1366 Cum
200 1289 301 1368 is:
329 1289 535 1382 templa
557 1317 697 1370 tenet
713 1289 958 1380 i'sanctus,
986 1312 1270 1372 habitando
1299 1315 1494 1384 quiete,

110 1401 464 1460 instauratori
485 1400 658 1460 reddit
684 1398 886 1460 honore
916 1418 937 1445 ο
970 1406 1140 1460 vicem

618 1554 842 1612 CAPUT
878 1555 1032 1611 'XIV.

426 1665 505 1724 De
527 1668 684 1724 calice
704 1661 730 1707 δ
764 1657 961 1724 Leontii
987 1670 1224 1740 episcopi.

45 1777 294 1850 [Calicem
327 1794 359 1834 a
389 1779 608 1835 Leontio
631 1788 683 1834 st
738 1778 999 1834 Placidina
1028 1779 1130 1850 aedi
1170 1793 1334 1836 sacrae
1361 1778 1591 1836 oblatum

614 1863 964 1905 commemora
973 1849 1039 1920 t.]

47 1962 293 2018 Summus
319 1965 374 2018 in
400 1957 524 2018 arce
556 1965 645 2018 Det
675 1966 760 2034 pia
791 1963 934 2020 dona
960 1965 1206 2019 Leontius
1233 1963 1406 2030 oh‘ert,

111 2056 258 2110 Votis
283 2058 471 2125 juncta
499 2059 686 2124 sacris,
713 2067 766 2113 et
813 2057 1075 2113 Placidina
1104 2059 1278 2112 simul.

48 2144 263 2212 Felices,
295 2163 521 2216 quorum
555 2157 578 2185 ο
607 2149 753 2203 labor
781 2157 862 2203 est
898 2149 1152 2203 altaribus
1179 2159 1349 2218 aptus,

110 2235 376 2306 Tempore
407 2240 495 2308 qui
526 2253 688 2308 parvo
718 2255 824 2294 non
849 2241 1085 2310 peritura
1115 2241 1307 2296 ierunt.

638 2428 858 2483 CAPUT
897 2429 1012 2484 XV.

506 2539 576 2595 De
600 2540 808 2596 Leontio
835 2540 856 2579 ί
889 2545 1138 2613 episcopo.

55 2669 289 2746 [Leontii
315 2670 646 2746 nobilitatem
704 2675 930 2746 generis,
978 2674 1324 2746 episcopaem
1354 2676 1590 2746 gradum,

115 2742 528 2795 muniﬁcentiam
577 2743 629 2810 in
681 2744 872 2810 templa
929 2744 1161 2796 celebrat
1190 2743 1289 2796 hoc
1336 2742 1592 2810 carmine,

115 2811 391 2879 eidemque
420 2809 725 2879 Piacidinte,
772 2809 977 2867 Leontii
1003 2813 1126 2866 oliui
1158 2814 1357 2880 uxoris,
1413 2813 1596 2869 laudes

117 2882 392 2950 adjungit.j
1539 2917 1546 2922 .

55 2994 184 3048 inter
210 2997 346 3062 quos
374 2991 556 3061 genuit
581 2991 792 3046 radians
820 2986 1154 3062 A‘qiiitanic‘us
1186 3001 1212 3040 s
1236 2986 1377 3060 axis,

121 3082 356 3154 Egregiis
383 3083 588 3137 meritis
613 3083 840 3137 culmina
864 3083 1033 3151 prima
1063 3094 1231 3149 tenes,-

57 3171 258 3227 Civibus
277 3186 344 3226 ex
377 3170 475 3245 [et]
503 3171 666 3226 Gallis
691 3174 1047 3242 supereminet
1075 3173 1181 3228 alta
1209 3181 1463 3244 potestas,

119 3263 194 3316 Tu
217 3265 397 3331 potior
424 3264 664 3332 reliquis,
695 3270 750 3318 ει
777 3265 870 3320 tibi
898 3281 1053 3319 nemo
1083 3265 1243 3332 prior.

7 3355 22 3357 ᾼ
59 3343 304 3403 Pracedis
335 3341 550 3414 multos,
583 3353 706 3402 nulli
738 3354 928 3416 minor,
959 3361 1112 3416 atque
1137 3351 1418 3414 secundus,

121 3437 221 3493 Nec
243 3446 490 3506 superest
517 3437 730 3506 aliquid,
761 3438 897 3503 quod
923 3437 1048 3491 dare
1078 3436 1240 3506 possit
1268 3438 1453 3492 honor.

59 3531 286 3597 Quicum
318 3542 376 3586 se
405 3531 629 3600 primum
652 3526 682 3566 ¹ι
707 3531 915 3585 vestivit
943 3530 1071 3584 [lore
1095 3531 1364 3598 juventus,

119 3621 316 3677 Parvus
337 3637 454 3678 eras
483 3623 657 3686 annis,
688 3624 1018 3696 etgravitate
1047 3637 1205 3678 senex
1241 3622 1282 3676 ί.

59 3711 339 3775 Versusad
369 3712 629 3779 Hispanas
655 3714 796 3767 acies
817 3728 934 3767 cum
967 3727 1086 3781 rege
1111 3727 1300 3769 sereno
1325 3713 1370 3778 ἰ,

119 3804 314 3858 Militiae
340 3806 505 3859 erevit
532 3805 702 3873 palma
732 3803 957 3859 secunda
985 3805 1110 3861 tuae.

59 3891 206 3962 Cujus
226 3895 474 3963 primitiae
491 3902 634 3949 tanto
658 3895 897 3961 placuere
921 3893 1108 3962 relatu,

129 3983 192 4040 Ut
213 3985 419 4040 meritis
445 3991 590 4040 esset
613 3984 821 4040 debitus
849 3986 949 4041 iste
969 3985 1178 4053 gradus.

121 4121 142 4149 ⁸
174 4113 286 4168 Duo
311 4115 482 4168 Codd.
520 4101 656 4180 Vah,
689 4117 919 4182 accessit,
958 4117 1046 4171 sed
1087 4117 1213 4173 haec.
1261 4117 1400 4171 Edit.
1432 4105 1592 4184 νειμ,

61 4187 252 4237 secessit
274 4184 360 4237 sed
389 4194 431 4236 et
465 4187 588 4238 hec.

121 4251 146 4288 ι’
177 4252 330 4307 ilisce
360 4255 557 4316 verbis,
578 4254 698 4319 jure
723 4254 894 4320 priora
917 4254 1072 4317 dedit,
1101 4256 1396 4310 declaratur
1424 4257 1596 4310 Leon—

1777 761 1878 814 Per
1906 767 2148 829 proceres
2169 762 2526 834 celsos__currit
2549 767 2694 830 origo
2722 775 2887 820 vetus.

1704 849 1961 917 Tempora
1984 851 2280 922 dﬂ'ugiunt,
2306 863 2356 907 et
2388 863 2490 906 stat
2521 865 2692 908 tamen
2722 857 2840 910 aula
2867 859 3166 926 parentum°

1773 941 1883 996 Nec
1917 944 2110 1010 patitur
2135 944 2358 1010 lapsum,
2394 954 2444 999 te
2471 957 2768 1013 reparante,
2792 950 2991 1006 domus.

1703 1028 1954 1083 Nobilitas
1981 1031 2162 1099 longos
2190 1039 2293 1085 non
2323 1032 2586 1087 inclinavit
2615 1035 2664 1088 in
2694 1051 2858 1093 annos
2883 1056 2897 1104 ;

1771 1120 1864 1174 Cui
1894 1122 2057 1188 magis
2085 1136 2357 1182 ascensum
2377 1124 2556 1192 proles
2583 1125 2756 1194 Opima
2785 1125 2943 1185 dedit.

1702 1206 1896 1277 Inclyta
1931 1211 2207 1280 progenies
2236 1214 2443 1266 ornavit
2479 1214 2592 1267 luce
2621 1208 2856 1283 priores,

1769 1296 2002 1352 Haeredis
2033 1298 2183 1361 radio
2222 1301 2464 1367 splendet
2501 1303 2648 1372 o‘rigo
2677 1305 2895 1372 patrum.

1702 1386 1774 1440 De
1798 1387 1972 1440 radice
2000 1401 2094 1441 sua
2124 1390 2310 1443 vestita
2337 1399 2416 1442 est
2445 1390 2575 1446 ﬂore
2606 1404 2865 1460 vetustas;

1767 1475 1932 1541 Quam
1961 1478 2147 1532 merito
2176 1487 2361 1533 vestra:
2392 1479 2557 1534 laudis
2577 1482 2850 1556 obumbrat
2881 1484 3064 1542 honor.

1697 1567 1944 1634 Quamvis
1971 1584 2073 1623 non
2103 1570 2290 1636 aliquis
2318 1577 2490 1641 potior
2518 1575 2672 1628 modo
2711 1579 2874 1645 possit
2894 1579 3094 1652 haberi,

1619 1653 1670 1731 'B
1770 1657 1845 1712 Tu
1876 1658 1964 1712 tibi
1993 1662 2265 1728 praecedis,
2293 1663 2661 1731 ampliﬁcando
2692 1679 2868 1736 patres

1695 1741 1896 1804 Emicat
1923 1751 2060 1804 altus
2083 1766 2237 1817 apex,
2262 1745 2509 1820 generosa
2534 1768 2808 1812 Stemmata
2839 1763 3094 1832 pandens,

1762 1838 1924 1902 Cujus
1949 1838 2084 1905 apud
2115 1854 2264 1907 reges
2295 1843 2446 1894 unica
2479 1844 2644 1910 palma
2680 1855 2838 1912 patet.

1692 1923 1948 1980 Ecclesiae
1971 1942 2110 1980 nunc
2130 1927 2250 1996 jura
2281 1931 2438 1998 regis,
2469 1936 2765 1989 venerande
2792 1936 3058 2008 sacerdos,

1762 2015 1936 2069 Altera
1968 2017 2210 2071 nobilitas
2240 2020 2446 2073 additur
2475 2022 2595 2077 inde
2633 2022 2748 2078 tibi.

1693 2104 2014 2160 Pontificalis
2044 2123 2176 2176 apex
2207 2110 2442 2177 quamvis
2470 2112 2533 2165 sit
2573 2115 2743 2167 celsus
2779 2115 2834 2170 in
2877 2117 3004 2173 urbe
3029 2118 3233 2194 [orbe],

1763 2197 2044 2268 Postquam
2068 2209 2119 2254 te
2156 2204 2362 2265 meruit,
2391 2204 2557 2257 crevit
2583 2205 2802 2272 adeptus
2839 2207 3026 2263 honor.

1692 2288 1823 2343 Aula
1853 2289 1967 2355 Dei,
1992 2300 2044 2344 et
2073 2299 2272 2358 pastor,
2305 2291 2505 2346 vicibus
2526 2294 2623 2347 sibi
2655 2299 2869 2362 przcmia
2895 2295 3136 2369 reddunt,

1762 2375 1840 2430 illi
1869 2386 1923 2429 tu
1947 2387 2208 2440 ornatum,
2241 2393 2388 2443 spem
2414 2381 2558 2434 dedit
2584 2381 2672 2434 illa
2705 2381 2820 2441 tibi.

1692 2465 1907 2521 Munere
1936 2466 2115 2520 divino
2145 2466 2339 2535 pariter
2366 2468 2565 2524 ﬂoretis
2597 2474 2820 2544 utrique,
2851 2522 2858 2531 .

1749 2553 1840 2608 ,Τιι
1871 2555 2111 2612 mercede
2136 2556 2312 2625 places
2332 2598 2346 2621 ,
2380 2557 2464 2611 illa
2490 2560 2679 2615 decore
2706 2563 2851 2618 nitet.

1702 2647 1915 2703 Tertius
1943 2663 1971 2702 a
1998 2649 2201 2703 decimo
2228 2649 2351 2705 huic
2381 2650 2493 2704 urbi
2522 2653 2738 2708 antiStes
2767 2653 2992 2720 liaberis,

1689 2775 1692 2777 λ
1764 2738 1868 2794 Sed
1899 2741 2096 2808 primus
2124 2743 2324 2797 meritis
2353 2745 2735 2800 enumerandus
2760 2747 2883 2801 eris.

1696 2827 1912 2896 Templa
1943 2841 2145 2885 vetusta
2170 2831 2262 2885 Del
2288 2835 2548 2888 revocasti
2572 2833 2625 2888 in
2650 2837 2878 2892 culmine
2901 2827 3093 2908 prisco,

1766 2922 1993 2992 Postque
2022 2939 2173 2977 suum
2201 2923 2401 2992 lapsum
2431 2942 2570 2980 nunc
2601 2930 2814 2984 meliora
2847 2932 3069 2999 placent.

1619 3007 1665 3067 C
1695 3008 1850 3066 Flore
1870 3012 2174 3080 juventutis,
2207 3016 2356 3069 senio
2384 3015 2628 3098 lugiepte,
2660 3026 2957 3088 'coruscant,

1772 3101 1834 3154 Et
1861 3102 1952 3155 tibi
1984 3103 2099 3158 lteta
2132 3095 2326 3168 favent,
2367 3121 2472 3173 quo
2501 3095 2782 3163 renovaute
2810 3113 2993 3166 virent.

1702 3189 1765 3244 Ut
1791 3201 1843 3243 tu
1874 3190 1987 3257 plus
2014 3207 2217 3261 ageres,
2248 3195 2483 3247 incendia
2514 3205 2646 3249 tecta
2671 3209 2994 3265 cremaruut,

1765 3278 1832 3329 Et
1859 3294 1996 3330 nunc
2022 3281 2174 3332 laude
2205 3291 2288 3332 tua
2322 3282 2584 3348 pulchrius
2611 3284 2697 3336 illa
2727 3288 2938 3340 micant.
2958 3294 2995 3330 -‘

1693 3366 1950 3434 Nullaque
1972 3368 2357 3422 llammicremte
2386 3384 2660 3425 senserunt
2681 3375 2869 3428 damna
2895 3377 3078 3445 ruinae,

1763 3455 1889 3521 Quae
1919 3457 2073 3511 modo
2107 3466 2225 3526 post
2252 3459 2399 3528 ignes
2423 3458 2444 3495 ιε
2473 3460 2671 3516 lumine
2697 3464 2856 3530 plena
2879 3466 3063 3521 nitent.

1695 3541 1864 3599 Credo
1886 3547 2021 3613 quod
2052 3562 2113 3600 ev
2145 3561 2263 3601 sese
2293 3549 2576 3602 voluissent
2604 3551 2717 3618 ipsa
2738 3553 2992 3621 cremari,

1765 3635 1831 3690 Ut
1858 3635 2116 3690 lahor‘ille
2141 3645 2259 3689 tuus
2291 3636 2642 3715 limc‘meliora
2668 3639 2819 3693 daret

1695 3723 1820 3777 Post
1842 3723 2044 3778 cineres
2073 3733 2377 3792 consumpta
2405 3739 2545 3788 suos,
2574 3734 2859 3796 tenuesque
2887 3729 3106 3804 favillas,

1763 3813 1851 3867 Sic
1879 3816 2012 3868 solet
2039 3823 2091 3868 et
2119 3815 2336 3869 Phoenix
2372 3811 2390 3851 1
2422 3830 2479 3869 se
2506 3830 2760 3871 renovare
2781 3833 2961 3872 senex.

1696 3900 1984 3959 Instaurata
2014 3906 2169 3960 etiam
2198 3911 2333 3964 sacri
2359 3919 2439 3966 est
2474 3912 2793 3981 baptismatis
2812 3914 2927 3966 aula
2956 3923 3015 3980 ω,

1763 3993 1877 4058 Quo
1897 3996 2131 4052 maculas
2161 4010 2362 4055 veteres
2390 4002 2503 4056 fons
2532 4003 2670 4057 lavat
2697 4019 2829 4060 unus
2860 4007 3029 4074 aquis.

1695 4123 1968 4203 ﬁnitimus,
1999 4131 2430 4195 quemadmodum
2467 4142 2518 4203 et
2544 4135 2692 4188 villas
2725 4151 2840 4203 quae
2885 4155 2912 4189 a
2944 4139 3155 4193 Sidonio
3182 4153 3234 4194 et

1694 4191 1979 4248 Fortunato
2001 4191 2474 4253 commemorantur
2493 4202 2679 4258 domus
2706 4191 2909 4256 iliorum
2937 4191 2996 4262 ac
3022 4191 3234 4261 iamilite

1691 4266 1931 4342 proprias
1961 4265 2142 4330 fuisse,
2175 4269 2459 4323 similitudo
2486 4286 2663 4326 earum
2686 4274 2890 4342 evincit,
2917 4287 2970 4328 ut
2998 4291 3094 4332 suo
3121 4279 3235 4332 loco

64 4319 591 4394 tium-tnetrOpolitam
633 4319 985 4394 fuisseicujus
1035 4325 1248 4380 dicecesi
1293 4337 1404 4380 erat
1446 4341 1588 4382 com-
1613 4334 1666 4394 ι)
1691 4319 2053 4385 indicabimus.

67 4390 397 4456 provincialis
421 4389 765 4443 Santonensis
795 4389 1044 4446 Ecclesia.

125 4469 145 4525 *ξ
180 4457 310 4513 Tres
346 4458 512 4511 Codd.
548 4458 735 4525 Vatic.,
766 4462 928 4512 :eddit
958 4478 1127 4516 amore
1155 4464 1326 4515 vicem.

123 4524 148 4564 ⁸
177 4527 405 4597 Hujusce
429 4527 609 4582 calicis
639 4524 954 4585 mentientem
978 4532 1161 4585 iterum
1188 4532 1359 4586 facere
1382 4531 1588 4587 videtur

68 4595 369 4653 Fortunatus
397 4613 511 4667 seq.
537 4598 795 4666 carmine,
827 4601 932 4654 illis
959 4602 1224 4655 versiculis
1255 4619 1266 4654 :

174 4709 552 4772 Muneribusque
577 4712 665 4772 piis
686 4710 857 4758 dotain
883 4710 1043 4758 altaria
1067 4711 1256 4770 Christi,

229 4771 346 4820 Cum
372 4778 452 4819 tua
477 4770 590 4819 vasa
608 4770 767 4821 l‘eruut
787 4774 967 4821 viscera
990 4775 1152 4821 saneta
1176 4772 1268 4822 Dei

128 4879 148 4905 °
173 4871 229 4926 hi
271 4858 439 4947 Edilis
471 4873 739 4947 legebatur
773 4879 992 4947 quoi-itm
1037 4883 1109 4928 est
1156 4873 1398 4947 altaribus
1448 4885 1593 4944 aptus

68 4948 289 5012 uterque;
317 4944 611 4996 restitutum
641 4960 667 4992 a
699 4943 896 5011 Brem,
937 4960 1002 4999 ex
1029 4955 1206 5000 vetere
1233 4941 1352 5010 Ms.,
1383 4941 1595 5012 quorum
1628 5009 1632 5012 ,

69 5007 199 5081 labor
209 5025 292 5081 gest
315 5012 560 5065 altaribus
596 5023 763 5081 qtae.

133 5076 150 5112 '
184 5078 277 5151 ilic
307 5081 555 5134 Leontius
601 5076 946 5151 successerat
972 5081 1025 5134 in
1073 5081 1197 5134 sede
1229 5081 1596 5151 Burdegalensi

69 5141 199 5218 alteri
223 5150 458 5214 Leontio,
492 5164 608 5204 cum
637 5152 769 5218 ipso,
794 5161 843 5202 ut
869 5150 1091 5215 videtur,
1124 5152 1330 5217 generis
1359 5141 1599 5206 ηερε-εἰέ-

72 5211 234 5287 tudine
261 5211 820 5287 conjiitictus..liortini
843 5221 1055 5286 stirpem
1081 5211 1410 5285 etot-igincm
1439 5221 1600 5278 refert

72 5276 224 5354 Brow.
243 5287 308 5358 ad
327 5276 622 5358 prosapiam
649 5276 1003 5354 Paulinorum,
1025 5276 1378 5358 conjecturam
1403 5276 1598 5350 iaciens

69 5352 122 5403 ex
144 5352 360 5417 quodam
391 5352 596 5414 Sidonii
637 5360 959 5426 Apollinaris
983 5352 1138 5424 loco;
1167 5360 1257 5414 lib.
1304 5376 1411 5418 VIII.
1443 5364 1595 5430 epist.

71 5417 144 5474 il.
173 5421 333 5498 certe
356 5425 754 5498 Leontiusrille,
781 5429 850 5482 de
877 5444 978 5498 quo
1014 5429 1257 5486 Sidonius
1300 5431 1450 5498 facile
1496 5435 1595 5498 pri-

72 5445 144 5474 n.
173 5445 326 5476 ww
356 5445 606 5482 ueontius
646 5445 754 5493 me,
781 5445 850 5482 ue
877 5445 978 5498 quo
1014 5445 1257 5486 biennius
1300 5445 1450 5498 jacite
1496 5450 1600 5501 prt-

70 5491 567 5568 m_._4qt_t_itanorum
604 5497 824 5568 dicitur;
869 5510 1025 5568 atque
1077 5499 1197 5553 huic
1242 5499 1481 5568 Leontio,
1533 5503 1595 5557 de

71 5569 158 5628 quo
179 5560 268 5619 me-
288 5560 626 5622 l'ortunatus.
653 5560 860 5621 videtur
885 5560 1089 5636 origine
1115 5577 1168 5624 et
1205 5569 1404 5626 familia
1435 5560 1598 5626 fuisse

1761 4409 1785 4475 ες
1820 4401 1961 4475 linus
1990 4402 2116 4475 Cod.
2147 4402 2286 4475 _Vat.,
2314 4405 2609 4475 Aquitanius
2638 4412 2767 4463 axis.

1761 4466 1789 4544 ξι
1817 4469 1962 4544 _llnus
1986 4473 2114 4544 Qud.
2143 4466 2280 4544 _Vat.,
2314 4466 2399 4544 qui
2432 4493 2543 4528 cum
2569 4495 2619 4530 se
2647 4483 2824 4544 primo.

1764 4537 1781 4572 ί
1805 4537 1961 4618 ⁸Πιιιιβ
1983 4539 2113 4618 C_nd.
2143 4537 2282 4618 [θεῇ
2312 4537 2356 4596 ét
2386 4548 2625 4614 gravitate
2647 4537 2800 4614 sertis,
2825 4563 2885 4602 ac
2928 4562 3232 4618 perpetuum

1689 4615 1772 4660 est
1801 4606 1911 4688 fere
1937 4610 1986 4660 in
2018 4611 2116 4663 hoc
2158 4611 2349 4688 Codice
2376 4606 2502 4668 Senis
2536 4631 2628 4684 pro
2672 4606 2819 4672 aeneis
2851 4606 3060 4687 ponere,
3093 4606 3230 4688 quod

1692 4680 1852 4729 semel
1885 4689 2093 4733 notasse
2121 4683 2357 4735 sulllciat.

1768 4749 1781 4793 l
1823 4746 2002 4820 Refert
2028 4748 2310 4816 Gregorius
2348 4752 2685 4820 Turonensis,
2713 4756 2905 4808 Histor.
2932 4756 3112 4809 Franc.
3139 4758 3231 4815 lib.

1698 4828 1775 4880 III,
1805 4830 1919 4883 cap.
1951 4819 2035 4882 to,
2068 4819 2456 4873 Childebnrtnm
2488 4819 2681 4891 regem,
2711 4825 3002 4890 lliSpaniam
3033 4826 3234 4884 ingres-

1696 4897 1810 4965 sum
1855 4901 1972 4965 cuin
2013 4891 2274 4965 exercitu,
2315 4892 2545 4965 eju~dem
2570 4931 2585 4955 ,
2617 4895 2788 4965 occiso
2828 4900 2965 4965 rege,
3013 4897 3234 4960 potitum

1697 4952 1876 5008 fuisse.
1903 4956 2023 5009 Haec
2053 4960 2224 5020 itaque
2250 4952 2420 5013 casira
2451 4952 2656 5014 secutus
2693 4962 2848 5013 fuisse
2883 4952 3130 5018 Leontius
3156 4967 3236 5019 di-

1696 5022 1890 5096 cendus
1920 5035 2018 5086 est,
2041 5027 2146 5092 jam
2172 5038 2292 5080 tunc
2316 5037 2470 5081 aetate
2499 5030 2800 5096 pubescens.
2831 5029 2912 5081 Illa
2942 5041 3113 5086 autem
3142 5049 3233 5086 ex-

1697 5093 1890 5160 peditio
1917 5096 2126 5161 contigit
2159 5097 2221 5148 ad
2254 5113 2336 5149 an.
2367 5096 2460 5148 551
2499 5093 2743 5156 “‹·ίι-‹;ἰιετ.
2786 5098 2856 5148 uti
2888 5099 3108 5153 diximus
3137 5116 3232 5152 sn-

1701 5176 1811 5226 pra,
1839 5162 1888 5213 in
1920 5163 2054 5215 uotis
2083 5163 2145 5214 ad
2168 5179 2328 5217 t-arm.
2352 5165 2414 5214 15
2436 5164 2650 5230 hujusce
2679 5165 2814 5218 libri.
2843 5168 3232 5225 Childebertum

1698 5231 1870 5296 itaque
1895 5230 1992 5300 sub
2038 5234 2248 5284 nomine
2273 5234 2398 5300 regis
2421 5234 2576 5284 sereni
2607 5236 2819 5288 minime
2849 5235 3028 5288 dubito
3053 5238 3233 5290 dt-cla-

1698 5299 1823 5360 rari,
1847 5297 1992 5367 cujus
2023 5297 2411 5371 religionem'ac
2441 5303 2682 5368 pietatem
2711 5318 2849 5371 saepe
2893 5306 3068 5360 laudat
3096 5305 3231 5363 For-

1698 5378 1924 5440 tunatus,
1955 5368 2045 5440 se_d
2079 5371 2335 5440 prtecipue
2360 5370 2448 5422 lib.
2481 5385 2550 5432 vi,
2581 5387 2693 5440 cap.
2727 5372 2778 5423 4.

1769 5436 1792 5507 ‘f
1827 5438 1967 5507 linus
1995 5437 2124 5507 God.
2151 5438 2290 5507 Vtit.,
2319 5455 2404 5502 per
2429 5440 2584 5507 ignes.

1773 5504 1790 5542 ι
1829 5505 1972 5582 [_Jnus
2016 5506 2145 5559 Cnd.
2181 5506 2320 5582 Yat.,
2352 5510 2421 5582 sic
2450 5504 2594 5582 ﬂoret
2628 5520 2674 5563 et
2705 5509 2939 5578 Phania,
2972 5526 3236 5582 corrupte.

1769 5576 2128 5651 m’Browerus,
2185 5577 2235 5630 in
2294 5576 2520 5633 notis'ad
2574 5579 2713 5636 hunc
2763 5576 2960 5650 locum,
3008 5576 3240 5641 ostendit
