3820 6236
352 274 455 335 ﬁl

358 387 615 445 Exsilium
645 382 740 444 tibi
777 386 1005 443 mundus
1032 397 1164 453 erat,
1197 402 1409 444 caenosa
1438 388 1707 463 caventi,_,

426 482 494 536 Et
524 482 700 549 modo,
734 491 785 537 te
812 482 1005 553 gaudet
1032 482 1148 536 cive
1177 492 1429 537 manente
1457 484 1629 551 polus.

355 576 559 632 Exutus
588 576 840 644 tenebris,
870 576 1095 631 vestitus
1124 576 1355 644 tegmine
1383 575 1537 640 lucis,

432 665 555 720 Post
583 658 782 720 obitum
816 670 840 696 “
869 665 1062 733 frueris
1097 664 1347 719 liberiore
1374 665 1480 717 die.

356 753 436 809 De
466 755 651 808 tellure
681 768 850 830 satus,
876 754 1046 830 factus
1070 766 1343 821 possessor
1370 752 1603 821 Olympi,

427 844 498 898 Et
520 855 742 899 matrem
774 827 1015 913 linquens
1042 843 1069 881 ιι
1099 858 1221 898 cum
1265 836 1436 915 patre,
1473 843 1590 896 lucta
1629 850 1796 898 tenes.
1854 902 1859 919 η,

356 934 588 992 Humani
613 936 779 990 victor
804 936 937 1002 vitii,
966 949 1125 1003 super
1152 945 1295 988 astra
1321 934 1635 1000 triumphas,

370 1012 378 1026 ’
432 1027 606 1098 Atque
634 1041 873 1083 cremnns
900 1041 1136 1093 carnem,
1169 1026 1265 1080 das
1302 1026 1492 1081 animae
1524 1026 1778 1094 requiem.

354 1118 435 1176 Te
471 1120 935 1199 intermundanos
966 1134 1157 1189 vepres
1191 1118 1485 1188 gradiente,
1522 1119 1766 1186 fatemur,

427 1209 661 1267 Calcatis
690 1208 878 1281 spinis,
908 1210 1268 1281 promeruisse
1295 1224 1464 1265 rosas.

351 1300 515 1357 Flore
542 1300 771 1357 refectus
804 1315 823 1341 ε
855 1316 1003 1371 ager,
1036 1314 1228 1355 suaves
1259 1300 1353 1354 tibi
1384 1300 1557 1353 fundit
1581 1299 1607 1335 ά
1636 1300 1859 1367 odores,

428 1388 694 1456 Balsama,
727 1392 883 1445 thura
921 1390 1152 1459 replent,
1195 1403 1313 1463 quae
1344 1388 1623 1458 paradisus
1654 1388 1831 1444 habet.

354 1478 520 1535 Cauta
552 1496 648 1551 per
676 1490 955 1557 angustum
990 1480 1157 1550 ﬁgens
1187 1481 1405 1550 vestigia
1435 1480 1650 1546 callem,

426 1570 517 1627 Sic
544 1572 689 1627 dedit
718 1586 859 1627 arcta
893 1572 983 1626 tibi
1011 1571 1198 1627 semita
1226 1572 1359 1625 lucis
1385 1572 1506 1627 iter.

356 1662 486 1717 Lata
511 1664 837 1731 voluptatum
865 1665 970 1727 via,
996 1677 1115 1735 quae
1142 1663 1441 1731 submergit
1467 1664 1699 1731 Averno,

432 1752 614 1807 Dulcia
637 1753 813 1807 carnis
842 1752 1008 1817 alens,
1043 1752 1231 1806 mortis
1266 1760 1444 1805 amara
1476 1761 1642 1821 parat.

368 1830 484 1897 Hoc
513 1858 778 1910 nunquam
811 1856 991 1898 sacros
1021 1841 1216 1897 ﬂexisti
1240 1842 1450 1898 tramite
1478 1859 1715 1912 gressus,

431 1932 540 1987 Nec
581 1943 799 2003 potuere
841 1944 959 1989 tuos
990 1948 1149 2002 prava
1182 1942 1367 1989 tenere
1392 1934 1578 2004 pedes.

370 2026 567 2082 Durum
598 2027 697 2081 iter
725 2026 789 2081 ad
822 2026 1025 2092 laudes,
1062 2027 1319 2096 graviore
1350 2029 1438 2081 via
1466 2028 1613 2083 ducit
1641 2030 1693 2084 in
1725 2026 1887 2084 altum
1913 2044 1928 2082 :

432 2118 547 2186 Quo
576 2118 726 2173 labor
752 2129 832 2173 est
866 2120 1059 2186 potior,
1087 2118 1251 2188 gloria
1278 2119 1448 2189 major
1485 2122 1608 2176 erit.

362 2209 492 2277 Quae
524 2210 667 2278 prius
694 2209 941 2277 incipiam
975 2208 1115 2262 sacri
1138 2210 1397 2264 miracula
1426 2209 1573 2276 facti,

434 2299 565 2352 Cum
598 2297 846 2366 quidquid
875 2296 1059 2363 facias,
1090 2299 1265 2352 omnia
1302 2299 1467 2367 prima
1498 2300 1732 2355 micent?

366 2390 503 2447 Dum
539 2388 633 2442 fuit
663 2386 838 2460 [fugit]
866 2388 932 2442 ad
964 2401 1188 2456 superos
1216 2389 1445 2445 humano
1467 2389 1521 2445 in
1551 2405 1777 2463 corpore
1801 2392 1934 2460 vita,

447 2480 526 2535 Ex
558 2479 724 2534 oculis
752 2479 959 2549 fugiens
988 2480 1075 2533 lux
1107 2481 1201 2535 tibi
1227 2483 1402 2536 cordis
1432 2491 1564 2537 erat.

370 2571 428 2628 Si
459 2586 632 2626 ctecus
657 2570 817 2633 venit,
848 2571 1020 2641 rapuit
1050 2571 1311 2640 palpando
1340 2572 1589 2643 salutem,

440 2662 498 2717 ln
530 2663 716 2718 mediis
743 2662 978 2718 tenebris
1020 2662 1166 2718 fulsit
1194 2674 1373 2733 aperta
1405 2665 1541 2720 dies.

373 2751 476 2818 Qui
508 2750 677 2829 voluit
708 2750 831 2805 furti
860 2765 1047 2805 causas
1075 2760 1353 2819 penetrare
1384 2752 1608 2807 latentes
1638 2750 1689 2819 ί,

437 2844 521 2899 Te
538 2842 817 2911 religante,
844 2843 1023 2905 sedet;
1050 2836 1103 2896 te
1130 2846 1397 2896 reserante
1440 2841 1589 2912 fugit.

380 2932 488 2985 Fur
515 2931 628 2984 sine
654 2928 886 2997 perfecto
912 2938 936 2975 ις
965 2940 1090 2983 veto
1110 2928 1364 2999 deceptos
1394 2931 1552 2995 inani,

443 3019 635 3074 Omnia
675 3021 954 3089 restituens
982 3020 1199 3075 crimina
1228 3021 1426 3077 fraudis
1451 3022 1627 3079 habet.

378 3109 509 3163 Nam
537 3108 703 3163 semel
729 3117 784 3163 ut
807 3110 992 3165 molles
1019 3122 1335 3180 carpserunt
1364 3110 1386 3149 ιι
1426 3116 1652 3182 palmitis
1677 3110 1836 3184 uv'as,

446 3200 558 3255 Non
584 3201 808 3255 valuere
829 3202 1022 3270 gradus
1050 3202 1174 3256 inde
1198 3203 1401 3258 referre
1430 3203 1573 3258 foras
1588 3206 1793 3277 \[foris].

300 3320 307 3323 -
378 3289 488 3347 Nec
514 3292 680 3358 potuit
712 3300 890 3358 raptor
913 3290 1130 3358 pedibus
1167 3292 1461 3348 subducere
1494 3295 1745 3364 praedam,

446 3387 661 3453 Raptori
703 3385 918 3440 abduxit
944 3386 1036 3441 sed
1064 3402 1160 3440 sua
1192 3388 1366 3455 praeda
1398 3389 1575 3457 pedes.

374 3475 515 3545 Ergo
552 3473 569 3511 ί
598 3476 707 3530 suis
733 3476 934 3544 laqueis
963 3476 1122 3545 coepit
1148 3478 1310 3532 miser
1336 3492 1455 3533 esse
1487 3480 1694 3547 ligatus,

448 3565 679 3621 Venerat
708 3577 764 3620 ut
785 3576 1018 3633 caperat,
1046 3576 1230 3634 captus
1260 3578 1312 3621 at
1342 3569 1355 3617 i
1394 3571 1509 3636 ipse
1551 3571 1666 3623 fuit.

384 3657 493 3713 Nec
525 3659 695 3725 tetigit
723 3668 974 3721 mustum,
1005 3658 1097 3711 sed
1131 3658 1304 3725 iniqua
1334 3670 1507 3715 amate
1535 3669 1756 3729 rotatur,

452 3749 618 3802 Antea
649 3762 808 3817 quam
850 3748 1077 3813 biberet,
1121 3751 1265 3803 ebria
1310 3751 1461 3805 turba
1496 3752 1656 3821 jacet.

376 3838 599 3906 luctepit
638 3851 854 3893 servare
898 3838 1065 3909 magis
1092 3855 1251 3910 quam
1273 3838 1299 3879 ¹ί
1327 3841 1466 3898 ferre
1501 3859 1758 3912 racemos,

452 3930 513 3985 Et
539 3928 691 3983 datus
716 3938 797 3983 est
827 3939 1027 3994 custos,
1055 3932 1143 4000 qui
1173 3932 1319 4001 cupit
1339 3948 1458 3987 esse
1487 3949 1669 4003 rapax.

378 4021 581 4086 Donec,
612 4030 815 4086 sancte,
846 4022 949 4074 tuis
977 4022 1158 4076 verbis
1184 4033 1237 4075 tu
1278 4023 1527 4091 iussisses
1559 4024 1728 4089 abire,

453 4114 521 4169 Ut
555 4112 751 4167 furtum
788 4114 1057 4181 impleret,
1092 4114 1276 4169 doctus
1307 4118 1372 4171 ab
1396 4116 1547 4170 hoste
1576 4118 1729 4171 redit.

451 4234 476 4260 α
505 4223 685 4278 Sancti
742 4222 976 4277 Medardi
1028 4223 1229 4277 obitum
1272 4220 1512 4279 Cointius
1564 4226 1727 4278 refert
1754 4228 1817 4280 ad
1849 4244 1937 4282 an.

381 4291 505 4345 545.
536 4291 796 4357 \‘ale~ius,
829 4293 893 4345 ad
941 4308 1029 4347 an.
1066 4293 1189 4348 560.
1220 4295 1356 4360 Lege
1405 4296 1693 4358 Cointinm,
1741 4298 1803 4349 ad
1847 4314 1937 4353 an.

380 4363 515 4427 N5,
557 4377 702 4415 nunt.
737 4362 791 4426 9,
836 4362 925 4429 ubi
958 4378 1171 4417 causam
1201 4364 1352 4419 affert
1384 4365 1580 4429 harum
1611 4364 1935 4423 discriminis

379 4434 781 4497 sententiarum,
817 4428 1048 4486 et'suam
1079 4433 1370 4496 confirmat.

450 4501 478 4539 δ
508 4501 859 4573 Νοιιᾉνηᾱυὶιίιο
910 4501 1036 4568 quin
1097 4504 1576 4573 interpungendum
1623 4506 1690 4558 sit
1736 4515 1857 4573 post
1898 4516 1947 4561 et

381 4580 589 4642 matrem
630 4570 876 4642 linquens,
927 4579 987 4622 ut
1014 4584 1199 4642 sensus
1241 4570 1682 4642 sitz'bledardum
1724 4570 1941 4642 terram,

387 4640 454 4695 de
477 4656 577 4708 qua
606 4639 751 4711 satus
782 4641 972 4711 fuerat,
1019 4639 1324 4711 linquenda,
1352 4657 1471 4695 cum
1502 4645 1666 4711 Patre
1696 4645 1806 4698 Deo
1830 4639 1947 4701 ιωιά

385 4724 565 4783 tenere.
603 4710 852 4778 Loquitur
885 4710 1026 4762 enim
1057 4709 1272 4764 Fortun.
1295 4711 1362 4765 de
1386 4709 1659 4779 ejus'statu
1684 4724 1801 4783 post
1847 4717 1942 4770 ob-

383 4792 531 4834 ltum.

456 4860 477 4887 ε
506 4846 655 4918 Apud
691 4846 843 4918 Beli”
875 4848 1001 4915 [fore
1022 4852 1251 4918 refertus.

452 4918 476 4955 ἀ
514 4917 654 4970 Unus
680 4917 835 4980 (ἷοιΙ.⁹
868 4917 1086 4985 infundit
1112 4920 1289 4972 odores
1309 4934 1448 4973 corr.

457 4997 480 5055 ἐ
511 4988 646 5039 Etlit.
678 4985 827 5047 Ven,
859 5003 1006 5055 grave
1026 4998 1169 5040 temet
1194 4990 1331 5042 ducit
1362 4991 1411 5041 in
1434 4991 1611 5044 a.’tum.

462 5054 479 5101 ί
517 5056 663 5121 Apud
724 5054 983 5119 llolland.,
1026 5061 1148 5125 furti
1192 5075 1345 5112 causa
1383 5072 1641 5126 penetrare
1703 5063 1935 5118 latenter.

384 5128 553 5193 Quam
574 5128 856 5193 lectionem
885 5127 1069 5193 probo.
1252 5140 1258 5155 ι

456 5204 481 5270 s
514 5192 665 5270 ibid,
690 5196 791 5245 sine
822 5196 1087 5270 profectu;
1118 5197 1240 5249 item
1273 5199 1452 5270 inuno
1477 5198 1608 5252 Cod.
1640 5202 1805 5257 Vatis.

456 5262 481 5299 ὶι
516 5262 846 5324 Fortunatus,
901 5262 949 5315 in
988 5267 1100 5319 Vita
1131 5269 1294 5319 sancti
1344 5268 1570 5321 Medardi
1614 5287 1771 5325 unum
1819 5285 1935 5327 tan-

388 5337 654 5387 lUllllll’JLlU
708 5332 870 5385 furem
910 5335 1147 5401 ejusdem
1176 5338 1379 5389 vineam
1427 5336 1722 5403 ingressum
1773 5344 1935 5398 fuisse

389 5413 583 5481 narrat.
635 5403 779 5468 Quod
800 5417 943 5482 letgo
970 5416 1147 5482 postea
1181 5406 1377 5459 refert:
1423 5409 1558 5482 ebria
1578 5411 1724 5464 turba
1768 5416 1929 5482 jacet,

388 5472 593 5540 poetico
624 5488 767 5526 more
800 5473 1003 5526 locutus
1034 5473 1194 5527 fuisse
1220 5477 1516 5531 censendus
1545 5490 1643 5533 est.

460 5539 471 5575 ί
512 5543 647 5609 mut.
680 5542 871 5610 Paris,
902 5558 1035 5597 ecce.

458 5612 472 5683 ξ
504 5611 652 5683 _Edit.
689 5611 840 5683 \'en.,
868 5623 1041 5683 captus
1070 5614 1194 5683 ipse.

453 5679 477 5717 ι
504 5677 558 5733 1η
590 5693 694 5733 uno
720 5679 848 5735 Cod.
882 5681 1014 5750 νει,
1045 5677 1196 5753 quam
1223 5690 1425 5758 auferre
1452 5702 1698 5745 racemos.

1069 232 1384 331 vsuAuru
1423 275 1587 332 non.
1628 275 1841 361 ausu.
1884 238 2275 334 martium
2313 276 2594 335 opsnuu
2637 277 2810 336 PARS
2845 274 2887 334 ι.

3454 282 3601 367 ιη

1944 389 2001 469 »Α
2029 387 2159 454 Quae
2190 372 2513 445 manethtec
2540 390 2706 444 animi
2732 391 2921 458 pietas,
2953 390 3283 448 sanctissime
3312 392 3533 463 praesul.

2098 468 2405 535 Laadentem
2439 483 2636 537 auxilio
2666 484 2750 551 qui
2780 482 2909 536 facis
2938 484 3018 538 ire
3048 484 3170 538 tuo?

2028 571 2336 627 Tintinnum
2368 571 2386 611 ι
2414 575 2552 643 rapit
2578 575 2711 629 alter
2738 575 2910 645 inops,
2936 575 3102 645 magis
3126 576 3401 647 improbus
3422 576 3514 633 ille
3531 585 3599 647 ⁸⁵,

2098 664 2197 731 Qui
2233 654 2795 733 jumentorum'colla'
2827 673 3010 720 tenere
3046 665 3202 720 solet.

2028 753 2421 823 Absconditque
2448 756 2589 818 sinu,
2620 755 2758 810 fteuo
2800 755 3078 828 pnecludit
3120 755 3342 818 hiatum,

2098 844 2163 898 Et
2185 852 2330 899 tenet
2355 846 2467 914 ipse
2493 859 2674 909 manu,
2707 860 2775 899 ne
2798 846 3099 900 manifestet
3118 860 3271 914 Opus.

2027 932 2103 988 Te
2130 934 2397 999 veniente,
2428 948 2599 1001 sacer,
2625 948 2814 989 causas
2847 934 3094 1004 patefecit
3121 944 3355 1003 apertas,

2098 1024 2314 1079 Tinnitu
2351 1024 2610 1095 incipiens
2649 1025 2756 1095 jam
2786 1027 2937 1095 quasi
2970 1026 3105 1080 furta
3146 1025 3313 1094 loqui.

2028 1115 2114 1171 Nil
2142 1116 2280 1171 valet
2308 1116 2585 1195 abspondi,
2620 1102 2693 1170 nil
2722 1116 2921 1185 claudi,
2950 1115 3090 1171 nilve
3120 1118 3309 1184 teneri,

2102 1207 2355 1263 Facundo
2378 1208 2607 1278 strepitu
2638 1207 2872 1277 prodidit
2896 1222 3053 1263 omne
3077 1208 3292 1264 malum.

2034 1296 2309 1359 Pandebat
2346 1299 2613 1370 pr0priam
2644 1298 2803 1355 veluti
2840 1301 2939 1356 sub
2972 1298 3156 1370 judice
3192 1313 3432 1369 causam,

2106 1390 2189 1445 Nil
2217 1391 2284 1446 de
2310 1390 2426 1446 fure
2455 1391 2646 1446 timens
2673 1391 2923 1455 liberiore
2954 1405 3108 1446 sono.

2032 1480 2256 1561 Iudicat,
2285 1488 2522 1545 accusat,
2552 1483 2841 1548 convincit,
2868 1482 3105 1549 damnat,
3128 1474 3385 1538 acerbat:

2100 1575 2175 1631 Te
2200 1584 2461 1647 praesente
2487 1583 2691 1641 tamen,
2718 1589 2825 1630 non
2848 1575 2970 1630 licet
2995 1589 3114 1630 esse
3141 1590 3311 1630 reum.

2029 1666 2277 1735 Absolvis
2302 1665 2497 1734 furem,
2528 1666 2701 1721 solita;
2720 1673 2752 1702 ιι
2778 1666 2990 1735 pietatis
3020 1680 3220 1731 amore,

1956 1737 2005 1798 Β
2098 1758 2316 1815 Addens
2335 1768 2391 1815 et
2417 1760 2677 1825 monitus,
2707 1766 2899 1813 cautus
2926 1768 2983 1812 ut
3008 1758 3173 1812 intret
3206 1758 3327 1811 iter.

2032 1851 2355 1921 Praecipiens
2382 1850 2659 1922 querulam
2682 1860 2867 1905 secum
2895 1858 3105 1920 portare
3128 1849 3392 1920 rapinam,

2105 1940 2184 1995 Ne
2213 1953 2378 1995 vacua
2408 1939 2573 1995 tristis
2596 1953 2692 2010 spe
2715 1947 2975 1994 remearet
3004 1940 3173 2009 ineps.

2035 2032 2175 2095 Hinc
2194 2041 2404 2108 tamen,
2430 2042 2489 2088 ut
2509 2041 2716 2103 potero,
2746 2047 2867 2088 cum
2895 2042 3079 2102 raptus
3101 2024 3168 2087 ab
3192 2032 3323 2089 urbe
3342 2041 3370 2069 ο
3394 2032 3613 2099 fuisses,

2103 2125 2233 2192 Quae
2258 2124 2478 2181 dederis
2503 2125 2716 2195 populis
2742 2124 2889 2193 signa
2918 2124 3172 2191 verenda,
3201 2124 3411 2193 loquar.

2023 2212 2167 2270 llum
2194 2216 2278 2283 pia
2306 2214 2606 2283 composito
2630 2214 2955 2269 veherentur
2981 2212 3225 2268 membra
3252 2215 3476 2280 feretro,

2108 2302 2446 2357 Subtraclum
2474 2288 2669 2357 meruit
2690 2315 2863 2356 caecus
2894 2299 3093 2356 habere
3130 2301 3292 2356 diem.

2037 2392 2239 2448 Anxius
2278 2391 2369 2447 ille
2407 2404 2558 2446 sacra
2589 2392 2766 2447 lumen
2796 2392 3030 2460 suscepit
3059 2392 3125 2447 ab
3154 2392 3361 2460 umbra,

2110 2482 2178 2537 Et
2213 2479 2305 2537 tua
2348 2496 2516 2547 mors,
2564 2482 2637 2536 illi
2672 2480 2805 2535 lucis
2832 2481 2981 2551 origo
3008 2481 3122 2536 fuit.

2038 2578 2281 2646 Dumque
2308 2574 2549 2645 sepulcra
2579 2573 2789 2641 darent,
2817 2575 2955 2630 oculi
3003 2576 3208 2631 rediere
3235 2574 3469 2647 sepulti,

2117 2660 2187 2720 Et
2214 2680 2374 2734 sopor
2401 2666 2487 2720 ille
2516 2675 2658 2729 tuus,
2684 2665 2824 2717 hunc
2861 2664 3081 2734 vigilare
3121 2666 3264 2721 facit.

2036 2750 2167 2808 Cum
2197 2732 2330 2823 fugis
2360 2767 2390 2805 a
2418 2752 2633 2813 mundo,
2662 2752 2816 2805 datur
2843 2732 2916 2805 illi
2943 2740 3421 2821 luminemundus,

2109 2845 2186 2898 Te
2218 2845 2487 2913 linquente
2519 2842 2685 2908 diem,
2717 2845 2856 2896 hunc
2884 2840 3091 2911 fugiunt
3122 2844 3375 2899 tenebrte.

2037 2934 2255 3005 Antiqui
2285 2934 2460 2989 vultus
2490 2933 2663 2989 lucem
2693 2943 2943 3003 stupuere
2970 2929 3301 3003 modernam,

2108 3023 2175 3078 Et
2204 3026 2366 3079 veteri
2396 3022 2609 3079 fabrica:
2637 3024 2805 3093 prima
2835 3023 3068 3080 fenestra
3101 3027 3262 3081 venit.

1960 3075 2008 3139 ο
2037 3075 3477 3185 οοᾘρέᾶίῦιέέἶζιὲιίὼῖεξῇἱεὲξἶιζξιὶίἶείέᾷὖέὶίεειιυε,

2109 3204 2226 3257 Mox
2255 3204 2425 3273 tetigit
2468 3204 2723 3271 templum
2752 3212 2779 3251 «ι
2810 3202 2993 3269 ἴθι-τεο,
3012 3203 3184 3257 vincla
3213 3204 3429 3258 cadunt.

2037 3292 2171 3346 Tam
2187 3306 2345 3359 grave
2368 3290 2745 3359 fragmentum,
2762 3289 2915 3344 dolor
2934 3300 3016 3345 est
3033 3292 3113 3345 vel
3135 3307 3352 3349 cernere
3369 3309 3618 3365 poenam,

2110 3384 2349 3438 Pondere
2383 3391 2459 3437 tot
2487 3382 2717 3437 miseros
2748 3382 3077 3439 sustinuisse
3094 3386 3275 3452 pedes.

2041 3476 2095 3533 Si
2125 3490 2361 3531 connexa
2395 3475 2566 3532 forent
2591 3518 2604 3541 ,
2638 3477 2973 3545 elephantem
3008 3487 3029 3514 τ
3060 3479 3267 3534 solvere
3296 3481 3537 3548 possent,

2110 3566 2217 3621 Nec
2248 3576 2449 3634 poterat
2482 3566 2680 3635 rigidos
2708 3567 2821 3635 ipse
2851 3580 3065 3623 movere
3093 3569 3308 3637 gradus.

2042 3653 2154 3708 Non
2188 3654 2362 3707 minus
2397 3663 2475 3707 est
2506 3654 2602 3721 illi,
2634 3669 2774 3722 qum,
2806 3656 3145 3710 subsertente
3174 3661 3428 3728 procella,

2112 3742 2402 3798 Litteribus
2433 3741 2903 3813 Libycissarichora
2936 3744 3102 3800 fracta
3129 3748 3292 3815 jacet.

2042 3834 2203 3889 Ptena
2233 3834 2446 3903 quidem
2479 3832 2694 3903 gravior
2720 3835 2914 3890 cecidit
2945 3850 3219 3894 crescente
3260 3839 3532 3913 triumpho
3558 3860 3577 3913 ;

2118 3926 2337 3979 Vincere
2364 3940 2473 3980 rem
2503 3941 2694 3980 smvam
2724 3926 2888 3996 gloria
2919 3928 3088 3996 major
3115 3940 3246 3986 erat.

2042 4014 2155 4071 Non
2187 4015 2367 4071 habuit
2396 3998 2474 4072 tot
2498 4017 2673 4072 vincla
2717 4018 2822 4089 pati
2852 4019 3015 4091 miser
3043 4021 3147 4083 ille,
3184 4023 3392 4092 ligatus,

2113 4108 2220 4163 Sed
2253 4119 2339 4161 tua
2370 4095 2672 4177 quo‘virtus
2704 4110 2820 4185 plus
2851 4122 3145 4166 mereretur
3170 4128 3322 4182 opus.

2119 4217 2139 4254 ι
2164 4217 2353 4293 Narrat
2381 4218 2667 4279 Radbodus
2688 4219 2746 4293 in
2776 4217 2894 4293 Vita
2916 4223 3083 4293 sancti
3114 4224 3369 4291 bledardi,
3402 4242 3523 4293 cap.
3551 4227 3610 4291 2,

2044 4286 2216 4342 furem
2271 4289 2415 4343 illum
2470 4305 2574 4345 non
2621 4290 2792 4345 solum
2835 4291 3263 4356 tintinnabulum.
3305 4286 3397 4351 sed
3440 4286 3612 4352 etiam

2050 4373 2229 4425 pecus,
2256 4374 2347 4413 seu
2400 4370 2603 4428 taurum
2654 4362 2956 4428 abduxisse,
3009 4374 3064 4417 et
3111 4364 3300 4420 tinnitu
3346 4366 3614 4426 divinitus

2045 4429 2209 4483 fuisse
2238 4430 2523 4497 proditum.

2116 4508 2154 4535 ω
2175 4500 2422 4571 _Bnllantl.
2450 4501 2723 4571 corrigqu
2754 4517 2765 4551 :
2801 4502 2958 4569 magis
2984 4502 3264 4571 improbus.
3293 4505 3465 4563 illum.

2114 4576 2142 4604 ³³
2174 4569 2226 4640 ln
2252 4568 2543 4640 unoCodd.
2574 4570 2773 4640 _Vatic.,
2808 4578 2963 4625 tantm
2984 4568 3194 4640 pietatis
3220 4590 3413 4630 amore.

2118 4644 2140 4672 ³
2172 4639 2312 4692 Edit.
2344 4639 2497 4703 Vcn.,
2532 4638 2593 4690 ub
2622 4640 2759 4693 orbe.

2114 4716 2141 4783 ξ)
2170 4710 2224 4761 St.
2257 4709 2415 4783 Greg.
2445 4709 2682 4783 Turon.,_
2718 4709 2809 4783 lib.
2845 4725 2895 4763 tv
2926 4710 3061 4783 Hist.
3110 4712 3326 4777 Franc.,
3356 4732 3477 4783 cap.
3514 4716 3616 4782 l9,

2044 4779 2330 4852 refert,_ad
2360 4779 2527 4852 sancti
2573 4778 2805 4852 Me‘dardi
2835 4781 3137 4846 sepulcrum
3168 4778 3617 4852 catenasfatque

2042 4849 2327 4922 compedes
2356 4848 2625 4922 tlisruptos
2647 4848 2903 4922 iacuisse,
2941 4864 3064 4922 qua:
3090 4865 3245 4917 usque
3270 4848 3423 4906 hodie
3443 4897 3459 4922 ,
3504 4848 3613 4918 ait,

2041 4922 2094 4970 in
2118 4917 2682 4992 testimoniunrvirtutis
2712 4920 2843 4987 ejus,
2884 4918 3135 4992 adjptum
3165 4924 3297 4977 benti
3320 4917 3617 4992 sepulcrum

2041 4999 2404 5060 reservantur._
2438 4986 2501 5038 Et
2550 4989 2739 5060 lih._v,
2785 5001 2899 5053 cap.
2952 4986 3004 5051 5,
3038 5000 3224 5045 narrat
3269 4994 3336 5047 de
3373 4986 3615 5060 quodam

2040 5057 2275 5111 Modesto
2334 5055 2510 5118 fabro,
2541 5057 2913 5124 quiinnocens
2966 5060 3247 5113 tenebatur
3291 5064 3342 5116 in
3390 5055 3618 5118 carcere

2045 5127 2181 5181 inter
2204 5127 2633 5199 duoscustode,
2668 5125 2873 5199 vinctus
2901 5129 3124 5199 catenis,
3148 5125 3211 5183 et
3231 5134 3613 5199 compedibus;

2040 5207 2092 5250 et
2119 5200 2187 5259 is,
2228 5194 2725 5269 implorato__sancti
2759 5195 2991 5269 Medardi
3027 5194 3620 5269 patrocinio,'rcpento'

2039 5266 2324 5320 confractis
2355 5262 2599 5329 vinculis,
2632 5274 2685 5319 ct
2714 5268 2851 5319 ostio
2879 5262 3142 5335 reserato,
3187 5262 3342 5324 liber'
3365 5262 3612 5327 solutus-

2077 5353 2139 5391 ue
2166 5347 2357 5390 ενδειι.
2950 5385 2954 5388 ,

2037 5352 2139 5481 (lu:
2166 5352 2357 5481 ἴσζῖῗὲ
2395 5403 2692 5481 Cod.Vat.,
2749 5385 2959 5481 morat
3009 5408 3176 5481 tetigit
3208 5410 3412 5477 peplum
3460 5424 3611 5465 corr.

2038 5477 2177 5531 Edit.
2207 5476 2395 5547 Paris.,
2422 5478 2639 5543 pariter,
2674 5481 2726 5547 ut
2748 5476 2924 5547 tetigit.

2109 5558 2129 5584 r
2163 5545 2400 5619 Qtillatid.
2426 5549 2607 5619 corrig
2630 5543 2935 5619 znt‘elephas
2964 5549 3277 5619 nec‘solvere
3316 5560 3505 5619 posset.
3551 5549 3614 5605 In

2036 5632 2141 5671 uno
2169 5616 2295 5691 Qud.
2326 5615 2515 5691 Va_tic.,
2548 5610 2858 5691 elephantem
2888 5631 2977 5669 nec
3001 5610 3194 5673 scivere
3226 5610 3459 5691 possent,-
3493 5622 3615 5676 for-

2034 5704 2127 5743 san
2154 5686 2357 5754 elephas
2383 5683 2469 5737 nec
2496 5685 2683 5739 solvere
2711 5696 2893 5755 posset.
