3820 6236
270 388 380 446 {l5

261 507 404 565 Cum
435 506 808 575 solidarentur,
836 520 941 562 non
967 506 1042 561 sic
1068 512 1346 575 strepuere
1369 513 1590 570 catenae,

342 600 451 655 Ceu
483 601 827 662 tinnivertmt,
857 614 976 653 cum
1006 612 1260 666 crepuere
1288 597 1414 651 ferae
1448 603 1495 651 ⁸.

261 692 400 758 Quae
426 693 524 747 fuit
554 692 645 746 illa
676 691 816 760 prius
842 690 1015 743 nimiis
1043 691 1180 743 male
1209 690 1383 743 vincta
1413 691 1634 757 catenis,

339 784 457 839 lam
490 783 583 835 tibi
613 762 703 850 qui
728 781 909 843 solvis.
942 780 1103 835 libera
1143 780 1327 834 dextra
1358 779 1519 835 lavet.
1616 766 1621 771 ’

259 872 463 942 Lignea
493 871 662 927 vincla
692 884 883 940 gerens
909 871 1044 923 alter
1070 862 1312 941 confugit
1340 870 1405 923 ad
1437 871 1630 937 aulam,

334 964 464 1031 Quae
491 963 648 1016 simili
680 962 871 1017 merito
899 962 1067 1015 scissa
1098 971 1315 1031 repente
1341 963 1553 1018 cadunt.

254 1054 371 1107 Nec
401 1068 567 1117 mora,
599 1052 685 1106 vix
718 1052 888 1121 tetigit
914 1051 1107 1106 sacrati
1128 1050 1161 1099 νδ
1194 1052 1373 1105 limina
1405 1051 1614 1121 templi,

337 1144 418 1198 Fit
449 1143 676 1197 tonitrus
708 1153 729 1181 ο
761 1142 931 1206 caelis,
960 1156 1103 1195 arma
1144 1142 1359 1196 ferendo
1389 1140 1506 1196 tibi.

254 1234 494 1290 Grandia
525 1233 679 1288 divisi
707 1232 1010 1289 ceciderunt
1038 1231 1271 1301 pondera
1303 1230 1450 1300 ligni,

336 1327 397 1379 Et
422 1326 511 1393 qui
539 1324 704 1395 gessit
725 1340 879 1391 onus,
908 1324 1108 1379 corruit
1130 1324 1243 1393 ipse
1266 1322 1445 1377 simul.

252 1415 491 1485 Expavit
516 1415 691 1470 subito
717 1416 783 1470 de
810 1414 1054 1469 libertate
1094 1424 1324 1482 recepta,

332 1510 508 1579 Atque
535 1507 703 1576 magis
734 1506 926 1568 timuit,
954 1504 1163 1572 quando
1192 1504 1397 1558 solutus
1425 1512 1558 1559 erat.

249 1600 385 1667 Quae
413 1602 550 1654 ratio
581 1598 761 1663 fuerit,
791 1598 985 1654 cecidit
1011 1612 1106 1651 cur
1136 1608 1333 1664 pronus
1363 1593 1609 1659 intarvls,‘

326 1690 529 1743 Gaudia
560 1704 750 1759 magna
778 1688 996 1757 quidem
1024 1702 1168 1756 saepe
1199 1687 1386 1741 timere
1416 1686 1611 1741 solent.

1750 735 1786 783 1

245 1799 383 1855 Dum
411 1797 436 1837 ά
463 1809 663 1869 stupet.
694 1799 833 1855 unde
861 1800 1004 1855 salus
1040 1800 1228 1871 laceris
1256 1810 1337 1854 est
1363 1798 1567 1855 reddita
1599 1797 1812 1869 plantis.

324 1893 635 1949 Admirante
661 1892 857 1959 animo,
890 1893 1127 1947 membra
1160 1888 1331 1947 soluta
1358 1892 1549 1945 ﬂuunt.

242 1984 375 2042 Inde
404 1978 554 2040 vetus
587 1984 799 2048 mulier,
824 1986 1019 2054 pariter
1050 1993 1303 2040 nascente
1341 1982 1564 2052 periclo,

322 2076 554 2131 Vulnere
582 2086 785 2131 naturae
814 2084 1018 2130 mortua
1052 2076 1289 2130 membra
1320 2074 1461 2128 tulit.
1559 2149 1569 2157 ι

240 2168 488 2223 Inclusus
518 2167 713 2237 digitos
745 2175 787 2233 °,
820 2166 1006 2221 morbo
1036 2173 1368 2230 numerante,
1398 2164 1631 2230 tenebat,

208 2314 211 2315 ν
317 2263 423 2315 Nec
450 2268 656 2331 poterat
684 2259 843 2314 ducto
874 2257 893 2297 ί
926 2258 1115 2328 pollice
1148 2259 1232 2312 fila
1267 2258 1415 2313 dare.

238 2354 439 2411 Secum
472 2350 856 2423 nata'qnidem,
888 2352 983 2407 sed
1009 2366 1114 2407 non
1143 2367 1236 2406 sua
1267 2350 1455 2407 dextra
1485 2349 1754 2422 pependit,

312 2444 551 2510 Corpore
578 2444 756 2514 juncta
788 2459 886 2500 suo
921 2458 1006 2499 res
1031 2444 1203 2499 aliena
1238 2442 1359 2499 fuit.

238 2534 505 2604 Tempore
547 2536 640 2590 sed
688 2536 839 2591 tardo
883 2546 987 2604 est,
1035 2540 1158 2591 cum
1205 2536 1315 2607 jam
1356 2550 1478 2607 spes
1523 2535 1685 2591 lracta
1726 2535 1813 2605 ja-

1550 2636 1740 2710 [εει-ει,

324 2746 465 2801 Ante
496 2755 611 2800 tuos
640 2746 867 2801 tumulos
899 2756 924 2794 κ
957 2747 1210 2801 vivificata
1244 2764 1454 2803 manus.

233 2838 327 2894 Sic
354 2838 684 2906 inopinatum
714 2835 1052 2891 commendat
1076 2837 1241 2905 gratia
1271 2845 1471 2905 votum,

312 2930 599 2999 Desperata
630 2928 774 2982 salus
802 2928 1007 2983 dulcior
1031 2942 1149 2982 esse
1188 2928 1342 2984 solet.

233 3022 446 3078 Mobilis
477 3037 603 3091 ergo
630 3022 775 3077 venit
800 3022 982 3091 digitis
1010 3022 1343 3090 torpentibus
1381 3020 1571 3077 humor

310 3113 377 3168 Et
403 3114 741 3183 dispensatns
766 3113 915 3167 ﬂuxit
945 3113 997 3167 in
1032 3128 1203 3182 ungue
1234 3114 1403 3183 vigor.

235 3205 398 3262 Arida
430 3220 709 3260 nervorum
752 3221 867 3260 sese
896 3206 1139 3273 iunctura
1172 3208 1419 3275 tetendit,

303 3297 636 3368 Agnovitqne
664 3311 817 3351 suum
847 3311 977 3351 vena
1006 3297 1175 3351 soluta
1210 3296 1407 3351 locum.

233 3384 371 3455 Apta
399 3386 711 3441 ministeriis
739 3387 957 3453 incaapit
983 3387 1154 3455 palma
1181 3386 1407 3453 moveri,

302 3478 590 3533 Servitium
617 3479 850 3543 discens,
880 3478 1041 3533 libera
1072 3478 1255 3534 dextra
1288 3479 1405 3533 fuit.

230 3566 339 3620 Nec
368 3577 567 3619 tantum
597 3567 846 3635 profugos
877 3568 1043 3636 pietas
1069 3578 1154 3620 tua
1183 3568 1417 3622 reddidit
1444 3577 1612 3633 artus,

278 3652 553 3707 Reddidit
578 3667 630 3707 et
661 3656 884 3717 victum,
914 3671 1075 3723 pensa
1106 3658 1350 3710 trahente
1381 3672 1557 3711 manu.

228 3740 482 3811 Eripnlsti
507 3743 664 3797 aliam
695 3743 852 3799 simili
879 3743 947 3799 de
973 3754 1121 3813 peste
1146 3746 1395 3813 puellam,

296 3835 641 3907 Membraque
665 3836 949 3892 reStituens
970 3838 1085 3907 plus
1113 3840 1304 3893 anima:
1333 3838 1538 3895 tribuis.

297 3983 323 4049 ξι
355 3973 493 4049 Edit.
518 3975 677 4049 Ven.,
710 3992 826 4029 cum
853 3991 1087 4049 crepuere
1117 3978 1269 4045 fores.
1304 3977 1464 4048 Boll.,
1497 3984 1637 4049 fma.

298 4042 554 4118 b_Auctor
597 4047 736 4118 Viue
772 4042 947 4118 sancti
970 4042 1207 4111 Meda'rdi
1256 4064 1373 4118 quae
1402 4042 1638 4104 secundo
1664 4050 1781 4108 loco

224 4115 439 4183 ponitur
467 4133 495 4169 a
527 4116 785 4181 Bnlland.,
819 4116 1233 4177 Sucssionensis.
1258 4115 1439 4173 saeculi
1490 4135 1563 4185 tt,
1596 4121 1665 4174 ita
1698 4137 1786 4178 re-

222 4185 699 4259 ferthoc‘factnm,
734 4202 852 4256 cap.
894 4186 1125 4259 2.711.177
1157 4206 1168 4241 :
1208 4188 1273 4242 Ut
1298 4205 1415 4259 ergo
1442 4205 1602 4243 sacra:
1629 4189 1785 4245 didi;

223 4254 419 4329 limina
435 4256 542 4329 ﬁde
560 4259 769 4327 afﬂatus
802 4254 1003 4329 attigit
1030 4258 1261 4326 (vinctus
1291 4254 1481 4325 ligneis
1509 4260 1779 4329 vinettlis),

224 4328 488 4397 repentino
516 4326 738 4397 fragore,
782 4344 884 4380 uno
913 4326 1182 4397 eodemque
1217 4339 1485 4391 momento,
1527 4339 1573 4381 et
1601 4326 1781 4383 caelum

218 4395 467 4467 intonuit,
514 4395 729 4467 eluitaua
776 4399 1070 4465 compediti):
1099 4395 1324 4451 vincula
1368 4402 1572 4466 dirupta
1631 4400 1779 4467 longe

220 4465 499 4539 diuisioni.
555 4464 719 4539 Homo
743 4464 1015 4539 peroptato?
1043 4467 1269 4522 redditus
1295 4464 1535 4535 libertati,
1578 4464 1781 4539 stupore

217 4536 482 4599 attonitus,
512 4537 619 4588 solo
646 4537 995 4604 prosternitur.

253 4647 269 4665 ,
294 4616 315 4641 ο
352 4604 614 4665 Bolland.,
640 4604 695 4671 ﬁt
720 4606 912 4658 tonitru
940 4605 989 4657 in
1020 4606 1176 4660 caelis.

290 4671 316 4708 ά
350 4672 404 4745 in
429 4688 542 4745 iuno
571 4674 699 4745 Cod.
738 4673 876 4737 Val.,
904 4690 1017 4727 cum
1042 4685 1241 4745 stupet.

292 4751 315 4779 ⁸
348 4743 483 4797 Boll.
522 4742 754 4797 restituit
788 4760 799 4794 :

340 4822 551 4873 lnclusos
568 4824 724 4883 digito
743 4825 937 4875 morbos
959 4834 1247 4876 numerante
1269 4827 1482 4882 tenebat.

219 4894 425 4969 scilicet
450 4897 957 4969 digitnsntnnerans
989 4899 1125 4953 idem
1148 4911 1228 4953 est
1257 4910 1414 4969 atque
1448 4897 1630 4954 index.

292 4965 311 5005 ί
340 4967 395 5021 ιη
428 4965 533 5037 uno
555 4967 688 5025 Cod.
712 4967 858 5031 νει,
890 4970 1037 5021 docto
1064 4969 1265 5036 pollice.

288 5047 313 5086 ε
339 5037 483 5092 Edit.
529 5037 695 5103 Paris,
722 5048 862 5091 tuum
891 5039 1160 5092 tantulum.

288 5105 314 5145 δ
342 5107 467 5162 llmc
490 5107 660 5175 puella
690 5110 957 5174 nimirum,
1000 5125 1118 5179 quae
1141 5109 1334 5174 nuptiis
1364 5108 1624 5163 destinata
1655 5111 1768 5167 fuc-

223 5188 321 5240 rat.
373 5179 786 5232 sanctimonialis
837 5179 991 5245 facta,
1026 5192 1085 5231 ac
1133 5191 1310 5245 postea
1359 5179 1659 5245 abbzttissm,
1709 5193 1764 5237 ut

220 5250 443 5324 videtur,
489 5247 962 5324 adeptagradnm,
1014 5250 1146 5324 uteri
1194 5248 1526 5324 sterilitatem
1563 5250 1757 5324 fecun-

227 5318 369 5373 diore
396 5317 459 5372 ac
486 5318 708 5389 ieliciori
748 5318 971 5389 sobole,
1003 5317 1163 5389 partis
1191 5319 1398 5389 Christo
1444 5320 1755 5389 virginibus.

220 5389 590 5511 ωιῖιιέἰιῖῗξινὲι.
613 5387 746 5510 iam”
763 5388 997 5508 (gallum)
1014 5386 1219 5506 (Christi.
1241 5388 1336 5439 Ed.
1364 5386 1759 5454 Par.,tltalamo.

460 5474 523 5511 an
569 5498 605 5511 ..
671 5474 784 5511 ener
824 5474 838 5509 ι
883 5472 1071 5508 onust.

460 5469 605 5512 and..
634 5469 859 5512 deperdit
883 5469 1071 5508 onusti.

291 5475 309 5493 -
343 5475 605 5521 nonnum,
634 5475 859 5527 aeperau
883 5475 1071 5508 onusti.

252 5552 253 5555 η
289 5522 303 5572 l
345 5527 396 5579 ln
425 5544 530 5579 uno
560 5529 687 5581 Cod.
726 5526 862 5592 Vat.,
914 5537 1084 5587 notum
1114 5541 1225 5593 quia
1254 5543 1352 5579 non
1383 5528 1576 5587 habuit.
1624 5533 1762 5590 Edit.

224 5591 381 5665 Paris.
396 5636 409 5659 ,
443 5599 663 5665 pariter,
691 5613 820 5665 quw.

288 5615 409 5698 ἷιδ..
443 5615 663 5665 pariter,
680 5615 820 5720 gum.
1263 5669 1275 5679 ι

290 5728 304 5740 ι
335 5662 455 5740 Duo.
476 5668 641 5721 Codd.
723 5677 794 5720 at.
826 5676 879 5722 et
904 5667 1306 5739 l'loll.,htfantra
1330 5686 1516 5740 parum.

290 5728 308 5770 ι
342 5732 468 5785 Ibid.
479 5768 495 5797 ,
520 5740 731 5794 miserm.

286 5811 322 5839 ω
349 5801 490 5857 Edit.
523 5805 713 5872 Paris.,
741 5809 987 5880 longaque
1014 5826 1131 5868 nox.

1762 4804 1783 4853 \

1474 384 1967 471 ittscELLANEA.
2007 418 2077 430 —
2114 390 2239 447 LIB.
2282 392 2345 449 tt.

1858 892 1868 904 -
1932 869 2040 925 Nec
2065 870 2264 927 fructus
2291 875 2423 929 uteri
2456 877 2654 933 sterilis
2680 881 2918 949 deperdit
2946 882 3150 938 honesti
3187 882 3200 921 ί

3390 405 3492 473 ιη

1859 504 1913 565 Α
1940 504 2261 576 Desponsata
2289 510 2426 576 viro,
2458 511 2669 567 mortali
2701 514 2835 583 lege,
2862 513 3086 583 iacebat,

2005 595 2151 651 Nunc
2182 599 2424 655 thalamis
2451 599 2479 638 Ιι
2507 602 2718 658 Christo
2747 607 2895 675 virgo
2922 608 3092 681 dicata
3124 608 3302 667 micat.

1933 684 2135 754 Sponsa
2166 690 2387 756 quidem
2416 692 2586 748 radiat
2613 709 2731 749 cum
2764 696 3061 765 virginitate
3087 699 3345 769 modesta,

2004 779 2109 848 Spe
2138 783 2353 839 meliore
2377 782 2580 853 fruens,
2612 797 2770 857 nupta
2803 793 3027 846 tenenda
3060 795 3214 861 polis.

2004 960 2159 1017 Flore
2188 963 2449 1031 pudicitiae
2476 977 2642 1022 mater
2682 969 2917 1025 habenda
2946 972 3135 1040 placet.

1932 1050 2166 1118 Acquirit
2194 1064 2436 1119 cunctos,
2469 1068 2647 1111 natum
2677 1074 2885 1129 quoque
2918 1061 2933 1112 l
2976 1078 3077 1118 non
3109 1064 3273 1137 habet.
3294 1081 3479 1141 unum,

1924 1212 1927 1215 ἢ
2005 1139 2427 1213 Progeniemque
2456 1146 2555 1200 sibi
2586 1147 2753 1216 gignit
2781 1164 2959 1205 amore
2990 1153 3100 1207 Dei.

1928 1227 2055 1284 inde
2088 1233 2200 1299 pari
2231 1234 2415 1289 morbo
2443 1235 2679 1292 deﬂenda
2713 1240 2928 1295 infantia
2960 1258 3120 1311 parva
3151 1245 3201 1314 ιι,

1998 1322 2055 1376 ln
2084 1323 2251 1379 lucem
2288 1327 2507 1395 veniens
2537 1331 2771 1386 membra
2808 1346 2989 1389 necata
3023 1339 3201 1403 trahit,

1929 1408 2069 1466 Mors
2097 1423 2149 1467 et
2175 1415 2323 1485 origo
2351 1416 2506 1490 simul
2536 1419 2732 1476 misero
2768 1418 2785 1458 ι
2818 1426 3077 1492 processit
3104 1427 3172 1481 ab
3200 1428 3337 1496 alvo,

1996 1499 2325 1560 Exstinctam
2360 1522 2619 1575 generans
2650 1519 2817 1566 mater
2850 1514 3036 1568 anhela
3070 1531 3306 1573 manum.

1925 1589 2311 1649 Commendata
2347 1605 2437 1651 tuo
2466 1598 2621 1653 rediit
2651 1602 2909 1656 medicata
2936 1606 3202 1673 sepulcro,

1994 1681 2146 1749 Quod
2177 1684 2243 1740 de
2272 1697 2439 1742 matre
2470 1688 2624 1757 perit,
2653 1691 2719 1745 de
2751 1695 2951 1747 tumulo
2981 1694 3187 1763 recipit.

1929 1771 2060 1854 Dum
2082 1775 2224 1847 jacet
2254 1778 2389 1833 alter
2418 1779 2588 1851 inops,
2623 1783 2736 1837 visu
2768 1785 2991 1855 caligine
3016 1786 3211 1853 clauso,

1842 1845 1895 1908 Β
1990 1863 2192 1934 Caicus,
2228 1882 2325 1924 nec
2353 1871 2545 1925 misero
2578 1872 2778 1927 lumine
2804 1875 2979 1931 lumen
3009 1886 3141 1931 erat.

1885 1964 1889 1969 ‘
1920 1953 2098 2026 Longa
2125 1968 2279 2013 nocte
2305 1969 2343 1996 ιη
2384 1961 2588 2029 oculos,
2612 1976 2796 2031 quarto
2820 1965 2929 2039 jam
2961 1982 3161 2036 mense,
3186 1970 3478 2041 premebat,

1990 2050 2044 2103 in
2073 2052 2188 2107 luce
2218 2062 2243 2089 υ
2276 2055 2570 2121 obscurus;
2603 2058 2772 2124 vivus,
2806 2058 2978 2128 imago
3011 2063 3173 2123 necis.

1916 2138 2146 2195 Vocibus
2176 2144 2313 2197 hunc
2341 2146 2559 2200 :nedicis
2590 2155 2614 2181 ο
2643 2150 2896 2203 monuisti
2933 2160 3169 2218 tempore
3205 2155 3400 2220 somni,

1984 2231 2251 2289 Tenderet
2276 2235 2333 2290 ut
2361 2235 2518 2293 velox
2550 2239 2613 2291 ad
2647 2246 2731 2293 tua
2774 2243 2967 2309 templa
2999 2244 3242 2311 gradum.

1900 2322 2036 2379 Mox
2066 2326 2310 2381 veniente
2340 2328 2446 2392 die,
2477 2330 2569 2383 sed
2603 2345 2704 2385 non
2737 2331 2834 2387 sibi
2868 2334 3050 2389 forfice
3081 2349 3258 2402 pressa

1986 2413 2187 2470 Euituit
2219 2427 2245 2466 P
2272 2417 2467 2472 Christi
2497 2422 2694 2475 vertice
2726 2431 2907 2477 tonsus
2937 2439 3084 2480 oves.

1918 2505 2155 2562 Detrahit
2183 2510 2267 2563 hic
2296 2519 2325 2561 ιι
2345 2509 2540 2577 crines,
2574 2513 2766 2568 nitidos
2794 2524 2851 2569 ut
2881 2516 3100 2571 haberet
3126 2518 3342 2586 ocellos,

1986 2593 2050 2649 Et
2079 2608 2352 2654 mercante
2376 2617 2551 2668 coma,
2582 2619 2800 2659 munera
2828 2606 2957 2661 lucis
2989 2620 3147 2662 emat.

1912 2684 2012 2750 Qui
2045 2685 2307 2741 titubante
2334 2690 2521 2755 gradu,
2556 2702 2754 2747 tractus
2787 2697 3026 2762 pervenit
3049 2698 3114 2750 ad
3140 2700 3337 2767 aulam,
3397 2762 3400 2765 Α

1983 2774 2082 2828 Per
2112 2776 2330 2831 biduum
2363 2780 2623 2835 recubans
2647 2793 2771 2838 ante
2799 2788 3042 2855 sepulcra
3075 2789 3193 2856 fuit,

1910 2861 2089 2918 Tertia
2124 2865 2209 2920 lux
2242 2868 2457 2922 rediens
2488 2880 2774 2928 nocturnas
2813 2875 3045 2931 solverat
3074 2881 3310 2949 umbras;

1984 2954 2051 3009 Et
2080 2970 2223 3010 caeco
2253 2961 2486 3014 occurrit
2515 2962 2593 3017 sic
2620 2975 2866 3019 revocata
2892 2966 3023 3022 dies.
3101 2961 3105 2965 “

1911 3046 2150 3119 Undique
2177 3050 2341 3106 [initae
2370 3063 2392 3090 ι
2418 3054 2657 3111 cecidere
2677 3072 2707 3111 a
2737 3056 2910 3114 fronte
2941 3060 3194 3127 tenebrae,

1978 3138 2259 3210 Sanguinis
2290 3143 2425 3197 unda
2457 3146 2610 3215 rigat,
2646 3148 2859 3203 luminis
2886 3159 2997 3204 atra
3024 3152 3193 3209 lavat..

1913 3231 2065 3289 Sicca
2096 3235 2307 3289 lucerna
2339 3251 2475 3292 novo
2505 3238 2760 3308 flagrante
2788 3240 2999 3297 refulsit
3026 3244 3186 3310 olivo,

1979 3325 2318 3396 Obtinuitque
2340 3344 2491 3384 suum
2519 3330 2608 3385 luit
2640 3334 2922 3403 peregrina
2950 3334 3146 3390 locum.

1909 3420 2043 3484 Quid
2076 3419 2304 3475 referam
2344 3429 2388 3487 ⁸,
2415 3422 2573 3478 mutis
2592 3423 2681 3494 qui
2708 3426 2891 3492 verbo,
2912 3426 3082 3479 tverba
3105 3426 3335 3481 dedisti?

1977 3510 2129 3576 Quod
2161 3521 2371 3579 gravat,
2395 3514 2640 3580 ejiciens,
2665 3516 2799 3581 quod
2816 3516 2988 3583 juvat,
3008 3530 3167 3569 omne
3194 3517 3371 3571 locans
3391 3518 3438 3574 ι.

1901 3599 2101 3652 Cuncta
2128 3614 2227 3653 nec
2253 3615 2527 3665 enumero,
2553 3613 2637 3655 tua
2669 3619 2753 3658 me
2774 3606 3041 3674 praeconia
3080 3607 3321 3673 vincunt,

1970 3688 2036 3741 Et
2065 3689 2107 3742 si
2134 3704 2237 3742 non
2267 3691 2437 3758 potui,
2463 3692 2604 3747 velle
2632 3692 2794 3748 fuisse
2828 3695 2965 3751 vide.

1896 3776 1974 3831 En
2005 3786 2092 3831 tua
2123 3778 2319 3849 templa
2357 3787 2385 3815 ιι
2416 3780 2547 3836 colit
2583 3783 2747 3837 nimio
2776 3769 3110 3853 Sigebertus,
3131 3801 3313 3847 amore
3335 3798 3386 3859 ',

1968 3866 2218 3924 lnsistens
2244 3873 2416 3939 operi,
2438 3882 2715 3944 promptus
2738 3889 2926 3933 amore
2953 3879 3048 3941 tui,

2014 4007 2151 4062 Edit.
2188 4006 2343 4075 Ven.,
2377 4011 2427 4063 in
2458 4012 2644 4067 lucem.

1970 4084 1995 4114 ο
2024 4077 2079 4131 ln
2107 4094 2211 4131 uno
2235 4076 2365 4133 Cod.
2394 4079 2532 4143 Vat.,
2565 4082 2763 4136 vocibus
2795 4084 2926 4139 hunc
2969 4089 3169 4143 medici.

1968 4158 1994 4196 ι)
2024 4148 2173 4202 Hunc
2196 4162 2431 4214 versum,
2453 4152 2542 4221 qui
2571 4152 2649 4207 sic
2676 4162 2829 4209 antea
2861 4155 3157 4225 legebatur,

2072 4238 2255 4289 Euituit
2274 4238 2449 4291 Christi
2476 4245 2663 4294 vertice
2682 4252 2818 4315 tonsa
2846 4249 2994 4296 comis
3012 4285 3028 4311 ,

1887 4319 2115 4403 restituit
2147 4321 2323 4405 Brovv.
2350 4325 2693 4405 vetustissimi
2739 4327 2985 4397 Exempl.
3037 4333 3448 4405 Antuerptenm

1886 4402 2007 4457 ope,
2036 4393 2088 4446 in
2113 4406 2219 4461 quo
2248 4393 2518 4461 legebatur
2552 4413 2563 4447 :

2070 4481 2252 4531 Euituit
2273 4482 2447 4533 Christi
2473 4487 2655 4534 vertice
2678 4492 2844 4536 tonsus
2868 4500 3003 4539 oves.

1813 4545 1863 4604 Ι)
1896 4562 2059 4627 Quam
2094 4565 2370 4619 lectionem
2422 4564 2613 4618 habent
2656 4575 2709 4620 et
2749 4569 2917 4623 Codd.
2948 4570 3063 4624 Vat.
3106 4572 3233 4627 (itm
3267 4585 3445 4632 autem

1894 4647 1990 4707 pro
2006 4634 2109 4685 ovis
2137 4634 2361 4707 ponitur,
2392 4644 2447 4686 ut
2480 4651 2598 4704 apes
2626 4645 2678 4690 et
2705 4639 2815 4707 apis
2843 4640 3049 4696 dicitur.
3098 4641 3437 4701 Bollandistte

1890 4701 2068 4767 legunt
2097 4712 2266 4755 tonsus
2305 4704 2472 4758 homo.

1960 4772 2122 4824 Porro
2176 4772 2257 4826 hic
2306 4772 2623 4829 Fortunatus
2653 4777 2887 4833 indicare
2923 4780 3131 4837 videtur
3180 4798 3322 4839 cmco
3357 4785 3436 4843 illi

1887 4841 1937 4894 in
1967 4856 2172 4920 somno,
2227 4857 2328 4897 non
2377 4843 2605 4920 hominis
2656 4864 2833 4912 manu,
2886 4853 2977 4905 sed
3012 4862 3178 4920 opera
3232 4841 3438 4920 divina.

1884 4925 2089 4986 comam
2130 4912 2402 4986 detonsam
2452 4916 2628 4982 fuisse,
2682 4934 2785 4986 quo
2834 4920 2972 4975 facto
3012 4912 3305 4977 monachus
3346 4912 3439 4981 aut

1884 4982 2107 5062 clericus
2155 4984 2404 5062 divinitus
2452 4982 2861 5053 designaliatttr;
2913 5002 2964 5062 et
3014 4991 3138 5047 illud
3186 5003 3434 5062 tanquam

1880 5051 2067 5126 pignus
2099 5051 2592 5126 recipiendiipostca
2626 5062 2767 5112 visns
2794 5061 3015 5126 accepit.

1952 5131 1979 5171 (ι
2010 5122 2064 5174 ln
2092 5137 2196 5175 uno
2222 5125 2351 5178 Cod.
2382 5125 2525 5188 νηί..
2557 5127 2772 5181 detra'tit
2796 5122 2928 5181 hl'lc.

1953 5201 1974 5228 "
2009 5192 2143 5269 Edit.
2184 5194 2310 5269 Ven.
2341 5205 2389 5269 et
2416 5197 2436 5249 1
2475 5196 2602 5250 Cod.
2634 5198 2770 5269 Vat.,
2794 5200 2998 5254 limalw.
3050 5200 3205 5269 Boll.,
3237 5206 3430 5265 limata,

1952 5270 1972 5337 ξι
2006 5263 2163 5337 lin-us
2194 5264 2538 5337 C(i_d.Vatic.,
2564 5268 2684 5334 quid
2713 5268 2885 5319 multis
2915 5271 3148 5337 referam.

1952 5333 1969 5368 ί
2005 5333 2133 5385 Ibid.
2158 5345 2215 5387 et
2245 5334 2383 5388 Edit.
2416 5333 2602 5401 Paris.,
2637 5353 2779 5387 omne
2805 5337 2959 5390 locus.

1946 5409 1971 5436 ιι
2011 5402 2307 5468 Clutarius,
2368 5420 2485 5457 cum
2544 5415 2780 5459 sanctum
2822 5405 3125 5465 Mcdardum
3181 5414 3419 5471 Noviomi

1872 5486 2067 5540 aegrum
2095 5472 2271 5538 jacere
2321 5474 2571 5551 audisset,
2595 5475 2715 5527 illuc
2745 5476 2906 5543 venit,
2954 5490 3011 5533 ut
3059 5499 3176 5537 eum
3220 5485 3417 5539 invise-

3301 5565 3379 5608 ret
3401 5577 3416 5621 ;

1939 5683 1961 5710 ν
1993 5675 2225 5749 Bolland.
2270 5676 2541 5744 legendum
2574 5687 2755 5747 putant
2790 5683 3003 5749 honore,
3058 5700 3120 5738 ne
3170 5683 3281 5741 haec
3308 5704 3411 5743 vox

1865 5761 2033 5868 almorle
2072 5746 2261 5814 smpins
2298 5746 2585 5815 repetatur,
2625 5763 2784 5823 atque
2816 5765 2869 5808 ut
2902 5746 3078 5824 templi
3119 5756 3280 5818 decor
3317 5760 3415 5815 de-

1865 5830 1892 5868 c
1913 5829 2000 5868 are
2028 5828 2105 5868 nr.

1862 5828 2105 5872 etaretnr.
