3780 6362
133 332 232 392 ΙΙῖ

1336 344 1831 410 MISCELLANEA.
1871 384 1940 398 --
1976 357 2107 416 LIB.
2149 363 2237 420 111.

129 447 342 503 nabebo
367 455 414 501 ι.
440 447 577 504 Vere
607 449 759 517 dico,
784 465 888 506 non
920 463 1002 509 est
1028 455 1152 511 illud
1183 471 1276 513 cor
1301 473 1576 528 carneum,
1608 464 1697 542 ubi
1722 468 1776 526 Α
1803 469 2073 524 conditum
2129 484 2181 528 et
2234 475 2502 533 reclusum
2546 488 2592 536 ο.
2648 464 2780 549 Quis
2831 483 2974 539 enim
3035 494 3137 541 tunc
3184 487 3371 556 pietati

129 547 330 594 vestra:
378 541 568 594 animae
617 556 721 596 non
747 543 1004 612 recipitur
1049 547 1285 602 miranda
1325 551 1574 618 dulcedo,
1605 554 1700 609 sed

121 640 212 685 est
239 634 738 689 marmore'durior
767 635 817 701 δ,
849 640 893 692 si
927 649 1084 696 tanta:
1115 641 1392 697 charitatis
1440 659 1544 698 non
1589 662 1700 700 am-

123 722 383 792 plectitur
405 725 769 782 blandimento
797 739 844 782 ο.
869 729 999 786 Nam
1023 733 1142 802 quis
1169 734 1238 790 de
1260 743 1310 790 te
1335 745 1438 790 tam
1468 751 1702 808 congrua

124 815 391 886 pradicet
409 831 567 886 quam
597 834 751 876 mens
777 836 906 878 vere
931 836 1113 881 sancta
1143 827 1424 894 deposcit?
1451 831 1556 884 Aut
1583 833 1702 901 quis

119 917 223 959 suo
251 905 333 960 sic
353 906 825 976 satistacitanimo,
857 921 912 965 ut
940 923 1199 981 vestrum,
1241 918 1387 972 sicut
1416 929 1466 973 te
1494 921 1700 978 conde-

119 1004 232 1060 cet,
263 994 424 1065 digne
466 998 655 1066 prodat
697 998 970 1068 allectum,
1001 1005 1091 1073 qui
1123 1006 1174 1060 in
1202 1015 1344 1062 terra
1373 1009 1452 1064 sic
1483 1013 1701 1078 humilis

119 1097 206 1154 es,
232 1095 297 1148 nt
321 1086 528 1143 habites
579 1099 790 1146 erectus
813 1091 864 1148 in
891 1094 1075 1162 caelis;
1107 1105 1160 1152 et
1180 1098 1485 1156 inclinando
1524 1101 1589 1156 ad
1619 1103 1700 1158 in-

119 1173 252 1229 tima
286 1173 337 1242 δ,
370 1178 638 1233 sublevari
668 1189 719 1236 te
741 1181 905 1238 facias
925 1184 991 1238 ad
1021 1187 1253 1255 excelsa,
1285 1199 1343 1243 ut
1367 1189 1479 1258 jam
1509 1205 1700 1260 agnos-

117 1265 266 1322 caris
320 1276 366 1335 ﬁ,
416 1269 513 1339 qui
547 1269 745 1326 Christi
794 1272 1147 1332 humilitatem
1180 1277 1407 1333 libenter
1437 1276 1459 1317 ί
1490 1282 1698 1350 ample-

115 1360 308 1424 cteris,
333 1358 400 1414 de
430 1362 544 1436 ejus
575 1369 600 1408 ε
631 1362 776 1432 regni
801 1359 831 1401 ι
856 1380 1078 1422 munere
1107 1368 1231 1436 quid
1262 1368 1525 1424 habebis?
1555 1372 1700 1438 Quo-

116 1447 295 1515 niam;
342 1451 484 1504 sicut
531 1450 694 1518 ipsius
740 1455 986 1509 mandata
1017 1466 1143 1512 sunt
1179 1457 1268 1527 qui
1317 1473 1374 1514 se
1421 1461 1698 1528 parvulum

115 1537 264 1592 inter
316 1539 563 1595 homines
613 1541 724 1596 vult
773 1543 978 1609 videri,
1037 1547 1376 1616 magnificum
1425 1537 1484 1604 se
1527 1551 1706 1612 elatus,

111 1631 422 1706 respiciat}
443 1635 494 1690 in
522 1638 770 1704 supernis
789 1641 1154 1709 unusquisque
1175 1643 1405 1711 qualiter
1427 1643 1696 1700 desiderat

107 1728 168 1774 et
193 1731 434 1789 exponat
479 1723 530 1777 i.
579 1725 692 1794 Ego
739 1741 864 1782 vero
909 1729 1166 1798 gratulor,
1213 1730 1266 1784 in
1307 1733 1468 1788 corde
1514 1733 1695 1788 domni

113 1810 421 1880 Euphronii
447 1812 780 1872 dilectionem
807 1816 1013 1872 Domini
1036 1820 1138 1874 mei
1166 1818 1368 1876 sedisse
1393 1819 1415 1858 ι
1441 1821 1692 1888 Martini;
1726 1810 1776 1872 Β

110 1913 448 1974 quapropter
478 1905 755 1975 multiplici
777 1921 863 1962 me
882 1922 1039 1977 prece
1067 1911 1388 1980 apostolatui
1410 1919 1466 1967 et
1483 1922 1691 1979 sancta:

113 1992 374 2048 charitati
407 2005 597 2050 vestrae
633 1998 1046 2067 commendans,
1073 2015 1202 2070 rogo
1229 2017 1322 2070 per
1346 2003 1516 2071 ipsum
1543 2003 1694 2058 dom-

104 2098 242 2138 num
284 2083 593 2153 Martinum,
629 2087 780 2158 cujus
816 2089 1011 2144 frueris
1041 2092 1360 2161 participato
1387 2097 1680 2164 consortio,

102 2185 165 2231 ut
189 2177 338 2246 apud
383 2193 504 2233 eum
554 2183 834 2234 memorari
878 2182 1154 2251 praecipias
1195 2198 1280 2239 me
1337 2185 1589 2240 famulum
1634 2195 1706 2241 et'

99 2266 389 2338 devotum,
441 2277 723 2337 quatenus,
756 2270 880 2340 quid
911 2273 1048 2342 apud
1073 2287 1196 2327 eum
1227 2275 1430 2329 meritis
1479 2290 1683 2345 przeva—

103 2359 235 2414 letis
267 2359 320 2414 in
351 2372 484 2416 mea:
519 2360 537 2398 ι
567 2361 880 2418 humilitatis
917 2365 1245 2433 protectione
1269 2368 1464 2439 jugiter
1509 2379 1689 2434 osten-

103 2449 276 2502 datis.
327 2449 428 2504 Ora
477 2466 572 2519 pro
622 2468 726 2518 me,
781 2453 976 2511 domne
1025 2465 1208 2513 sancte
1245 2465 1300 2513 et
1348 2459 1684 2533 Apostolice,

103 2537 395 2604 peculiaris
433 2541 628 2597 domne
657 2551 713 2598 et
741 2552 911 2612 pater.
1400 2533 1407 2541 ’

727 2650 952 2706 CAPUT
1002 2654 1065 2707 11.

721 2740 800 2792 Ad
829 2742 1082 2796 eumdem.

102 2847 431 2926 [Euphrouii
462 2850 832 2926 singulariain
863 2866 920 2907 se
956 2853 1210 2926 beneficia
1243 2861 1313 2910 ac‘
1332 2858 1519 2912 merita
1545 2873 1683 2926 prm-

171 2921 344 2985 dicat,
390 2935 452 2974 ac
481 2934 630 2973 suam
680 2921 732 2976 in
762 2923 905 2976 illum
939 2925 1253 2978 memoriam
1286 2939 1339 2980 et
1368 2921 1683 2983 charitatem

172 2990 441 3067 declarat.
477 2989 754 3067 ‘Plurihus
809 2993 1000 3047 deinde
1062 2995 1286 3049 virtutes
1346 2997 1681 3067 Euphronii,

187 3061 375 3129 .uihus
406 3059 489 3115 vel
519 3063 726 3136 caeteris
756 3076 869 3117 erat
897 3059 1563 3136 exemplotprosequitur;
1615 3059 1683 3124 ad

174 3140 481 3186 extremum
515 3146 612 3224 pro
647 3133 755 3189 suis
786 3135 938 3192 noxis
965 3143 1023 3186 ut
1065 3136 1141 3224 ad1
1179 3133 1387 3191 Patrem
1439 3133 1558 3208 ipse
1588 3139 1683 3195 de-
1709 3161 1757 3224 ο

175 3210 433 3272 precator
461 3206 656 3256 existat
678 3218 884 3270 summe
914 3203 1142 3275 exorau]
1442 3243 1450 3252 -

217 3325 384 3366 omno
412 3321 595 3377 sancto
617 3314 854 3383 mihique
883 3315 933 3368 iu
966 3313 1077 3370 Deo
1106 3324 1143 3361 Ψ
1175 3318 1427 3386 peculiari
1460 3329 1682 3388 patrono

92 3401 412 3473 Euphronio
442 3420 589 3473 papa:
621 3404 963 3469 Fortunatus.

161 3494 449 3563 Copiosam
496 3504 549 3550 et
585 3498 1109 3563 superabundantem
1140 3501 1370 3568 pectoris
1411 3505 1522 3558 veri
1549 3505 1666 3558 dul-

84 3583 379 3647 cedinem,
433 3599 592 3649 quam
655 3588 796 3638 circa
848 3577 1184 3650 devotionem
1243 3604 1487 3656 personat
1518 3607 1670 3658 mete,

87 3679 329 3730 restram
375 3672 754 3730 beatitudinem
782 3712 798 3737 ,
847 3675 1004 3734 Pater
1046 3677 1405 3739 amantissime
1431 3719 1446 3744 ,
1504 3681 1673 3736 fateor

83 3759 448 3834 impendisse,
481 3763 599 3830 quis
629 3760 798 3832 illam,
836 3773 892 3817 ut
920 3763 1134 3833 dignum
1159 3775 1182 3813 ι’
1221 3776 1335 3834 est,
1381 3771 1464 3823 vel
1511 3773 1671 3830 corde

85 3851 272 3920 possit
321 3853 645 3921 concipere,
697 3854 781 3912 vel
839 3868 1090 3912 sermone
1131 3857 1306 3920 valeat
1369 3861 1671 3929 explicare?

81 3943 224 4011 Quae
273 3950 418 4010 tanta
457 3958 542 3999 me
589 3944 691 4000 sibi
754 3945 966 4003 vinculo
1023 3948 1344 4007 admirandas
1393 3952 1670 4010 charitatis

82 4035 370 4103 astrinxit,
397 4045 454 4088 ut
482 4049 550 4089 ne
573 4037 729 4091 unius
757 4038 900 4091 horae
929 4040 1098 4106 spatio
1119 4041 1186 4094 ab
1214 4040 1307 4095 illo
1333 4042 1462 4096 mihi
1487 4045 1671 4102 videar

80 4123 333 4192 separari
396 4135 707 4194 conspectu,
753 4142 910 4204 quem
937 4138 989 4182 et
1019 4129 1064 4182 si
1110 4140 1421 4197 praesentem
1454 4149 1558 4188 non
1591 4138 1670 4206 vi-

77 4215 229 4279 deo,
287 4223 519 4268 attamen
576 4216 712 4269 intra
763 4217 993 4286 pectoris
1050 4219 1401 4276 habitaculum
1464 4224 1667 4289 retineo

76 4371 350 4448 bsn_eﬁciis
381 4380 625 4448 testatur,
647 4371 803 4448 quod
830 4386 958 4448 sane
1008 4374 1259 4430 disertius
1290 4390 1522 4444 sequens
1548 4379 1662 4448 epi-

73 4444 223 4498 stola
273 4443 522 4500 ostendit.
571 4440 622 4496 ls'
648 4440 840 4506 deinde
883 4442 1124 4502 Pictavos
1153 4459 1212 4500 se
1232 4440 1481 4511 contulit,
1520 4440 1654 4503 et'in

73 4528 141 4566 ea
158 4512 404 4586 civitate
426 4503 712 4586 habitavit;
740 4524 894 4575 quam
927 4511 1012 4573 hic
1049 4513 1285 4586 iudicari
1335 4515 1416 4586 iis
1445 4503 1643 4586 verbis,
1678 4503 1732 4565 D

71 4584 170 4650 qu.-
197 4581 429 4653 assumtis
456 4581 516 4653 is
535 4580 691 4653 ᾳιιειπ
716 4581 1236 4653 εφηηιονθτκείςέταίεε
1256 4597 1373 4649 βαίη
1402 4580 1650 4653 ³¹¹⁰⁹¹θτδ

73 4648 431 4719 crediderim.
460 4648 590 4710 Vide
611 4664 727 4716 qua:
747 4648 972 4714 diximus
990 4652 1042 4704 in
1071 4651 1181 4714 Vita
1201 4650 1368 4719 Fort.,
1394 4669 1537 4716 num.
1557 4648 1646 4713 47.

153 4729 182 4756 ⁸
219 4718 362 4772 Edit.
391 4718 544 4781 Ven.,
573 4719 772 4782 clausos
796 4719 969 4772 habeo.

149 4788 182 4828 δ
218 4788 365 4842 Unus
390 4789 518 4842 Cod.
549 4788 690 4852 Vat.,
723 4805 970 4845 marmore
993 4793 1194 4857 daring.

159 4869 182 4898 ε
219 4858 361 4928 Edit.
385 4859 542 4926 Ven.,
567 4859 980 4914 blandimentum.
1073 4925 1077 4928 ,

152 4931 182 4970 σι
215 4927 358 4984 Edit.
397 4930 550 4992 Ven.,
591 4930 887 4982 inclinanda
916 4932 980 4982 ad
1000 4927 1367 4998 inﬁrmitatem.

154 5010 180 5039 ο
205 5004 265 5054 In
295 5015 399 5053 uno
429 5000 558 5054 Cod.
591 4999 733 5064 Vat.,
776 5009 828 5052 ut
847 5002 962 5069 jam
989 5017 1309 5073 agnosceres.
1341 5001 1474 5059 Item
1516 5005 1646 5068 Ven.

69 5075 226 5129 Edit.
261 5070 430 5135 Paris.
462 5069 626 5139 Edit.,
649 5085 908 5139 agnoscas.

155 5142 176 5182 ι
209 5141 270 5195 In
293 5154 397 5194 uno
423 5140 555 5192 Cod.
581 5138 698 5192 Vat.
739 5140 887 5193 deest
914 5141 1144 5197 libenter.

155 5222 176 5260 I
201 5211 365 5261 lbid..
406 5210 467 5261 de
488 5212 656 5261 cuius.

147 5222 176 5260 ι
201 5211 365 5274 lbid.,
406 5211 467 5261 de
488 5212 656 5277 cujus.

147 5281 177 5320 ιι
207 5281 342 5335 Ibid.
366 5279 514 5334 deest
533 5280 694 5348 regni.
719 5277 846 5335 Item
870 5283 921 5336 in
952 5281 1056 5336 alio
1087 5282 1218 5337 Cod.
1248 5281 1361 5336 Vat.

151 5352 172 5389 ι
205 5350 350 5440 ﬁdit.
384 5349 819 5440 V‘enq‘t'espiciet.

149 5422 166 5489 i
205 5419 357 5474 Unus
387 5420 520 5474 Cod.
545 5418 686 5481 γει..
709 5431 755 5473 et
782 5430 1082 5489 exponetur.

145 5487 174 5562 ξ
208 5489 270 5562 lg
300 5505 418 5562 ιιηοΔ
434 5490 584 5562 Cod_._
603 5489 743 5557 Vat.,
770 5487 1003 5545 sensisse.

145 5554 170 5602 ι
209 5556 361 5630 [inus
383 5557 686 5630 C9d.Vat.,
718 5554 998 5630 pressistis
1018 5564 1068 5616 in
1092 5579 1192 5617 me.

141 5626 392 5698 n_l.ltttls.
415 5629 543 5698 Cod.
582 5626 726 5698 Vah,
745 5634 797 5686 in
815 5633 1050 5686 Domino.

137 5703 168 5730 ⁸
199 5695 557 5774 ζειιμωξναοό.
591 5695 716 5774 Vat.
751 5717 866 5770 post
895 5705 1104 5774 dignum
1130 5704 1278 5759 deest
1306 5716 1394 5759 est.

146 5777 173 5805 ο
205 5763 354 5820 Edit.
387 5763 543 5833 Ven.,
586 5763 891 5827 reclausunt.
919 5763 1044 5829 [fetu
1076 5776 1180 5829 duo
1219 5775 1386 5831 Codd.
1427 5775 1546 5830 Vat.

1804 558 2114 634 [charitati]
2157 572 2184 613 P
2214 567 2496 632 peculiaris
2526 584 2630 624 non
2663 573 2928 642 redditur,
2960 574 3013 629 in
3049 592 3151 645 qua
3197 577 3372 652 [quo]

1803 658 1962 705 tantte
2015 652 2264 708 bonitatis
2335 656 2589 714 beneficia
2652 664 3031 720 continentur?
3079 679 3170 723 aut
3215 686 3370 738 quem

1804 743 1866 794 ad
1900 751 2040 796 tuam
2063 745 2397 802 dulcedinem
2447 764 2551 804 non
2600 751 2761 808 ducas
2811 755 3082 829 [inducas]
3126 759 3368 827 invitum,

1803 829 1954 900 cujus
1986 834 2324 901 probavimus
2345 840 2577 895 animum
2618 841 2870 899 ineilabili
2894 845 3156 902 charitate
3183 851 3366 918 profu-

1803 937 1920 978 sum
1976 916 2368 1002 [perfusum]?
2418 933 2532 1000 Qua
2597 945 2771 991 autem
2829 938 2959 993 illud
3021 916 3373 1001 admiratione

1802 1018 2143 1085 complectar,
2173 1036 2293 1077 cum
2330 1032 2385 1079 te
2437 1026 2516 1080 sic
2563 1027 2716 1083 video
2769 1041 2989 1086 cunctos
3017 1032 3260 1103 diligere,
3309 1052 3372 1092 ac

1801 1111 1846 1164 si
1869 1127 2298 1183 unumquemque
2327 1116 2396 1170 de
2435 1123 2649 1188 proprio
2700 1120 2844 1177 visus
2894 1123 2968 1178 sis
2999 1123 3168 1180 latere
3212 1142 3375 1196 gene-

1803 1202 1987 1257 rasse?
2031 1201 2162 1270 Quis
2207 1220 2336 1261 vero
2368 1208 2600 1263 ﬁliorum
2650 1213 2913 1280 superbus
2963 1215 3252 1280 desideret,
3278 1218 3368 1273 ubi

1801 1302 1854 1348 te
1881 1304 2082 1363 patrem
2108 1304 2163 1349 et
2208 1296 2482 1353 doctorem
2534 1309 2692 1355 tanta:
2735 1303 3050 1358 humilitatis
3097 1305 3368 1377 agnoscit?

1800 1393 1890 1437 aut
1912 1383 2029 1453 quis
2053 1395 2079 1434 ιι
2110 1399 2316 1442 summo
2362 1389 2655 1444 nobilitatis
2687 1393 2729 1430 τ’
2765 1393 3102 1452 descendens
3131 1398 3198 1454 do
3249 1400 3366 1455 cul-

1799 1475 1961 1542 mine,
1988 1491 2106 1532 cum
2138 1487 2189 1534 te
2231 1480 2311 1534 sic
2358 1484 2579 1551 respicit
2621 1485 2942 1555 supplicem,
2993 1505 3100 1545 non
3151 1505 3210 1547 se
3262 1494 3366 1550 tuis

1799 1566 2044 1637 vestigiis
2077 1568 2129 1630 in
2161 1577 2299 1624 terra
2332 1565 2642 1655 provolutus
2683 1577 2932 1633 extendet
2966 1577 3272 1653 [ostendetl
3298 1592 3319 1618 '
3345 1584 3372 1639 ἵ

1803 1660 1937 1716 Vere
1966 1661 2108 1718 dico.
2137 1663 2194 1718 Si
2227 1666 2481 1720 tumidum
2513 1669 2763 1738 superbia
2793 1671 3001 1742 dejicit,
3032 1675 3254 1731 multum
3286 1687 3369 1733 est

1803 1750 2083 1808 laudabilis
2105 1752 2397 1820 humilitas,
2429 1773 2547 1826 qua:
2567 1772 2662 1814 vos
2703 1761 2858 1830 erigit
2889 1762 2934 1816 τ.
2966 1763 3097 1829 Quis
3140 1765 3370 1834 denique

1803 1840 1912 1896 illic
1941 1857 2062 1898 esse
2093 1846 2258 1913 possit
2287 1846 2594 1915 iracundus,
2626 1857 2718 1903 aut
2763 1852 3027 1917 turbidus,
3075 1852 3162 1909 ubi
3191 1868 3357 1910 sacer-

1797 1933 1894 1988 dos
1935 1944 1990 1990 et
2038 1937 2272 2004 pontifex
2338 1945 2447 1992 tam
2500 1940 2738 2009 placidus
2793 1951 2875 1997 est
2927 1946 3209 2000 inventus?
3257 1946 3370 2001 Scit

1796 2026 1937 2079 enim
1966 2033 2107 2080 totus
2137 2028 2254 2082 sine
2282 2030 2571 2098 rapacitate
2610 2046 2739 2100 grex
2770 2033 2970 2099 vivere,
3020 2035 3110 2089 ubi
3155 2036 3366 2091 vivendi

1793 2119 2146 2187 tranquillitas
2176 2119 2400 2174 discitur
2425 2137 2454 2174 a
2488 2131 2722 2189 pastore.
2755 2123 2892 2187 Quid
2925 2123 2993 2180 de
3040 2126 3200 2182 rebus
3236 2129 3363 2182 reli-

1790 2207 1908 2277 quis
1948 2208 2212 2273 releram,
2268 2210 2320 2262 in
2373 2209 2562 2279 quibus
2622 2219 2672 2264 te
2711 2210 2790 2265 sic
2847 2213 3110 2282 impendis
3162 2213 3214 2269 in
3257 2217 3336 2270 sin

1791 2299 1947 2376 gulis,
2002 2307 2062 2355 ut
2091 2299 2320 2355 lauderis
2360 2315 2390 2354 a
2443 2300 2648 2355 cunctis
2692 2302 2766 2353 ιιτ
2808 2301 2935 2368 Qua:
2982 2313 3158 2360 tamen
3213 2313 3268 2359 et
3314 2306 3362 2359 si

1791 2394 1987 2452 imitari
2029 2409 2134 2449 non
2190 2409 2512 2463 possumus,
2569 2393 2657 2448 vel
2710 2393 2909 2450 vidisse
2959 2397 3098 2465 quod
3162 2397 3360 2452 imitari

1791 2491 1976 2545 deceat
2031 2489 2450 2559 congaudem‘us.
2508 2489 2846 2559 Quapropter
2903 2489 3251 2544 dominationi
3305 2501 3361 2546 et

1791 2581 2062 2637 sanctitati
2129 2588 2325 2642 vestra:
2377 2579 2722 2650 peculiariter
2771 2596 2859 2638 me
2938 2583 3356 2646 commendans.

1790 2685 1921 2740 rogo
1966 2680 2019 2725 et
2054 2670 2328 2738 obtestor,
2361 2671 2441 2725 sic
2491 2671 2582 2726 ille
2632 2673 2861 2727 domnus
2907 2688 3061 2728 meus
3100 2675 3358 2732 Martinus

1789 2774 1881 2814 sua
1911 2759 2296 2816 intercessione
2325 2757 2584 2821 obtineat,
2635 2766 2695 2812 ut
2739 2774 2860 2814 cum
2903 2762 3040 2828 ipso,
3066 2765 3212 2832 juxta
3241 2779 3356 2819 me-

1788 2851 1887 2905 rita
1910 2859 2107 2916 vestra,
2139 2850 2190 2904 in
2220 2849 2336 2904 luce
2363 2859 2617 2920 perpetua
2647 2864 2742 2905 vos
2781 2852 3012 2908 collocet
3051 2855 3226 2932 divina
3254 2859 3355 2910 mi-

1788 2939 2101 3006 sericordia,
2129 2948 2185 2994 ut
2215 2953 2311 3010 pro
2337 2955 2422 2994 me
2449 2939 2634 2994 humili
2662 2940 2772 2996 illio
2793 2949 2846 2997 et
2874 2956 3029 2996 servo
3058 2953 3262 3008 vestro,
3281 2945 3348 2998 ad

1789 3032 1905 3103 ejus
1935 3032 2153 3088 beatum
2183 3032 2483 3101 sepulcrum
2512 3048 2667 3088 orare
2692 3033 2929 3103 digneris
2969 3033 3306 3107 [dignemini]
3331 3075 3348 3102 ,

1789 3132 1846 3177 ut
1887 3136 1983 3194 pro
2011 3133 2348 3191 peccatorum
2401 3138 2640 3178 meorum
2693 3125 3010 3180 remissione
3041 3125 3157 3193 pius
3186 3124 3340 3179 inter-

1786 3226 1969 3268 cessor
1998 3214 2222 3268 accedas
2248 3222 2297 3266 ν.
2347 3213 2611 3285 Εοελνετο
2655 3213 2745 3284 qui
2792 3215 2951 3268 vestri
2987 3223 3129 3283 sunt,
3164 3229 3348 3270 omnes

1784 3304 2011 3359 domuos
2041 3313 2096 3359 et
2122 3305 2304 3360 dulces
2335 3304 2542 3377 [duces]
2575 3319 2722 3360 meos
2769 3316 3079 3362 reverenter
3129 3307 3298 3361 saluto
3329 3323 3344 3362 :

1781 3396 2032 3451 domuum
2053 3412 2227 3453 meum
2249 3413 2341 3467 per
2358 3399 2532 3453 omnia
2556 3388 2913 3454 dulcissimum
2930 3402 3340 3456 ﬁliumveStrum

1780 3499 1807 3525 κ
1831 3489 2106 3545 Eventium
2134 3503 2228 3555 pro
2255 3503 2342 3541 me
2384 3489 2748 3556 multipliciter
2801 3489 3044 3556 supplico
3097 3489 3338 3544 salutari.

1777 3580 1980 3632 Domno
2021 3594 2140 3640 meo
2186 3579 2350 3632 Felici
2373 3589 2403 3624 γ
2429 3580 2679 3646 episcopo
2729 3580 2774 3632 si
2806 3593 2900 3644 per
2933 3593 3027 3632 vos
3052 3580 3218 3646 venit,
3249 3594 3337 3640 me

1774 3666 1998 3736 benigno
2026 3666 2204 3723 animo
2228 3666 2592 3721 commendari
2615 3666 2866 3736 deposco.
2901 3668 3002 3723 Ora
3039 3683 3137 3738 pro
3175 3684 3279 3726 me.

2302 3877 2313 3882 ς
2385 3823 2608 3881 CAPUT
2635 3825 2722 3880 111.

2357 3942 2438 3995 Ad
2489 3944 2735 4007 eumdem.

1773 4078 1972 4151 [Sancti
2022 4075 2589 4160 [sitphronii‘virtutes
2629 4076 2905 4160 celebrat,
2948 4077 3105 4160 aeuin
3137 4077 3326 4160 primis

1843 4149 2156 4219 pastoralem
2198 4147 2433 4219 ejusdem
2474 4146 2883 4205 sollicitudinem
2913 4155 2966 4201 et
2991 4147 3320 4217 diligentiam

1838 4214 2222 4287 commendat.]

1837 4387 1865 4427 ιι
1887 4376 2046 4442 lbid.,
2077 4376 2131 4430 in
2163 4375 2294 4430 Ven.
2321 4376 2485 4441 Edit.,
2509 4384 2597 4428 tua
2621 4376 2803 4444 pietate
2829 4377 2883 4430 in
2911 4393 3030 4444 quo.

1838 4457 1864 4496 tt
1896 4447 2034 4500 Edit.
2071 4447 2328 4512 Ven.,aut
2350 4447 2594 4513 quamvis.
2631 4448 2759 4500 Item
2788 4447 2893 4500 duo
2932 4446 3099 4501 Codd.
3134 4446 3251 4504 Vat.

1833 4527 1855 4554 τ
1887 4516 2030 4570 Edit.
2069 4517 2225 4580 Ven.,
2264 4515 2552 4575 descendat,
2795 4533 2798 4536 ’

1828 4594 1848 4621 ⁸
1880 4587 1992 4638 Duo
2021 4586 2185 4640 Codd.
2220 4583 2366 4647 Vat.,
2391 4583 2630 4638 extendit.
2665 4584 2794 4640 item
2828 4584 2972 4638 Edit.
3001 4583 3135 4640 Ven.

1827 4656 1991 4708 *Duo
2036 4654 2201 4708 Codd.
2247 4652 2385 4717 Vat.,
2449 4668 2534 4708 vos
2601 4655 2816 4708 multum
2872 4663 3033 4707 est...
3063 4694 3075 4708 .
3102 4693 3117 4709 .
3185 4661 3322 4725 quod

1749 4726 1929 4780 erexit.

1821 4805 1849 4832 υ
1885 4794 2028 4849 Edit.
2058 4793 2284 4855 Ven.,in
2314 4794 2527 4856 cunctis.
2561 4793 2690 4853 item
2715 4795 2822 4850 duo
2853 4792 3023 4848 Codd.
3053 4793 3154 4849 Vat

1823 4874 1852 4903 ν
1877 4865 1931 4917 In
1964 4879 2069 4917 uno
2089 4864 2217 4918 Cod.
2258 4862 2402 4930 Vat.,
2431 4864 2657 4920 accedat.

1825 4945 1851 4973 κ
1881 4935 1992 4991 Duo
2021 4935 2186 4989 Codd.
2239 4933 2356 4989 Vat.
2385 4945 2436 4988 et
2463 4935 2594 4994 Ven.
2630 4935 2771 4991 Edit.
2822 4934 3103 4988 Aventinam.
3165 4935 3316 4992 Putat

1752 5007 2036 5061 Browerus
2082 5007 2219 5059 hunc
2282 5006 2584 5070 Eventiu’m,
2639 5007 2750 5061 sive
2780 5005 3088 5070 Evautium,
3145 5006 3309 5063 fuisse

1752 5079 1907 5133 illum
1935 5076 2002 5129 de
2030 5092 2134 5145 quo
2161 5074 2322 5144 Greg.
2354 5075 2582 5140 Turon.,
2608 5077 2700 5129 lib.
2725 5092 2816 5130 vm
2865 5077 3056 5129 llistor.
3093 5076 3309 5142 Frauc.,

1752 5162 1872 5216 cap.
1925 5145 2012 5210 39,
2066 5146 2154 5210 qui
2211 5156 2420 5200 creatus
2479 5147 2757 5213 episcopus
2805 5146 3123 5200 Viennensis
3180 5148 3312 5203 obiit

1756 5232 1895 5271 anno
1938 5216 2219 5269 undecimo
2243 5216 2387 5284 regni
2432 5216 2790 5282 Childeberti,
2847 5216 2959 5269 sive
3007 5232 3132 5272 ann.
3184 5219 3307 5272 556.

1754 5287 1902 5341 Alter
1933 5285 2185 5339 Eventius
2213 5295 2536 5339 memoratur
2566 5302 2594 5339 a
2627 5285 2845 5355 Cregor.
2882 5286 2976 5340 lib.
3016 5304 3047 5341 x
3106 5289 3304 5342 ilistor.

1753 5357 1971 5426 Frauc.,
2001 5369 2120 5422 cap.
2145 5356 2200 5419 2,
2222 5356 2310 5423 qui
2341 5357 2540 5424 legatus
2569 5356 2761 5410 missus
2789 5355 3305 5426 ConstantinOpolim

1752 5439 1783 5479 a
1810 5425 2133 5498 Chilperico,
2170 5426 2389 5498 delatus
2434 5426 2804 5493 Carthaginem
2846 5428 2917 5498 ibi
2977 5425 3213 5498 populari
3245 5427 3303 5480 in

1754 5494 2014 5566 seditione
2055 5505 2137 5566 est
2167 5493 2501 5561 interfectus,
2535 5505 2590 5548 ut
2634 5508 2816 5550 narrat
2846 5493 3005 5566 Greg.
3037 5493 3195 5566 uitato
3243 5499 3298 5551 iu

1755 5564 1886 5618 loco.
1925 5563 2050 5634 Uter
2085 5565 2174 5625 sit,
2205 5578 2270 5615 an
2304 5566 2474 5629 potius
2519 5575 2725 5632 neuter,
2758 5567 2824 5620 de
2854 5563 3076 5634 quo'hic
3107 5565 3300 5621 Fortu-

1753 5642 1923 5696 natus,
1948 5630 2222 5686 incertum.

1820 5712 1849 5750 γ
1878 5702 1975 5774 ilic
2007 5701 2153 5774 Felix
2189 5714 2291 5754 non
2308 5715 2439 5774 esse
2468 5703 2676 5757 videtur
2724 5705 2857 5759 alius
2895 5721 3051 5774 quam
3076 5705 3302 5764 Namne-

1755 5773 1918 5826 tensis
1946 5772 2248 5841 episcopus,
2288 5771 2355 5824 de
2382 5787 2485 5840 quo
2516 5773 2671 5849 inira.
