3952 6222
492 313 595 370 125

1161 313 1513 394 ,VENANru
1548 318 1703 375 nou.
1742 318 1947 376 σιω.
1992 319 2381 378 FORTUNATI
2418 321 2703 379 OPERUM
2744 308 2939 381 PARS.
2977 321 3014 381 ι.

2436 82 2443 117 i

3623 324 3738 383 121»

495 422 739 480 paronem
781 414 1089 479 praepetem,
1138 400 1308 477 catus,
1343 422 1398 466 et
1437 420 1553 467 arte
1601 414 1872 467 armonica
1906 421 2048 467 tutus
2076 428 2129 488 Α
2156 429 2255 469 vos
2287 412 2307 453 ι
2339 415 2739 484 praedestinatos
2776 429 2869 470 sua
2902 416 3135 471 tacturus
3162 422 3247 472 est
3272 413 3325 472 in
3354 416 3473 472 luce
3504 430 3743 474 consor-

488 508 632 557 intec
670 498 1040 569 symplegadas
1069 514 1129 556 se
1158 501 1467 557 mordentes
1495 503 1786 570 exiissem;
1818 512 1872 558 et
1896 505 1940 559 si
1972 520 2056 559 res

488 589 967 659 exigeret,plausu
1020 591 1362 659 creperegico
1414 592 1586 663 [ausu
1617 593 1926 663 creperico,
1980 594 2056 647 vet

487 675 735 750 crepero]
760 687 784 717 ι
808 678 979 735 (Etan
1008 678 1398 751 Thyrintbiam,
1417 696 1538 736 cum
1558 681 1782 737 Pindaro
1798 683 2053 751 spirante,

487 772 805 843 pulsassem.
866 771 981 839 Qua
1033 785 1163 827 vero
1212 772 1474 826 aviditate
1529 771 1660 830 illud
1711 786 1800 827 me
1838 772 2057 827 creditis

491 864 784 936 perlegisse
835 864 975 935 quod
1028 879 1128 920 vos
1183 865 1510 945 intertesere
1554 864 1580 902 δ
1628 880 1773 920 mera
1825 865 2055 945 charitas

490 958 811 1029 imperavit,~
851 958 996 1031 quod
1033 958 1242 1014 dixistis
1274 976 1287 1011 :
1325 975 1345 1010 ι
1381 944 1492 1013 Nec
1537 959 1583 1013 si
1643 958 1824 1013 ulcisci
1875 944 2054 1013 venis-

488 1057 610 1105 sent
634 1058 683 1115 ο,
719 1049 773 1103 in
824 1049 1014 1105 solatio
1044 1056 1129 1105 me
1158 1048 1313 1104 vobis
1353 1050 1590 1119 arripere
1619 1047 1647 1088 τι
1673 1049 1996 1105 valuissent?
2028 1067 2047 1101 ι

440 1164 443 1165 ν
489 1140 715 1209 credite,
747 1150 1002 1209 quantum
1030 1154 1181 1197 meus
1222 1142 1432 1196 animus
1480 1141 1718 1211 inspicit,
1755 1143 1868 1210 ipsa
1921 1140 2055 1197 mihi

484 1234 572 1289 vix
601 1232 769 1290 Roma
800 1245 823 1277 ο
850 1244 1055 1293 tantum
1085 1237 1213 1292 dare
1254 1236 1319 1291 ad
1368 1237 1568 1292 auxilia
1620 1246 1850 1307 poterat,
1891 1251 2055 1307 quan-

488 1331 602 1378 tum
628 1326 949 1393 pmstitistis
984 1326 1038 1381 in
1065 1327 1227 1381 verbo
1251 1324 1454 1397 [verba]
1478 1342 1493 1391 ;
1525 1341 1622 1379 nec
1661 1325 1798 1394 apud
1826 1341 1910 1384 me
1936 1325 2055 1394 plus

484 1414 683 1485 aliquid
732 1428 815 1473 est
864 1417 1023 1473 factis
1071 1417 1381 1485 impendere
1408 1432 1568 1485 quam
1610 1427 1729 1471 vota
1772 1419 2055 1473 voluntatis

486 1506 711 1576 oil‘erre;
736 1526 856 1565 nam
886 1511 1106 1580 alloquii
1136 1512 1393 1568 reﬂuente
1418 1511 1721 1577 dulcedine,
1746 1512 1877 1567 nihil
1920 1528 2053 1582 opus

482 1608 568 1654 est
614 1600 731 1669 plus
780 1598 936 1671 egere
983 1600 1026 1655 ί.
1074 1603 1223 1671 Quod
1283 1617 1409 1659 vero
1466 1602 1669 1657 facetiis
1719 1602 2047 1659 addidistis:

488 1706 509 1742 s
550 1686 661 1745 Nisi
714 1691 1027 1761 sollicitatus
1078 1692 1364 1757 laudibus,
1410 1693 1640 1748 rusticus
1669 1694 1901 1750 calamus
1944 1710 2051 1750 non

2157 517 2258 572 tes,
2289 516 2346 561 ut
2377 523 2465 563 me
2509 508 2563 562 in
2616 508 2813 563 sanctis
2841 510 3193 573 orationibus,
3241 509 3456 576 pietatis
3482 510 3734 578 ’intuitu,

2154 600 2449 670 dignemini
2492 613 2810 657 memorare.
2862 596 3110 671 Magnum
3150 600 3291 654 enim
3317 600 3421 656 erit
3446 600 3565 671 spei
3590 615 3739 658 mea

2156 691 2432 756 auxilium,
2462 705 2492 745 a
2526 691 2680 745 vobis
2705 680 2951 746 obtinere
2976 690 3119 761 quod
3147 704 3328 759 posco.

2154 782 2211 838 Si
2242 782 2461 839 veniant
2483 780 2698 852 linguae,
2730 783 2926 850 pariter
2947 780 3133 837 Graeca
3162 790 3319 852 atque
3361 781 3576 850 Latina,

2224 874 2329 930 Pro
2359 875 2565 930 meritis
2597 881 2871 944 nequeunt
2914 873 3126 928 solvere
3152 880 3344 927 cuncta
3388 874 3519 940 tuis,

2151 965 2425 1021 Laudibus
2452 967 2723 1031 obsessus,
2757 966 2895 1022 votis
2940 965 3273 1021 venerandus
3322 964 3557 1030 baberis,

2226 1056 2394 1125 Felix,
2422 1058 2510 1127 qui
2541 1071 2730 1114 sensus
2756 1058 2874 1115 luce
2897 1056 3147 1127 perennis
3175 1059 3283 1114 eris
3304 1066 3366 1112 ω.

2773 1187 2999 1245 CAPUT
3040 1189 3102 1243 ν.

2522 1276 2603 1330 Ad
2638 1278 2868 1333 eumdem
2904 1294 2971 1333 ea;
3008 1278 3212 1334 nomine
3237 1294 3353 1334 suo.

2156 1368 2411 1443 [Felicem
2443 1368 2682 1443 impense
2727 1368 2941 1435 laudat,
2971 1370 3122 1443 cujus
3149 1383 3312 1443 opera
3347 1383 3409 1425 ac
3439 1368 3545 1424 ilde
3579 1384 3735 1443 arma

2225 1436 2525 1493 Britannica
2553 1437 2728 1509 fugata
2757 1454 2821 1509 ac
2858 1440 3005 1509 regni
3029 1436 3151 1509 jura
3176 1436 3389 1496 defensa
3417 1449 3474 1495 et
3499 1441 3731 1496 cons‘er-

2225 1519 2344 1563 vata
2369 1519 2548 1562 narrat
2570 1508 2779 1581 fuisse]

2154 1598 2280 1655 Fida
2312 1600 2457 1655 salus
2479 1598 2663 1668 patriae
2684 1640 2698 1665 ,
2731 1597 2879 1655 Felix
2909 1614 3003 1669 spe
3023 1641 3039 1667 ,
3074 1598 3321 1660 nomine.
3352 1599 3536 1655 corde.

2226 1693 2368 1749 Ordo
2395 1693 2732 1750 sacerdotum
2761 1708 2866 1764 quo
2896 1693 3141 1750 radiante
3170 1694 3356 1749 micat.

481 1787 750 1855 tornasset
781 1782 1154 1854 [turnasset]t,
1185 1801 1204 1847 ι
1235 1784 1362 1841 licet
1392 1782 1513 1840 talis
1542 1781 2049 1857 cultorCliristicola
2079 1773 2130 1835 Β
2154 1783 2409 1840 Restituis
2436 1786 2621 1849 terris,
2655 1783 2796 1853 quod
2828 1783 3036 1853 publica
3060 1784 3182 1855 jura
3210 1784 3492 1855 petebant,

480 1868 814 1926 feracissima
860 1870 1045 1941 jugera
1096 1874 1296 1939 saepius
1324 1875 1590 1940 exaravit,
1618 1883 1853 1930 attamen
1886 1891 2055 1945 nuper

484 1956 654 2020 illum,
690 1955 744 2011 id
780 1968 891 2022 est,
924 1969 1042 2014 tuos
1075 1959 1567 2028 Fconlileorludos
1602 1962 1619 2000 ί
1657 1963 2051 2036 lthypliallicos,

482 2046 807 2115 Amphionio
834 2049 1048 2111 barbita
1089 2051 1364 2106 reboasse.
1395 2052 1509 2107 Hoc
1556 2068 1765 2122 quoque
1786 2044 1935 2124 quod
1961 2056 2050 2111 de-

481 2135 805 2199 lectabiliter
825 2138 1132 2208 adjecistis:
1158 2159 1177 2191 ι
1198 2139 1281 2197 Me
1306 2142 1517 2198 domnae
1543 2159 1676 2199 mere
1692 2144 2054 2217 Rhadigundaa

482 2242 641 2283 muro
678 2229 959 2295 charitatis
1010 2234 1273 2289 inclusum
1304 2278 1320 2303 ,
1370 2253 1391 2287 ι
1434 2236 1545 2290 scio
1600 2226 1813 2307 quidem
1861 2238 1876 2287 i
1932 2240 2053 2307 quia

482 2338 591 2378 non
619 2338 683 2377 ex
738 2323 874 2385 meis
914 2324 1159 2399 meritis,
1214 2324 1308 2379 sed
1351 2339 1419 2379 ex
1454 2324 1597 2380 illius
1643 2328 2053 2397 consuetudine,

443 2399 452 2414 ’
481 2430 638 2487 quam
683 2416 826 2474 circa
876 2425 1103 2475 cunctos
1130 2417 1277 2471 novit
1311 2404 1648 2485 impendere,
1675 2420 1955 2489 colligatis.
1990 2419 2057 2476 Et

481 2515 739 2577 quantum
765 2508 818 2561 in
849 2522 965 2563 mea
1008 2522 1262 2577 persona,
1289 2511 1670 2581 panegyricum
1703 2514 1910 2582 poetice
1942 2523 2056 2569 tan-

482 2600 632 2671 gitis,
667 2606 871 2663 tantum
894 2601 943 2652 in
974 2599 1109 2668 cjusr
1136 2600 1306 2655 laudis
1336 2601 1610 2656 historiam
1644 2604 1920 2659 retulistis.
1953 2604 2055 2660 Ta-

485 2704 611 2746 men
664 2689 719 2745 iu
765 2690 960 2749 vestris
985 2689 1013 2743 κ
1047 2690 1226 2749 verbis
1250 2691 1377 2747 illud
1410 2693 1648 2762 relegere
1679 2696 1871 2763 merui,
1909 2695 2052 2765 quod

484 2784 537 2838 in
584 2781 702 2852 ejus
748 2784 914 2852 gratia
962 2783 1070 2851 jam
1123 2784 1358 2852 percepi,
1409 2783 1504 2838 sed
1536 2785 1626 2853 qui
1676 2783 1744 2840 de
1775 2800 1859 2840 me
1888 2800 2055 2855 parvo

484 2889 673 2949 magna
701 2875 1009 2951 depingitis,
1038 2889 1243 2949 quaeso,
1277 2875 1346 2928 de
1376 2875 1581 2945 magnis
1631 2875 1865 2930 maxima
1918 2892 2053 2949 pra:-

482 2965 700 3025 dicctis.
731 2966 1070 3033 Quapropter
1096 2962 1448 3033 dominationi
1474 2973 1528 3016 et
1557 2963 1825 3018 sanctitati
1862 2973 2055 3030 vestrm

2225 1877 2579 1947 Temporibus
2610 1877 2808 1932 nostris
2837 1877 3024 1947 gaudia
3055 1878 3228 1945 prisca
3257 1875 3458 1932 ferens.

2156 1964 2271 2021 Vox
2304 1982 2586 2036 procerum
2608 2009 2623 2034 ,
2658 1967 2835 2022 lumen
2867 1967 3115 2043 generis,
3146 1965 3385 2021 defensio
3416 1965 3616 2035 plebis,

2224 2058 2570 2130 Naufragium
2602 2059 2874 2130 prohibes,
2906 2059 2993 2127 hic
3023 2057 3109 2122 ubi
3138 2068 3321 2126 portus
3345 2057 3497 2114 ades.

2157 2152 2357 2206 Auctor
2382 2150 2706 2221 apostolicus
2736 2160 2787 2222 ﬂ,
2817 2152 2906 2221 qui
2933 2151 3051 2217 jura
3084 2151 3389 2206 Britannica
3414 2151 3639 2207 vincens

2226 2240 2396 2296 Tutus
2421 2242 2471 2295 in
2497 2241 2758 2308 adversis,
2791 2256 2885 2308 spe
2907 2242 3100 2307 crucis,
3141 2256 3289 2295 arma
3321 2241 3495 2313 fugas.

2162 2331 2297 2386 Vive
2324 2331 2490 2386 decus
2518 2332 2726 2407 patriae,
2753 2330 2873 2389 iidei
2897 2332 3007 2396 lux,
3037 2342 3223 2397 auctor
3251 2334 3485 2398 honoris,

2229 2419 2493 2492 Splendor
2522 2418 2858 2493 pontiﬁcum,
2890 2431 3071 2488 noster
3098 2432 3152 2477 et
3174 2423 3319 2478 orbis
3345 2437 3516 2479 amor.

3077 2534 3120 2587 1.

2156 2626 2237 2683 Ad
2260 2623 2482 2682 Felicem
2506 2532 3267 2697 episcopun?:edvicati0ne
3290 2634 3316 2665 ο
3349 2627 3574 2684 ecclesiae
3598 2643 3740 2683 sua.

2157 2738 2393 2817 [Felicis
2446 2738 2500 2794 in
2554 2738 3341 2817 exstruenda_ac_dedieanda
3392 2738 3615 2817 basilica
3678 2738 3740 2805 in

2226 2810 2498 2879 honorem
2530 2818 2833 2879 sanctorum
2877 2809 3029 2879 Petri
3070 2819 3132 2879 et
3177 2807 3328 2879 Pauli
3373 2808 3613 2879 studium
3668 2820 3743 2860 ac

2230 2876 2677 2943 sollicitudinem,
2709 2884 2764 2930 et
2789 2876 2955 2944 ipsius
2982 2876 3334 2945 dedicationis
3360 2876 3741 2939 celebritatem

2227 2962 2290 3002 ac
2313 2947 2496 3015 ritum,
2530 2946 2672 2999 canit
2702 2946 2802 2999 lt‘oc
2832 2944 3115 3017 carmine]

483 3069 571 3111 me
591 3055 777 3108 humili
805 3054 1193 3122 supplicatione
1218 3052 1623 3116 commendans,
1670 3052 1939 3121 deprecor
1955 3068 2053 3123 per

2170 3034 2288 3090 Cum
2321 3035 2571 3092 Salomon
2598 3035 2799 3089 coleret
2828 3035 3072 3103 generosi
3099 3034 3334 3088 encmnia
3358 3033 3572 3101 templi,

484 3143 766 3215 Dominum
797 3143 1205 3213 Redetnptorem
1236 3142 1536 3204 animarum
1596 3151 1922 3212 nostrarum,
1955 3144 2049 3215 qui

2228 3125 2541 3181 lsraeliticos
2571 3134 2598 3170 ο
2626 3123 2749 3180 fecit
2781 3124 2971 3180 adesse
3001 3126 3164 3180 viros.

484 3272 618 3330 Illud
668 3274 733 3327 ad
766 3274 1043 3343 clariorem
1089 3273 1190 3326 loci
1226 3272 1586 3327 obscurissimi
1628 3273 2050 3343 explanationem

487 3360 585 3414 pro
609 3344 913 3425 coniectura
944 3342 1141 3425 addere
1171 3343 1336 3425 hibet,
1364 3345 1506 3412 quod
1534 3342 1718 3425 narrat
1740 3342 1900 3425 Greg.
1936 3346 2046 3425 Τυ-

483 3413 625 3481 ron.,
683 3415 773 3469 lib.
827 3428 900 3479 ll,
955 3427 1003 3468 c.
1062 3413 1443 3468 l9:Saxonas
1497 3414 1742 3471 nimirum
1793 3413 2075 3483 qliasdam‘

484 3486 705 3550 insulas,
735 3500 854 3554 quae
882 3484 1073 3539 deinde
1120 3498 1149 3535 a
1192 3483 1409 3538 Francis
1450 3496 1625 3552 capue
1667 3499 1729 3538 ac
1774 3485 2049 3541 subversae

484 3564 630 3624 sunt,
678 3550 947 3609 habitasse
980 3573 991 3607 :
1022 3568 1151 3623 quas
1204 3550 1529 3609 insulas‘ad‘
1566 3554 1798 3619 Ligerim
1850 3556 2051 3621 positas

488 3625 648 3679 fuisse
679 3634 860 3680 censet
887 3626 1149 3687 Coinlius,
1179 3624 1246 3680 ad
1284 3641 1408 3677 ann.
1436 3624 1561 3680 477.
1593 3624 1762 3678 Hasce
1806 3624 2051 3681 Saxones

489 3696 701 3749 arcibus
730 3696 1066 3756 munierant,
1098 3702 1154 3744 ut
1182 3694 1225 3745 si
1254 3695 1428 3745 minus
1458 3708 1710 3760 prospere
1739 3708 1825 3745 res
1853 3698 2049 3748 cessis-

493 3772 641 3825 sent,
704 3763 925 3817 liberam
973 3762 1025 3814 in
1070 3761 1340 3814 Oceanum
1381 3763 1688 3828 cnaviga’ndi
1733 3770 2049 3828 potestatem

493 3830 771 3887 haberent.
824 3831 1004 3901 Itaque
1053 3829 1209 3901 facile
1244 3830 1769 3901 crediderim777hosce
1813 3829 2052 3901 Saxones

494 3900 583 3956 hic
610 3916 638 3954 a
667 3898 961 3955 Fortunato
990 3899 1233 3965 indicari,
1268 3909 1326 3954 ut
1354 3899 1441 3968 qui
1470 3913 1534 3953 ex
1567 3899 1649 3953 illa
1684 3898 2053 3964 internecione

494 3980 550 4027 et
577 3971 728 4027 clade
756 3972 939 4043 reliqui
973 3971 1198 4043 inerant,
1231 3980 1320 4043 au_t
1352 3970 1937 4043 latrociniisviverent,
1963 3978 2053 4023 aut

495 4056 710 4110 operam
742 4038 899 4097 suam
920 4041 1137 4111 navigiis
1178 4055 1272 4108 per
1297 4040 1525 4111 Ligerim
1564 4038 1887 4094 deducendis
1919 4056 2053 4107 prae-

493 4106 718 4178 starent,
757 4106 979 4180 quorum
1004 4106 1331 4180 alterutrum
1364 4106 1617 4161 indicant
1663 4112 1888 4180 l’nrtasse
1920 4106 2050 4165 haec

400 4194 403 4198 '
492 4178 784 4236 Fortunati
820 4181 977 4251 verba
1025 4198 1035 4231 :
1070 4179 1338 4232 Cheruscis
1382 4178 1745 4233 accersentibus
1784 4194 2053 4249 myoparo-

489 4266 603 4303 rtem
632 4258 923 4318 prtepetem.
1059 4317 1065 4318 7
1176 4317 1182 4318 7
1430 4258 1431 4261 ‘

563 4327 590 4389 ξι
622 4317 674 4372 In
702 4317 869 4389 Codd.
906 4318 1020 4373 Vat.
1056 4317 1142 4389 hic
1173 4317 1319 4371 locus
1358 4319 1758 4387 corruptissime
1786 4318 1997 4389 legitur.

564 4386 591 4427 δ
623 4389 678 4443 In
702 4388 864 4443 duob.
894 4389 1060 4443 Codd.
1097 4386 1238 4454 Van,
1263 4389 1504 4441 intexere.

567 4468 590 4529 ς
618 4459 764 4529 ﬁdit.
795 4459 988 4524 Paris.,
1017 4460 1256 4529 quoniam
1293 4460 1339 4512 si
1374 4458 1551 4512 Vulsci
1576 4459 1845 4514 venissent.
1886 4494 1889 4497 -

561 4526 590 4566 ἀ
615 4523 747 4583 Ven.
785 4529 947 4595 Edil.,
975 4523 1221 4598 abripere.

563 4609 586 4638 ο
613 4600 753 4654 Edit.
787 4599 917 4653 Ven.
954 4617 965 4652 :
1001 4599 1125 4667 Ipsa
1152 4601 1235 4655 tea:
1265 4598 1499 4654 Romana
1532 4609 1728 4655 tantum
1771 4600 1896 4655 mihi
1930 4601 2052 4656 dare

490 4670 558 4724 ad
577 4672 779 4739 auxilia
806 4680 1020 4739 poterat,
1051 4680 1156 4739 etc.

567 4737 587 4779 ί
616 4740 770 4804 lbid.,
799 4737 964 4808 agere.
1014 4776 1057 4805 ,-

566 4819 593 4857 tt
621 4809 761 4862 Edit.
796 4808 985 4871 Paris.,
1016 4815 1387 4862 nocturnasset.

566 4877 594 4917 ¹ι
628 4878 681 4933 In
709 4880 818 4933 uno
844 4877 981 4943 Vat.,
1014 4877 1067 4930 id
1091 4888 1182 4940 est,
1215 4895 1301 4931 vos
1333 4877 1595 4946 conﬁteor.

572 4949 589 4987 ί
652 4949 828 5004 Ludos
897 4947 1268 5016 ltliypliallicos
1337 4962 1396 5001 se
1468 4948 1772 5014 reposuisse
1830 4954 2055 5006 testatur

498 5021 674 5075 Brow.
698 5037 759 5075 ex
787 5018 1106 5085 Tiliobroga:
1128 5020 1292 5083 libro,
1322 5018 1419 5071 sibi
1453 5019 1844 5083 probatissimo.
1882 5021 2053 5074 Editio

498 5091 685 5146 Venet.
719 5105 930 5159 quoque
968 5089 1088 5159 huic
1128 5088 1272 5142 favet
1315 5086 1549 5159 lectioni,
1585 5086 1863 5159 referens_:
1899 5090 2055 5142 Atta-

494 5176 608 5214 men
632 5155 793 5230 nuper
830 5159 1016 5230 illum,
1036 5157 1208 5230 idest,
1237 5167 1347 5230 tuos
1384 5156 1627 5230 conﬁteor
1652 5156 1799 5230 ludos
1821 5155 2055 5226 ltyphal-

495 5230 615 5283 licos
643 5226 972 5299 Antpliyoneo
1002 5228 1213 5299 trariion
1255 5226 1522 5299 [Forsati.,
1557 5226 1769 5299 barbita]
1799 5230 2053 5282 rcboasse.

498 5300 638 5353 Idem
668 5297 845 5353 nrow.
879 5312 1057 5353 censet
1085 5297 1432 5368 Fortunatum
1463 5298 1561 5350 hoc
1586 5297 1702 5351 loco
1732 5297 1883 5353 ludos
1912 5299 2055 5368 lthy-

499 5370 793 5439 pliallicos,
854 5368 941 5435 qui
997 5385 1061 5423 ex
1110 5383 1207 5423 sua
1262 5367 1590 5439 institutione
1635 5380 1688 5421 ct
1737 5369 1939 5438 origine
1988 5367 2053 5423 ad

498 5437 712 5495 Omnem
746 5440 1012 5493 lasciviam
1044 5454 1105 5493 ac
1130 5437 1470 5507 petulantiam
1504 5447 1653 5490 erant
1682 5437 1905 5502 remissi,
1938 5456 2055 5493 voce

494 5518 660 5575 tenus,
710 5525 812 5563 non
857 5510 1075 5562 notionis
1117 5524 1339 5571 recessu,
1392 5507 1862 5579 intelligentiaque,
1898 5526 2053 5562 usur-

499 5593 653 5648 passe
679 5620 693 5642 ,
741 5597 832 5633 seu
877 5580 1047 5648 potius
1078 5581 1313 5634 voluisse
1356 5577 1506 5630 metri
1553 5594 1715 5645 genus
1752 5577 2055 5648 exprimere

495 5648 638 5720 quod
681 5650 1081 5719 lth‘yphallicum
1110 5650 1508 5720 appellabatur.
1544 5648 1617 5704 De
1640 5665 1747 5720 quo
1780 5651 2055 5708 Terentia-

496 5732 596 5772 nus
626 5718 854 5785 Maurus,
887 5724 939 5779 in
968 5720 1060 5776 lib.
1082 5719 1160 5779 'de
1187 5718 1368 5775 lietsz
1398 5736 1409 5770 :

2080 4453 2133 4515 Β

2400 3254 2710 3321 lthyphallica
2731 3268 2876 3319 porro
2893 3257 3115 3307 dicarunt

2459 3317 2629 3367 musici
2653 3317 2827 3379 poetae,

2399 3375 2490 3435 Qui
2512 3375 2689 3427 Iudrica
2709 3375 2917 3427 carmina
2935 3379 3129 3428 Baccho

2464 3439 2694 3488 Versibus
2717 3439 2923 3500 petulcis

2397 3498 2541 3550 Graio
2564 3512 2670 3548 cum
2695 3498 2872 3550 cortice
2891 3500 3077 3562 Pliallo,

2457 3562 2582 3611 'l‘res
2596 3562 2772 3610 dabant
2791 3562 3068 3619 Trochaaos,

2400 3622 2463 3673 Ut
2487 3625 2681 3681 nomine
2699 3624 2915 3675 litsonus
2938 3625 3058 3683 ipso,

2456 3685 2670 3756 Bacche,
2695 3684 2903 3744 Bacche,
2927 3686 3132 3749 Bacche.

2227 3789 2240 3855 l
2281 3784 2389 3855 lim
2416 3785 2546 3838 Cod.
2578 3785 2722 3855 Vat.,
2752 3788 2856 3838 scio
2882 3786 3006 3855 quid
3038 3798 3131 3849 est,
3159 3788 3300 3854 quia,
3334 3799 3434 3842 etc.

2225 3850 2251 3889 ¹ι
2286 3853 2439 3917 ibid.,
2474 3855 2528 3904 in
2551 3853 2708 3905 verbis
2737 3850 2977 3906 vestrum.

2228 3918 2247 3960 ι
2284 3924 2378 3975 Ed.
2416 3921 2572 3987 Ven.,
2603 3923 2692 3991 qui
2724 3924 3129 3989 prwdestinatos.

2225 4000 2263 4028 ω
2297 3991 2351 4044 In
2382 4007 2488 4045 uno
2518 3993 2649 4061 (720d.
2688 3992 2825 4061 Va77t.,
2854 3994 3088 4061 perennis
3116 3992 3234 4046 erit.
3262 4060 3276 4061 7
3488 4038 3497 4045 .

2221 4069 2251 4098 ιι
2284 4062 2470 4116 Narrat
2519 4060 2677 4129 Grcg.
2732 4058 2965 4124 Turon.,
3024 4063 3114 4116 lib.
3157 4079 3190 4116 v
3238 4060 3437 4116 llistor.
3495 4058 3728 4127 Frane.,

2153 4147 2272 4198 cap.
2304 4133 2402 4197 '52,
2432 4132 2742 4194 Britannos,
2775 4146 2864 4184 an.
2919 4130 3023 4185 579
3047 4176 3062 4199 ,
3106 4131 3252 4186 urbis
3295 4131 3629 4185 Namnetica:
3679 4140 3735 4186 et

2155 4201 2478 4257 Bhedonicae
2533 4212 2718 4270 agrum
2776 4202 3042 4270 praecipue
3100 4202 3422 4263 infestasse;
3487 4199 3726 4255 Felicem

2154 4287 2282 4327 vero
2302 4312 2316 4337 ,
2343 4272 2752 4327 Namnetensem
2784 4271 3090 4341 pontiﬁcem
3113 4313 3127 4336 ,
3160 4274 3368 4326 misisse
3399 4271 3727 4337 legationem

2154 4343 2220 4396 ad
2253 4345 2432 4412 ipsos;
2463 4358 2562 4410 qua
2592 4340 2841 4410 permoti,
2874 4342 3091 4411 polliciti
3116 4351 3382 4398 suntsese
3405 4340 3726 4412 emendatu-

2157 4428 2245 4467 ros
2275 4409 2526 4483 quidquid
2567 4409 2788 4483 jactura
2826 4409 2885 4466 et
2912 4412 3233 4481 incommodi
3263 4412 3427 4483 armis
3448 4411 3561 4483 suis
3584 4409 3730 4483 intu-

2159 4478 2350 4547 lerant,
2403 4478 2499 4537 nec
2550 4478 2721 4537 tamen
2766 4498 2859 4538 eos
2903 4485 3117 4538 stetisse
3166 4478 3464 4552 proiiiissis.
3502 4478 3731 4535 Videtur

2154 4563 2337 4621 aperte
2370 4552 2683 4609 Fortunatus
2720 4554 2819 4608 hoc
2866 4552 3060 4608 Felicis
3099 4554 3295 4609 factum
3340 4558 3631 4621 spectare,
3662 4565 3728 4605 ac

2155 4625 2377 4692 proinde
2412 4624 2512 4677 hoc
2542 4637 2731 4690 poema
2760 4624 3019 4687 scriptum
3056 4624 3209 4678 iacile
3231 4621 3551 4677 crediderim
3580 4624 3727 4677 circa

2154 4691 2433 4762 praefatum
2488 4707 2689 4762 annum
2739 4692 2865 4748 579.
2920 4694 3064 4748 Idem
3116 4693 3469 4757 Fortunatus,
3524 4706 3648 4761 cap.
3696 4692 3730 4743 8

2156 4761 2373 4831 hujusce
2402 4763 2543 4827 libri,
2576 4761 2717 4815 cauit
2745 4764 2871 4816 item
2899 4766 2967 4818 de
2997 4763 3173 4818 Felice
3200 4781 3212 4816 :

2275 4854 2588 4914 insidiatores
2610 4864 2851 4914 removes,
2878 4853 2990 4912 vigil
3015 4859 3140 4914 arte,
3161 4852 3434 4914 Britannos.

2337 4910 2526 4961 Nullius
2544 4924 2675 4961 arma
2699 4910 2860 4963 valent
2875 4910 3003 4974 quod
3028 4920 3107 4961 tua
3131 4913 3292 4972 lingua
3318 4910 3444 4958 facit.

2229 5004 2253 5032 ο
2292 4995 2533 5048 Cointius
2562 4995 2744 5062 templi
2788 4990 3015 5060 hujusce
3034 4990 3424 5047 dedicationem
3466 4988 3629 5062 refert
3651 4988 3728 5062 ad

2154 5081 2349 5120 annum
2377 5062 2500 5128 568,
2532 5056 2690 5133 quain
2741 5063 2795 5133 in
2840 5056 3108 5117 Broviario
3156 5060 3497 5133 Namneteusi
3530 5059 3600 5133 ait
3643 5056 3729 5133 fa-

2154 5148 2295 5216 ctam
2328 5134 2508 5216 reierri
2543 5128 2727 5216 pridie
2756 5132 2874 5209 Kal.
2923 5133 3190 5216 Octobris.
3226 5131 3381 5213 Idem
3410 5128 3726 5216 asseritvix

2155 5200 2327 5260 serius
2358 5200 2563 5258 diti‘erri
2588 5200 2841 5272 politisse,
2878 5200 3368 5275 cum‘Euphronius
3411 5207 3528 5265 post
3565 5200 3728 5265 quin-

2154 5277 2438 5343 quennium
2470 5275 2590 5328 vitae
2618 5287 2728 5341 suae
2748 5273 2961 5343 cursum
2989 5273 3293 5343 absolverit,
3317 5283 3480 5343 quem
3511 5276 3721 5343 certum

2155 5336 2236 5411 est
2264 5345 2597 5416 superstitem
2638 5336 2834 5416 visisse
2881 5336 3197 5416 Domitiano,
3246 5336 3499 5416 episcopo
3542 5339 3722 5403 Ande-

2154 5409 2374 5491 gaveitsi
2402 5432 2416 5469 :
2463 5430 2621 5491 quem
2655 5409 2774 5491 huic
2802 5409 3117 5491 dedicatioui
3161 5409 3471 5491 interfuisse
3490 5419 3717 5491 apparet

2156 5477 2220 5538 Ex
2272 5486 2371 5539 hoc
2412 5477 2651 5555 poemate
2678 5480 2973 5549 Fortunati,
3000 5483 3105 5536 imo
3131 5478 3190 5536 et
3214 5478 3510 5547 [laudigisio
3537 5477 3716 5534 Domi-
3814 5524 3821 5528 .

2156 5555 2282 5608 tiani
2306 5558 2618 5610 succe~sori.
2691 5558 2694 5561 λ
2765 5557 2770 5562 ’

2228 5634 2255 5672 p
2295 5623 2434 5691 Edit.
2466 5626 2625 5690 νεα..
2654 5621 2821 5681 Israel
2846 5623 3026 5689 electos
3060 5623 3195 5691 fecit.
3232 5621 3376 5681 Unus
3405 5618 3536 5676 Cod.
3566 5619 3721 5685 Vah,

2156 5691 2428 5750 Israelitas
2458 5695 2547 5748 tibi
2574 5698 2656 5748 eos
2687 5690 2828 5762 fecit,
2862 5690 3140 5770 mendose.
3709 5695 3722 5708 ‘
