3780 6378
432 359 530 417 ﬂ!
1134 348 1449 408 VENAN‘I'II
1492 342 1651 401 IION.
1693 338 1900 398 CLEM.
1945 331 2333 396 FORTUNATI
2373 327 2654 388 OPERUM
2696 324 2870 385 PARS
2909 326 2951 385 1.
3530 320 3612 386 ιιι

432 467 682 523 Armatus
707 457 890 525 radiis,
919 459 1178 515 elementa
1207 455 1456 526 liquentia
1488 456 1736 516 lustrans,

501 553 686 607 Adhuc
712 552 1026 606 noctebreri
1059 550 1222 603 tendit
1245 548 1297 602 in
1319 547 1447 600 orbe
1474 546 1634 599 diem.

431 641 720 719 Splendida
745 643 1004 694 sincerum
1032 639 1334 708 producunt
1361 636 1556 690 mtbera
1595 633 1815 694 vultum,

503 733 866 798 Laetitiamque
889 745 1037 784 suam
1065 729 1238 782 sidera
1264 728 1406 781 clara
1441 726 1683 792 probant.

435 821 831 886 Terra-favens,
857 821 1006 874 vario
1034 818 1202 872 fundit
1231 816 1538 870 munuscula
1564 814 1713 878 fetu;

503 913 634 969 Cum
666 913 799 966 bene
827 912 1065 964 vernales
1089 917 1114 945 ι
1140 907 1368 962 reddidit
1388 920 1557 959 annus
1581 918 1727 973 opes.

437 1003 607 1059 Mollia
641 1014 960 1072 purpureum
986 999 1206 1068 pingunt
1230 997 1448 1051 violaria
1473 1008 1744 1064 campum,

507 1095 668 1149 Prata
693 1094 866 1148 virent
894 1091 1090 1154 herbis,
1121 1100 1174 1144 et
1195 1091 1357 1143 micat
1386 1088 1546 1141 herba
1573 1086 1760 1141 comis.

435 1183 694 1240 Paulatim
723 1181 948 1236 subeunt
970 1178 1227 1234 stillantia
1258 1177 1452 1232 lumina
1483 1173 1508 1212 δ
1538 1175 1749 1238 florum,

506 1273 863 1341 Arrideutque
897 1281 918 1311 ⁸
953 1269 1125 1326 oculis
1154 1268 1394 1338 gramina
1423 1266 1588 1321 tincta
1620 1263 1749 1318 suis.

437 1362 649 1418 Semina
671 1363 931 1430 deposito,
961 1361 1163 1415 lactans
1193 1355 1218 1394 ά
1239 1370 1394 1425 seges
1420 1354 1570 1408 exilit
1595 1350 1760 1416 arvis,

506 1454 782 1523 Spondens
809 1453 1052 1522 agricolae
1080 1451 1293 1503 vincere
1327 1460 1485 1516 posse
1510 1444 1730 1498 famem.

439 1543 669 1598 Caudice
699 1543 912 1599 desecto
937 1552 959 1579 ο
987 1541 1242 1611 lacrymat
1265 1553 1356 1591 sua
1387 1536 1576 1606 gaudia
1599 1534 1823 1603 palmes,

511 1633 659 1689 Unde
687 1647 889 1686 merum
915 1631 1130 1699 tribuat,
1163 1629 1254 1684 dat
1283 1626 1441 1681 modo
1465 1625 1588 1679 vitis
1619 1636 1831 1690 aquam.

437 1721 646 1778 Cortice
666 1722 733 1776 de
763 1723 966 1786 matris,
995 1730 1173 1775 tenera
1195 1716 1464 1786 lanugine,
1493 1728 1738 1783 surgens,
1783 1749 1799 1766 .

509 1814 781 1882 Praeparat
809 1813 873 1865 ad
904 1821 1115 1878 partum
1142 1807 1344 1876 turgida
1371 1820 1581 1875 gemma
1627 1805 1823 1858 sinum.

438 1905 699 1972 Tempore
733 1900 749 1938 ί
786 1901 887 1955 sub
919 1899 1107 1954 hiemis
1149 1897 1395 1952 foliorum
1429 1894 1577 1949 crine
1607 1891 1813 1947 revulso
1847 1899 1896 1956 ι,

509 1994 627 2048 Jam
657 1999 865 2060 reparat
892 1988 1125 2043 viridans
1143 1975 1364 2041 frondea
1395 1982 1530 2039 tecia
1559 1995 1766 2037 nemus.

441 2089 607 2159 Myrta
626 2083 674 2152 ³³,
692 2085 844 2148 salix,
867 2083 1032 2148 abies,
1048 2081 1279 2150 corylus,
1303 2079 1453 2142 siler,
1473 2077 1670 2139 ulmus,
1687 2088 1810 2129 acer
1837 2057 2023 2140 ‘nux,

512 2176 718 2233 Plaudit
740 2187 961 2245 quaeque
985 2173 1094 2227 suis
1113 2171 1271 2226 arbor
1299 2183 1506 2224 amoena
1535 2167 1724 2222 comis.

441 2270 822 2327 Constructura
848 2269 862 2315 t
902 2264 1079 2328 favos,
1109 2264 1223 2330 apis
1248 2259 1276 2297 ιι
1307 2261 1430 2315 hinc
1471 2259 1700 2313 alvearia
1732 2253 2001 2324 linquens,

515 2361 760 2414 Floribus
785 2356 1130 2424 instrepitans
1162 2351 1180 2390 ι
1217 2352 1412 2421 poplite
1436 2349 1593 2404 mella
1624 2347 1782 2414 rapit.

445 2449 526 2505 Ad
547 2456 734 2502 cantus
759 2453 1037 2500 revocatur
1064 2455 1190 2495 aves
1218 2449 1282 2504 ω,
1311 2452 1425 2506 qua:
1455 2436 1689 2491 carmine
1711 2433 1915 2499 clauso,

519 2537 724 2607 Pigrinr
751 2534 975 2589 hiberno
999 2532 1195 2602 frigore
1223 2539 1368 2584 muta
1408 2529 1522 2584 fuit.
1639 2595 1651 2603 1

447 2621 583 2705 Hinc
607 2626 889 2695 philomela
917 2624 1027 2678 suis
1059 2628 1375 2688 attemperat
1403 2631 1597 2686 organa
1625 2628 1840 2680 cannis,

522 2718 704 2786 Fitque
733 2727 1045 2784 repercusso
1075 2712 1280 2766 dulcior
1307 2724 1429 2763 aura
1460 2709 1627 2762 melo.

449 2809 587 2865 Ecce
615 2805 943 2863 renascentis
971 2811 1190 2857 testatur
1217 2803 1383 2869 gratia
1417 2797 1618 2860 mundi,

519 2897 708 2953 Omnia
733 2910 853 2950 cum
877 2893 1102 2946 Domino
1123 2890 1256 2943 dona
1283 2886 1487 2941 redisse
1516 2898 1638 2937 suo.

454 2992 688 3059 Namque
711 2985 1053 3052 triumphanti
1088 2989 1205 3050 post
1233 2979 1402 3034 tristia
1429 2985 1624 3031 tartara
1654 2974 1867 3029 Christo

529 3081 768 3148 Undique
803 3075 986 3130 fronde
1014 3086 1230 3138 nemus,
1261 3069 1500 3141 gramina
1532 3067 1661 3122 ﬂore
1686 3065 1878 3120 favent.

456 3171 681 3241 Legibus
705 3166 893 3222 inferni
916 3162 1204 3233 oppressis,
1234 3174 1391 3228 super
1411 3168 1552 3212 astra
1585 3165 1872 3220 meantem,

528 3260 766 3316 Laudant
796 3257 892 3311 rite
920 3255 1082 3308 Deum
1108 3253 1219 3316 lux,
1251 3252 1422 3318 polus,
1455 3262 1602 3313 arva,
1629 3243 1841 3299 fretum.

455 3353 555 3420 Qui
581 3348 862 3403 cruciﬁxus
893 3350 1006 3397 erat.
1032 3343 1192 3404 Deus,
1226 3353 1350 3392 ecce
1379 3351 1470 3404 per
1498 3336 1673 3389 omnia
1696 3341 1903 3402 regnat,

533 3443 773 3507 Dantque
796 3432 1036 3490 Creatori
1062 3439 1249 3485 cuncta
1275 3435 1451 3484 creata
1482 3441 1708 3496 precem.

534 3624 560 3653 ι
601 3629 654 3667 tn
687 3606 836 3679 praef.
869 3606 1007 3661 Edit.
1036 3604 1205 3671 Lugd.
1235 3621 1247 3654 :

584 3703 702 3754 Cum
725 3702 853 3748 bene
870 3697 1101 3752 vernarit,
1123 3692 1285 3739 reddit
1305 3697 1357 3738 et
1381 3702 1532 3738 anuus
1549 3701 1684 3749 opes.

532 3785 562 3826 δ
592 3763 1023 3847 1δὶἁ.,ἐιειιαηεὶα
1048 3773 1241 3827 lumina
1262 3772 1464 3840 ﬂorum.

545 3874 566 3902 ε
596 3860 726 3912 Ibid.
759 3875 772 3909 :

596 3862 726 3915 Ibid.
759 3875 772 3909 :

590 3950 809 4018 Floribus
832 3947 1046 3997 arrident
1074 3946 1284 4007 gramina
1303 3947 1470 3992 cuncta
1491 3941 1608 4017 Suis.

541 4043 566 4083 δ
600 4043 737 4099 Edit.
773 4042 929 4104 γεω,
955 4039 1055 4091 late
1078 4052 1247 4104 seges.
1278 4035 1411 4104 Item,
1438 4035 1488 4086 in
1516 4031 1622 4104 ΔΕά.
1654 4027 1822 4097 Lugd.

543 4127 567 4154 σ
602 4114 758 4171 lbid.,
788 4124 838 4164 et
864 4101 926 4162 iu—
949 4108 1079 4159 Ven.
1112 4101 1234 4168 Ed,
1264 4103 1468 4171 caudice
1492 4101 1705 4171 deserto.

546 4183 566 4223 ί
601 4183 658 4235 In
689 4169 791 4232 uno
821 4178 953 4230 Cod.
988 4175 1128 4238 νει,
1159 4187 1366 4243 corpore
1391 4169 1480 4224 sub
1514 4169 1709 4232 hiemis,
1740 4180 1881 4222 corr.

544 4265 566 4299 tt
601 4253 656 4304 ln
691 4250 828 4302 Edit.
863 4246 1052 4313 Lugd.,
1085 4245 1220 4297 crine
1247 4245 1440 4312 refuso.

546 4322 573 4358 ιι
601 4320 755 4383 lbid.,
785 4319 932 4369 mista
960 4314 1118 4378 salix,
1149 4328 1288 4366 corr.
1323 4348 1331 4355 .

550 4392 564 4428 ί
606 4391 656 4443 In
684 4405 785 4442 unu
815 4386 945 4441 Cod.
981 4386 1121 4450 Var,
1155 4384 1340 4444 ulmus,
1377 4394 1607 4431 acernus.

546 4460 560 4512 l
604 4461 656 4512 In
688 4473 791 4512 uno
817 4455 943 4510 Cod.
973 4454 1112 4517 Vat.,
1144 4452 1479 4505 construitura
1507 4451 1666 4518 favos.

545 4530 572 4570 ιι
604 4531 658 4584 In
683 4544 786 4582 uno
813 4526 940 4579 Cod.
972 4523 1110 4584 νει..
1141 4538 1277 4588 apes.

551 4600 569 4638 1
603 4599 745 4652 Edlt.
780 4595 970 4658 Paris.,
1007 4592 1334 4659 increpitans.

550 4679 590 4707 m
625 4670 760 4721 Edit.
793 4665 949 4723 γεω,
966 4661 1097 4714 avis:
1359 4675 1362 4678 ’

549 4747 577 4776 ι
609 4739 662 4791 ln
714 4735 851 4788 Etlit.
900 4730 1091 4798 Lugd.,
1131 4728 1382 4798 mobilitas
1418 4729 1558 4787 anni,
1607 4743 1831 4798 mensum
1859 4726 2031 4779 decus.

481 4811 608 4867 Item
646 4806 785 4858 Edit.
821 4797 1246 4864 V’en.,hmensum.
1281 4797 1334 4850 lt'i
1384 4812 1487 4850 uno
1514 4798 1696 4850 Codic.
1728 4797 1866 4860 Vat.,
1898 4811 2033 4847 men-

484 4896 598 4936 sum
647 4878 816 4935 decus,
860 4885 1000 4922 arma
1044 4869 1256 4921 dierum.
1307 4867 1524 4936 lnalio,
1578 4882 1802 4919 mensum
1846 4868 2034 4936 decus;

483 4934 708 5003 mensum
757 4934 958 4996 scilicet
1014 4955 1104 5006 pro
1134 4934 1382 4991 mensium
1432 4951 1523 5004 per
1562 4938 1927 5005 syualmphen.
1961 4934 2036 4986 lta

483 5019 660 5083 Ovid.,
703 5012 845 5067 Fast.
877 5026 933 5074 v,
978 5007 1116 5060 187:

612 5119 726 5168 Cum
747 5129 840 5166 non
863 5117 979 5173 sunt,
1003 5110 1272 5171 cedantque
1297 5111 1385 5158 tibi
1403 5105 1603 5156 conﬁnia
1621 5119 1855 5177 mensum.

563 5226 587 5253 ο
612 5216 667 5268 lu
692 5215 788 5267 Ed.
821 5215 1008 5283 Lugd.,
1041 5222 1095 5266 et
1125 5213 1315 5283 Hymn.
1347 5211 1412 5263 cl.
1446 5209 1626 5283 Tom_.,
1655 5197 2041 5283 stridula_cun-

493 5293 570 5341 cla
601 5287 784 5354 favent.
811 5273 942 5336 Veii.
966 5273 1328 5354 Ed.,_str'idula
1357 5288 1540 5354 puncta
1570 5279 1764 5354 fovens,
1781 5273 2038 5354 iluhduub.

492 5345 659 5410 Codd.
682 5345 1163 5420 Vat.,scripula.Ut
1186 5345 1366 5420 autem
1391 5351 1578 5420 legitur
1604 5349 1651 5397 in
1678 5346 1812 5420 Edit.
1843 5345 2042 5403 Brom,

493 5425 791 5491 scrupulum
824 5415 1291 5488 sive'scirptulum,
1315 5415 1571 5491 vicesima
1606 5415 1770 5466 unciae
1802 5429 1918 5491 pars
1941 5421 2042 5491 est,

498 5510 590 5562 pro
620 5483 832 5545 minutis
861 5501 1047 5562 autem
1073 5483 1396 5562 quibusque
1421 5488 1572 5562 rebus
1612 5483 1855 5562 usurpari
1887 5483 2043 5562 solet,

499 5551 725 5617 'Adnotat
751 5562 990 5614 laudatus
1021 5551 1432 5611 Buchneru's-hio
1461 5556 1705 5619 srriptula
1737 5563 1914 5621 puncta
1943 5551 2044 5604 dici

913 5628 1177 5698 quomodo
1206 5629 1339 5693 apud
1374 5625 1643 5695 Virgilium
1675 5632 1837 5691 metra
1875 5621 2044 5685 verba,

501 5646 530 5683 α
563 5630 868 5692 Fortunato,

500 5710 553 5759 et
573 5700 708 5770 apud
739 5700 1010 5753 Phaedrum
1036 5699 1182 5752 verba
1205 5700 1412 5751 monita.

2012 450 2068 512 Δ
2090 445 2247 502 Salve
2276 444 2406 497 festa
2435 441 2570 505 dies,
2608 449 2720 492 toto
2743 436 3059 492 venerabilis
3081 449 3232 501 aevo;

2163 534 2272 601 Qua
2307 533 2440 585 Dcus
2465 532 2722 583 infernum
2747 526 2889 590 vicit,
2920 534 2974 580 et
2993 535 3133 579 astra
3156 532 3322 577 tenet.

2094 623 2353 679 Nobilitas
2379 630 2405 658 ο
2432 619 2578 683 anni,
2615 616 2873 672 mensium
2899 618 3084 678 decus,
3113 615 3256 665 alma
3285 612 3499 678 dierum,

2167 712 2426 766 Horarum
2459 709 2732 777 splendor,
2759 705 3002 772 scrupulo
3037 713 3062 739 °
3081 714 3280 773 puncta
3305 701 3497 757 fovens.

2098 803 2230 858 Hinc
2261 802 2350 871 tibi
2379 801 2513 855 silva
2540 799 2728 862 comis,
2765 797 2886 851 hinc
2917 807 2942 844 ιδ
2974 795 3177 865 plaudit
3203 809 3414 864 campus
3437 791 3610 860 aristis,

2169 893 2300 946 llinu
2321 901 2518 960 grates,
2551 890 2709 943 tacito
2738 887 2973 956 palmite,
2998 886 3126 939 vitis
3142 886 3271 954 agit.

2099 984 2154 1039 Si
2179 994 2206 1034 ιι
2235 984 2324 1037 tibi
2358 998 2496 1036 nunc
2526 982 2706 1034 avium
2741 987 2992 1034 resonant
3013 977 3238 1046 virgulta
3269 990 3496 1040 susurro,

2168 1073 2276 1129 Has
2297 1073 2434 1127 inter
2465 1072 2714 1126 ruinimus
2745 1085 2949 1139 passer,
2978 1082 3161 1122 amore
3190 1081 3344 1121 cano.

2099 1162 2306 1220 Christe
2361 1164 2512 1217 salus
2547 1177 2760 1227 rerum,
2826 1161 2964 1215 bone
3028 1139 3299 1221 conditor,
3357 1165 3498 1224 atque
3540 1167 3610 1212 rs-

3268 1246 3531 1319 [άαωιιιοτ.

2176 1341 2341 1401 Unica
2375 1343 2656 1412 progenies
2675 1357 2739 1397 ex
2769 1342 2964 1396 deitate
2987 1340 3178 1398 Patris.

2101 1434 2497 1491 lrrecitabiliter
2521 1448 2743 1487 manans
2768 1433 2835 1488 de
2861 1434 3020 1488 corde
3049 1432 3313 1498 Parentis.I

2174 1525 2409 1582 Verbum
2443 1525 2760 1591 subsistens,
2784 1532 2839 1577 et
2871 1533 3148 1592 penetrare
3173 1532 3196 1560 τ
3213 1533 3426 1592 potens.

2105 1617 2366 1686 Equalis,
2394 1629 2614 1671 concors
2644 1625 2665 1652 ι
2686 1657 2700 1682 ,
2734 1615 2928 1678 socius,
2960 1629 3081 1668 cum
3105 1614 3263 1669 Patre
3287 1627 3504 1678 curus,

2177 1711 2292 1780 Quo
2313 1708 2538 1776 sumpsit
2566 1708 2792 1762 mundus
2820 1708 3054 1776 principe
3078 1707 3412 1776 principium.

2032 1784 2080 1845 Β
2106 1799 2327 1854 Ethera
2353 1799 2653 1866 suapendis,
2687 1797 2800 1850 sola
2822 1799 3086 1864 congeris,
3112 1810 3326 1865 aequora
3358 1795 3530 1862 fundis,

2174 1889 2404 1960 Quaeque
2425 1889 2557 1942 locis
2583 1887 2821 1942 habitant
2846 1901 2952 1957 quo
2988 1890 3004 1923 ί
3038 1887 3353 1944 moderante
3373 1888 3544 1959 vigent.

2105 1980 2202 2050 Qui
2245 1996 2411 2051 genus
2461 1982 2746 2035 humanum
2789 1995 3010 2054 cernens
3057 1995 3292 2038 mersum
3327 1989 3354 2018 ιι
3382 1993 3611 2051 essuru-

2174 2162 2244 2218 Ut
2274 2162 2540 2217 hominem
2571 2163 2830 2232 eriperes,
2856 2176 2915 2217 es
2941 2176 3154 2231 quoque
3173 2160 3344 2217 {actus
3374 2069 3556 2217 Η)ᾛῆ

2105 2252 2215 2308 Nec
2245 2253 2457 2308 voluisti
2483 2262 2511 2292 ν
2535 2254 2735 2308 etenim
2767 2263 2966 2306 tantum
2990 2261 3042 2306 te
3067 2266 3293 2320 corpore
3322 2253 3472 2318 nasci,

2179 2340 2288 2395 Sed
2319 2357 2447 2396 caro
2475 2357 2597 2410 quae
2623 2343 2769 2396 nasci
2803 2343 3020 2410 pertulit
3045 2350 3207 2410 atque
3235 2340 3387 2396 mori.

2109 2431 2334 2487 Funeris
2359 2433 2641 2501 exsequias
2665 2434 2857 2501 pateris
2877 2432 2996 2486 vita
3023 2442 3237 2500 auctor,
3267 2441 3319 2487 et
3345 2431 3491 2496 orbis,

2181 2523 2389 2578 lntrans
2419 2525 2605 2578 mortis
2634 2523 2752 2592 iter,
2775 2521 2950 2577 dando
2979 2521 3167 2576 salutis
3188 2537 3361 2592 opem.

2116 2613 2313 2670 Tristia
2343 2621 2616 2669 cesserunt
2637 2623 2662 2651 κ
2692 2613 2911 2669 inferna
2940 2614 3146 2668 vincula
3176 2613 3324 2682 legis,

2191 2705 2518 2774 Expavitque
2557 2704 2720 2759 chaos
2747 2703 2955 2759 luminis
2982 2717 3077 2757 ore
3107 2704 3296 2770 prensi.

2113 2795 2420 2863 Depereunt
2447 2794 2680 2848 tenebrae
2704 2793 2898 2846 Christi
2916 2791 3123 2859 fulgore
3148 2791 3358 2857 fugatae,

2187 2883 2255 2936 Et
2284 2892 2440 2937 terra:
2462 2889 2498 2930 Ἰ
2532 2883 2704 2939 noctis
2730 2881 2881 2950 pallia
2920 2895 3101 2935 crassa
3128 2881 3340 2945 cadunt,

2115 2972 2407 3030 Pollicitam
2435 2981 2455 3008 ²
2484 2972 2576 3028 sed
2605 2971 2764 3028 redde
2792 2971 2966 3039 ﬁdem,
2995 2987 3220 3041 precor,
3250 2971 3376 3026 alma
3404 2976 3600 3041 potestas

2186 3061 2362 3117 Tertia
2387 3063 2473 3118 lux
2496 3063 2672 3127 rediit,
2702 3077 2888 3131 surge,
2917 3064 3119 3131 sepulta
3148 3076 3317 3116 meus.

2117 3153 2231 3210 Non
2252 3152 2422 3217 decet,
2456 3159 2512 3206 ut
2539 3150 2719 3205 humili
2743 3157 2796 3186 ⁸⁸
2818 3151 3017 3204 tumulo
3039 3161 3125 3204 tua
3155 3151 3381 3206 membra
3408 3159 3614 3220 tegantur

2199 3242 2312 3298 Neu
2341 3241 2400 3281 δι)
2430 3243 2664 3312 precium
2693 3241 2875 3294 mundi
2903 3241 3024 3292 vilia
3043 3253 3171 3293 saxa
3200 3247 3441 3307 premant.

2119 3333 2401 3402 Indignum
2430 3342 2547 3395 est,
2580 3332 2729 3398 cujus
2758 3330 3069 3383 clauduntur
3098 3338 3288 3382 cuncta
3319 3329 3514 3397 pugillo,

2188 3424 2257 3482 Ut
2282 3434 2430 3496 tegat
2457 3425 2717 3479 inclusum
2739 3461 2752 3488 ,
2776 3436 2910 3491 rupe
2938 3430 3169 3485 vetante,
3199 3421 3349 3489 lapis.

2191 3603 2493 3660 Priscianus
2524 3603 2773 3664 Fannius,
2803 3603 2853 3654 in
2901 3601 2995 3656 lib.
3043 3600 3110 3658 de
3145 3599 3370 3653 nummis
3392 3610 3441 3654 et
3464 3595 3622 3666 ponde-

2122 3676 2266 3731 ribus
2299 3692 2310 3726 :
2343 3675 2552 3739 Obolus,
2583 3675 2674 3733 ait,
2711 3672 2916 3739 dicitur,
2947 3667 3308 3739 utDardamts
3335 3666 3617 3739 docet,_uﬁ_

2123 3746 2272 3809 palus
2301 3757 2423 3803 esse,
2453 3743 2506 3792 id
2535 3735 2719 3809 culex
2757 3738 2975 3809 siliquae.
3011 3738 3162 3809 Plura
3205 3741 3267 3789 ad
3312 3739 3440 3809 hunc
3478 3735 3620 3809 Fanni

2125 3805 2299 3867 locum
2345 3809 2558 3862 adnotat
2605 3806 2746 3861 Elias
2780 3807 3011 3872 Vinetus,
3062 3806 3150 3870 qui
3195 3809 3266 3858 ait
3313 3805 3570 3872 scripulum
3611 3817 3623 3853 t

2125 3883 2321 4006 Glrzncis
2346 3879 2560 3954 γράμμα
2590 3871 2915 3933 nominatum
2948 3874 3110 3929 fuisse
3157 3874 3310 3944 justa
3339 3871 3466 3929 hunc
3507 3872 3624 3925 (iisti

2125 3966 2152 4006 c
2175 3967 2280 4004 tum
2307 3968 2318 4002 :

2123 3966 2280 4006 Cllllm
2307 3968 2318 4002 ε

2215 4041 2476 4091 Semioboli
2499 4039 2696 4102 duplum
2719 4044 2792 4102 est
2813 4036 2999 4102 obuius,
3019 4048 3168 4102 quem
3192 4034 3569 4102 pondere-de

2217 4120 2366 4164 rw
2385 4098 2580 4160 vocant,"
2595 4098 2822 4160 scriplum
2845 4101 2996 4148 nostri
3012 4099 3190 4148 dixere
3213 4100 3407 4159 priores.

2195 4204 2224 4243 ι»
2256 4195 2310 4247 lu
2341 4193 2482 4254 Edit.
2518 4191 2681 4258 Lugd.
2708 4207 2718 4240 :

2216 4282 2344 4333 Hinc
2364 4283 2452 4332 tibi
2477 4280 2596 4330 silva
2615 4280 2779 4338 comis,
2796 4276 2976 4341 plaudit
2998 4287 3196 4339 quoque
3211 4287 3403 4336 campus
3415 4273 3569 4322 aristis.

2029 4351 2033 4354 ’
2129 4367 2185 4422 ln
2216 4364 2374 4420 duob.
2403 4363 2570 4418 Codd.
2599 4363 2740 4428 νειμ,
2774 4358 2971 4428 plaudit
3003 4359 3106 4411 hia.

2056 4451 2111 4512 ι)
2202 4445 2231 4486 τι
2262 4434 2393 4490 ibid.
2426 4451 2436 4486 :

2566 4521 2697 4594 Hinc
2711 4523 2796 4570 tibi
2820 4533 2944 4570 nunc
2965 4523 3202 4570 avium...

2313 4591 2411 4634 has
2432 4591 2562 4633 inter
2588 4583 2733 4630 nimio
2758 4593 2922 4642 passer
2940 4594 3103 4630 arnore
3120 4583 3268 4629 canit.

2208 4686 2232 4714 ι’
2264 4675 2416 4738 lbid.,
2449 4685 2494 4726 et
2536 4673 2805 4741 patrisriore
2834 4683 3026 4738 potens.

2205 4755 2227 4783 ⁸
2264 4746 2316 4799 In
2345 4759 2451 4798 uno
2478 4740 2656 4795 Gudic.
2687 4740 2882 4800 Velim.
2922 4741 3132 4809 waalis
3162 4755 3386 4792 consors.

2209 4817 2229 4850 ί
2259 4815 2416 4875 lbid.,
2439 4827 2552 4874 qua:
2578 4810 2832 4864 moderati.
2861 4815 3046 4878 riga-it.

2207 4893 2233 4920 υ
2267 4873 2595 4936 ΤνεεὈοόιΙ.
2631 4880 2769 4939 νωμᾷ
2795 4873 3047 4932 mersisse.
3079 4875 3221 4931 Idem
3255 4876 3384 4930 Ven.
3415 4873 3537 4930 Edil.

2209 4963 2235 4992 ν
2269 4957 2458 5021 liymn.
2496 4951 2565 5004 cl.
2597 4949 2830 5014 Tutum,
2861 4949 2913 5002 et
2945 4947 3079 5000 Edit.
3118 4946 3318 5018 Lugd:

2264 5051 2366 5099 Nec
2389 5057 2553 5098 nostro
2576 5056 2758 5097 tantum
2783 5044 2971 5095 voluisti
2995 5059 3022 5095 e
3049 5053 3253 5109 corpore
3279 5048 3421 5094 nasci.

2153 5137 2197 5195 l'l
2232 5139 2362 5194 Ven.
2392 5137 2490 5190 Ed.
2527 5153 2538 5187 :

2267 5229 2371 5278 Nec
2388 5227 2578 5278 voluisti
2603 5233 2787 5275 etenim
2813 5231 2996 5273 tantum
3017 5224 3082 5273 de
3100 5234 3308 5283 corpore
3327 5221 3470 5270 usa.

2219 5329 2246 5357 ι
2275 5321 2436 5380 lbid.,
2471 5318 2631 5370 tristia
2670 5328 2943 5370 cessarunt.

2216 5400 2242 5437 γ
2275 5391 2330 5443 Ib
2357 5430 2373 5454 ,
2409 5375 2638 5441 {Etet-me
2686 5390 2865 5442 noctis.
2909 5387 3046 5440 Edit.
3099 5381 3296 5448 Paris.,
3349 5375 3625 5437 tetris-Idi!

2153 5459 2349 5520 forsan,
2384 5460 2548 5510 terris.

2225 5537 2248 5563 ³
2281 5529 2438 5592 lbid.,
2468 5529 2759 5580 sollicitam.

2225 5607 2280 5633 υ
2313 5599 2449 5650 Edit.
2483 5598 2667 5666 Lugd.,
2699 5611 2798 5648 non
2825 5595 2964 5649 decet
2987 5604 3039 5648 ut
3063 5593 3170 5647 uili.

2227 5682 2283 5721 ὶιδ
2313 5685 2468 5751 lbid.,
2495 5701 2592 5738 non
2619 5683 2849 5754 pretium.
