3952 6222
198 244 311 305 453

203 356 387 415 Lintea
420 351 565 420 tolle,
598 360 813 422 precor,
844 343 1058 407 sudaria
1083 344 1259 416 linque
1287 337 1555 416 sepulcio,

276 448 356 503 Tu
382 448 515 502 satis
540 461 600 500 es
624 446 800 509 nobis,
833 452 885 497 et
928 442 1042 495 sine
1070 450 1122 496 te
1148 439 1282 507 nihil
1312 448 1412 494 est.
1458 448 1462 452 ‘

201 538 365 596 Solve
384 533 666 592 catenatas
682 532 869 588 inferni
894 529 1121 587 carceris
1149 528 1385 597 umbras,

272 627 343 683 Et
370 635 612 684 revocata
641 639 873 689 sursum,
913 616 1165 691 quidquid
1193 620 1261 674 ad
1291 620 1395 675 ima
1427 621 1556 675 ruit.

201 719 386 778 Redde
415 730 555 775 tuam
587 716 794 782 faciem,
825 712 1041 769 videant
1071 722 1127 767 ut
1153 714 1348 769 saecula
1391 714 1590 779 lumen,

270 811 457 867 Redde
480 808 643 873 diem,
669 806 760 877 qui
787 819 905 871 nos,
939 815 990 859 te
1018 804 1300 870 moriente,
1335 803 1487 874 fugit.

201 904 310 961 Sed
338 903 495 974 plane
520 899 748 970 implesti
773 902 1038 960 remeans,
1070 896 1157 965 pie
1181 897 1371 960 victor,
1416 894 1480 946 ad
1510 894 1689 947 orbem
1721 899 1770 957 ⁸,

270 997 493 1052 Tartara
521 995 699 1065 pressa
726 992 928 1061 iacent,
962 998 1060 1046 nec
1086 1002 1179 1042 sua
1206 986 1325 1058 jura
1362 994 1563 1042 tenent.

198 1083 411 1143 Inferna
437 1079 849 1140 insaturabiliter
871 1085 999 1135 cava
1025 1082 1234 1148 guttura
1262 1074 1519 1144 pandens,

268 1177 370 1245 Qui
400 1174 571 1245 rapuit
598 1167 629 1213 ³
659 1182 890 1239 semper,
923 1168 981 1223 lii
1016 1175 1105 1223 tua
1136 1165 1333 1235 praeda,
1368 1165 1527 1218 Deus.

198 1264 382 1335 Eripis
409 1264 742 1325 innumerum
768 1256 1021 1328 populum
1046 1257 1113 1310 de
1142 1260 1358 1310 carcere
1383 1250 1599 1317 mortis,

270 1354 343 1409 Et
369 1352 609 1422 sequitur
637 1349 794 1418 liber,
826 1360 931 1417 quo
959 1360 1090 1403 suns
1125 1352 1309 1400 auctor
1329 1342 1442 1399 adit
1475 1344 1533 1396 c.‘

200 1445 415 1502 Evomit
442 1442 744 1512 absorplam
774 1439 976 1510 trepide
1001 1438 1110 1495 fera
1140 1436 1313 1495 bellua
1344 1433 1555 1505 plebem
1580 1431 1634 1503 ⁸,

272 1535 337 1592 Et
368 1536 439 1591 de
466 1534 615 1589 fauce
642 1532 750 1600 lupi
774 1529 1037 1585 subtrahit
1056 1542 1220 1599 agnus
1244 1527 1396 1582 ‘oves.

199 1627 338 1684 Hinc
405 1624 663 1682 tumulum
722 1632 1002 1693 repetens,
1057 1628 1178 1691 post
1219 1626 1437 1686 tartara,
1478 1624 1639 1673 carne
1680 1625 1775 1671 rs-

1357 229 1859 292 MlSCELLANEA.
1900 261 1973 317 —_
2004 226 2134 289 us.
2175 229 2241 287 Ill

1797 346 1854 411 Δ
2182 358 2185 361 .

3343 223 3445 287 tu

1948 437 2025 491 De
2051 436 2236 489 domno
2262 430 2432 486 Felice
2458 337 2930 494 ﬁnitimis“.
2956 429 3167 495 ﬂuvium
3194 430 3207 480 l
3244 431 3371 486 alibi

2489 503 2828 571 detorqueret.

1877 616 2427 690 [Sumptuosissimum
2468 613 2666 690 Felicis
2694 611 3065 667 Namnetensis
3091 612 3305 679 opusiu
3334 611 3439 667 de;

1945 686 2236 754 torqucndo
2280 684 2509 738 ﬂuminis
2554 695 2753 745 cursu’,
2810 699 2909 751 qua
2941 696 3079 754 novo
3109 697 3299 754 aggere
3344 694 3446 735 ex-
3508 708 3515 716 -

1944 752 2173 816 structo.
2204 769 2307 823 qua
2340 755 2518 823 vetere
2547 754 2800 820 deprcsso
2830 762 2883 805 et
2917 752 3138 823 effosso,
3187 752 3277 804 ρει..
3302 755 3442 823 brat,

1946 840 2005 879 ac
2035 840 2154 892 quae
2202 816 2325 877 inde
2354 822 2521 889 capia:
2551 816 2738 892 vicinis
2772 816 2979 892 populis
3010 830 3165 892 erant
3214 816 3441 892 perveni

1949 888 2100 961 turre,
2131 909 2236 949 uon
2262 897 2379 947 sine
2401 888 2611 962 egregia
2640 888 2832 947 Felicis
2862 891 3038 959 laude,
3071 888 3372 962 describit.]

1875 1004 2084 1061 Cedant
2113 1006 2352 1073 antitjui,
2383 990 2635 1074 quidquid
2672 1004 2965 1060 meminere
3003 1004 3194 1074 poetae,

1946 1095 2240 1151 Vincuntur
2269 1094 2425 1151 rebus
2454 1090 2597 1150 facta
2623 1103 2828 1149 vetusta
2859 1094 3032 1151 novis.

1874 1184 2071 1242 lncludi
2097 1185 2286 1242 ﬂuvios
2313 1185 2357 1240 si
2388 1196 2513 1242 tunc
2538 1184 2833 1255 spectasset
2862 1168 3123 1241 Homerus
3142 1226 3159 1253 ,

1944 1277 2071 1333 lude
2097 1282 2254 1333 suum
2278 1274 2456 1347 potius
2480 1261 2635 1332 dulce
2661 1274 2932 1346 repleSset
2963 1278 3119 1345 opus.

1872 1370 2061 1427 Cuncti
2092 1369 2325 1427 Felicem
2355 1364 2593 1439 legerent
2623 1368 2802 1434 modo,
2836 1369 3012 1456 nullus
3040 1351 3332 1436 Achillem,

1942 1463 2166 1519 Nomine
2192 1462 2291 1517 sub
2318 1461 2472 1532 cujus
2500 1471 2771 1517 cresceret
2807 1462 2938 1517 artis
2964 1462 3180 1532 honor“

1872 1549 1971 1619 Qui
1994 1552 2192 1620 probus
2215 1552 2444 1620 ingenio,
2467 1559 2678 1604 mutans
2707 1551 2928 1606 meliore
2958 1561 3166 1618 rotatu,

1942 1641 2168 1698 Currere
2195 1641 2369 1712 prisca
2398 1640 2528 1696 facis
2552 1636 2777 1696 ﬂumina
2816 1641 2931 1710 lege
2962 1655 3120 1695 nova.

1445 1707 1698 1781 [Nimim-
1798 1705 1849 1767 Β
1872 1734 2078 1805 Aggere
2096 1705 2415 1805 composito,
2446 1748 2730 1790 removens
2754 1736 2804 1793 iu
2834 1705 3041 1806 gurgite
3071 1720 3299 1799 laesum.

270 1810 505 1881 Belliger
534 1808 603 1864 ad
632 1807 799 1866 caelos
826 1806 1005 1874 ampla
1037 1813 1234 1874 tropiea
1265 1801 1458 1858 refers.

197 1903 346 1972 Quos
373 1903 557 1958 habuit
581 1901 789 1977 pmnaie
814 1899 1007 1965 chaos,
1035 1898 1145 1976 jam
1173 1893 1407 1952 reddidit
1433 1893 1486 1948 id
1511 1896 1568 1949 te
1596 1888 1650 1961 δ,

270 1994 344 2048 Et
368 2006 501 2062 quos
539 2006 684 2046 mors
714 1980 935 2058 peteret,
963 1986 1066 2043 bos
1094 2001 1233 2041 nova
1261 1986 1371 2039 vita
1398 1990 1563 2039 tenet.

200 2083 320 2157 lies
346 2096 520 2147 sacer,
548 2094 677 2137 ecce
717 2079 793 2133 tui
833 2077 1003 2132 radiat
1042 2089 1165 2146 pars
1203 2085 1395 2144 magna
1440 2067 1692 2141 triumphi
1722 2064 1770 2136 ί,

274 2177 407 2234 Cum
438 2187 597 2244 puras
621 2172 824 2227 animas
845 2183 994 2226 sacra
1023 2168 1230 2224 lavacra
1260 2165 1443 2247 beant.

200 2264 473 2323 Candidus
496 2261 766 2334 egreditur
794 2259 977 2315 nitidis
1010 2258 1277 2313 exercitus
1308 2254 1487 2322 undis,

275 2360 451 2424 Atque
478 2363 627 2409 vetus
656 2350 845 2407 vilium
876 2355 1067 2420 purgat
1095 2347 1147 2401 in
1171 2359 1329 2402 amne
1360 2357 1519 2399 novo.

200 2447 489 2516 Fulgentes
517 2445 720 2498 animas
746 2443 912 2497 vestis
940 2454 1151 2509 quoque
1172 2436 1398 2493 candida
1425 2435 1621 2507 signat,

279 2536 347 2589 Et
373 2546 536 2603 grege
562 2529 629 2585 de
664 2530 821 2585 niveo
848 2528 1041 2597 gaudia
1071 2535 1255 2596 pastor
1285 2526 1465 2580 habet.

199 2598 432 2686 Additur
455 2598 519 2677 ait:
547 2616 692 2694 [hac]
723 2617 871 2674 Felix
899 2626 924 2664 ε
955 2628 1177 2672 consors
1220 2612 1466 2670 mercede
1496 2598 1770 2669 sacErd'ds.

273 2716 381 2783 Qui
420 2714 548 2770 dare
574 2711 688 2769 vult
714 2708 939 2766 Domino
964 2706 1126 2778 dupla
1149 2706 1346 2762 talenta
1374 2719 1494 2763 suo.

199 2804 286 2861 Ad
314 2804 536 2861 meliora
563 2800 782 2859 trahens
802 2796 987 2871 gentili
1009 2802 1192 2854 errore
1216 2799 1489 2865 vagantes,

275 2894 450 2951 Bestia
490 2907 557 2948 ue
586 2893 758 2960 rapiat
795 2885 1088 2961 [raperet].
1120 2886 1291 2942 munit
1317 2886 1455 2943 o'vile
1484 2874 1600 2953 Dei,

198 2982 350 3050 Quos
388 2981 535 3049 prius
576 2978 685 3032 Eva
718 2972 912 3049 [ﬂava]
944 2982 1141 3029 nocens
1167 2973 1445 3041 infecerat,
1477 2967 1577 3029 bos
1615 2967 1773 3027 modo

276 3069 531 3125 Ecclesiae
563 3075 741 3136 pastos
764 3065 944 3130 ubere,
979 3063 1135 3129 lacte,
1185 3062 1325 3117 sinu.

202 3159 423 3217 litibus
452 3150 700 3228 alloquiis
728 3156 952 3227 agrestia
982 3154 1142 3210 corda
1170 3154 1416 3225 colendo,
1516 3228 1519 3233 Α

280 3251 505 3306 Munere
535 3247 749 3314 Felicis,
781 3240 846 3301 de
875 3260 1035 3315 vepre
1064 3254 1186 3299 nata
1214 3260 1389 3316 seges.

202 3342 406 3410 Aspera
434 3335 464 3375 ιι
494 3352 622 3407 gens
645 3335 806 3403 Saxo,
837 3336 1022 3390 vivens
1047 3335 1197 3404 quasi
1228 3341 1377 3390 more
1401 3332 1594 3403 ferino,

275 3431 355 3485 'l'e
399 3428 718 3502 medicante,
747 3440 916 3491 sacer,
949 3424 1123 3481 bellua
1153 3424 1328 3479 reddit
1356 3440 1530 3480 ovem.

200 3522 445 3578 Centeno
470 3519 643 3573 reditu
671 3526 845 3572 tecum
874 3530 1121 3569 mansure
1145 3530 1242 3583 per
1271 3530 1467 3581 aevum,

282 3610 475 3666 Messis
503 3607 819 3663 abundantis
848 3606 1039 3662 horrea
1078 3606 1228 3677 fruge
1256 3608 1453 3677 reples.

162 3713 167 3715 ‘
201 3703 545 3777 Immaculata
578 3702 680 3756 tuis
709 3700 856 3770 plebs
886 3700 998 3755 haec
1020 3708 1289 3769 vegetetur
1320 3698 1337 3738 ί
1367 3702 1422 3757 in
1453 3700 1618 3771 ulnis,

273 3795 450 3865 Atque
478 3794 588 3849 Deo
618 3807 805 3862 purum
834 3794 1025 3863 pignus
1048 3792 1113 3846 ad
1142 3802 1283 3847 astra
1312 3792 1469 3851 feras.

202 3886 323 3944 Una
351 3896 549 3941 cornua
581 3884 671 3939 tibi
697 3884 767 3938 de
790 3892 842 3937 te
872 3883 1136 3936 tribuatur
1164 3884 1231 3937 ab
1256 3884 1391 3949 alto,

276 3973 458 4029 Altera
488 3972 554 4028 de
584 3970 779 4041 populo
814 3978 1003 4025 veruet
1030 3968 1220 4039 adepta
1251 3979 1360 4026 tuo.

278 4135 307 4164 ι
334 4126 476 4183 Edit.
493 4124 681 4195 Lugd.,
699 4133 753 4180 et
777 4125 829 4181 in
863 4123 993 4179 Ven.
1017 4122 1185 4192 Edit;,
1204 4125 1284 4193 pie
1302 4124 1456 4179 victor
1482 4122 1772 4196 Olympum.

276 4205 308 4245 ι
339 4204 497 4271 ιδίάη
525 4206 613 4275 qui
640 4213 835 4273 raperet
862 4202 1079 4270 semper.
1240 4221 1246 4225 ‘
1304 4272 1309 4275 1
1758 4220 1763 4227 ’

284 4298 309 4326 ε
362 4286 519 4350 lbid.,
545 4297 642 4355 quo
679 4298 800 4336 suus
828 4291 1003 4335 auctor
1030 4280 1158 4334 abis.

277 4366 305 4404 δ
338 4366 477 4419 Edit.
508 4364 670 4417 Paris.
699 4378 714 4415 :

304 4452 529 4511 Evomuit
549 4465 755 4520 sorptam
774 4457 1009 4521 trepidam
1031 4450 1135 4508 fera
1156 4457 1317 4509 bellua
1342 4457 1569 4521 praedam.

284 4562 321 4589 σ
343 4553 485 4605 sun.
521 4549 713 4619 Lugd.,
743 4551 961 4604 reddidit
980 4553 1092 4604 iste.

288 4624 309 4661 τ
345 4619 502 4687 lbid.,
530 4635 648 4686 pars
672 4635 856 4688 magna
883 4620 1079 4688 tropmi.

286 4703 314 4739 ις
345 4691 493 4745 Hunc
526 4687 852 4743 Felicemde
882 4702 989 4755 quo
1018 4687 1101 4740 hic
1123 4688 1442 4745 Fortunatus
1470 4690 1625 4744 alium
1652 4702 1774 4745 esse

206 4777 373 4833 quam
402 4760 807 4814 Namnetensem
837 4757 1027 4833 episc_._,
1048 4757 1131 4833 vix
1162 4761 1425 4833 suspicari
1458 4774 1771 4833 possumus:

205 4826 277 4887 ex
308 4843 413 4896 quo
455 4835 673 4895 apparet
717 4841 873 4895 quam
912 4826 1214 4882 hallucinati
1263 4830 1372 4881 sint
1394 4830 1489 4897 qui
1516 4830 1619 4884 hoc
1660 4842 1775 4883 car-

217 4914 349 4955 men
375 4897 977 4964 Lactantioiascripsere.

286 4965 586 5020 hAdvertit
647 4963 822 5018 Brow.
880 4964 1016 5033 olim~
1064 4963 1462 5020 mendosissime
1525 4969 1775 5033 scriptum

210 5038 383 5094 fuisse
403 5049 547 5106 asper
567 5049 729 5106 agens
747 5032 1133 5106 SaxoLQuaarit
1154 5036 1290 5089 idem
1316 5035 1489 5088 Brow.
1513 5032 1775 5103 quomodo

215 5107 366 5162 Felix
393 5102 762 5159 Namneteusis
797 5106 849 5173 in
897 5102 1158 5173 Saxonas,
1191 5111 1268 5157 tot
1296 5106 1565 5173 regionum
1604 5107 1769 5159 inter-

216 5176 360 5231 vallo
385 5191 413 5227 a
438 5190 529 5227 sua
552 5174 766 5228 ditecesi
794 5171 1032 5234 dissitas,
1063 5174 1311 5240 pietatem
1343 5171 1489 5226 suam
1520 5188 1774 5229 exercere

215 5244 470 5314 potuerit,
486 5258 563 5314 jac
601 5248 783 5314 censet
808 5255 1055 5314 magu_um
1095 5256 1277 5314 eorum
1302 5254 1605 5314 numerum,
1637 5244 1778 5312 quod

216 5308 585 5381 frequentibus
624 5310 858 5381 cladibus
884 5324 911 5362 a
944 5308 1162 5381 Francis
1192 5313 1352 5364 attriti
1402 5313 1618 5365 fuissent
1640 5308 1778 5374 [ca-

217 5379 394 5451 ptivos
420 5384 472 5434 in
507 5382 729 5437 Galliam
756 5379 1166 5451 deportatos,gin
1194 5381 1685 5451 quibus‘emeudis,
1720 5392 1779 5437 ut

217 5448 349 5509 tunc
380 5453 543 5505 moris
570 5461 684 5505 erat
724 5448 1133 5517 religiosissimis
1158 5450 1314 5515 viris,
1356 5459 1406 5504 el
1436 5450 1646 5503 Christo
1695 5453 1780 5505 lu-

217 5520 458 5583 crandis,
489 5534 702 5588 operam
732 5534 879 5587 suam
909 5527 964 5589 et
1002 5518 1369 5581 liberalitatem
1397 5519 1545 5589 Felix
1574 5520 1779 5589 impen:

415 5589 519 5645 Sed
559 5590 677 5645 vide
720 5597 857 5660 qua;
884 5588 1249 5645 adnotavimus
1286 5590 1349 5645 ad
1398 5604 1448 5644 c.
1488 5588 1521 5645 4
1560 5588 1781 5660 hujusce

1944 1824 2060 1892 Quo
2088 1834 2275 1881 natura
2306 1832 2481 1894 negat,
2510 1824 2656 1895 cogis
2697 1825 2899 1880 habere
2920 1824 3080 1879 viam.

1846 1994 1860 2001 -
1880 1914 2053 1984 Erigis
2082 1914 2167 1968 hic
2190 1910 2217 1950 ιι
2251 1913 2464 1980 vallem,
2497 1912 2729 1969 subdens
2755 1914 2820 1969 ad
2849 1926 3080 1997 concava
3110 1923 3365 1983 montem,

1943 2004 2011 2057 Et
2035 2003 2148 2058 vice
2174 2015 2455 2068 conversa,
2485 2005 2597 2058 haec
2626 2010 2813 2069 tumet,
2846 2006 2934 2060 ille
2955 1994 3117 2073 jacet.

1874 2094 2023 2150 Alter
2052 2093 2104 2148 in
2132 2086 2346 2149 alterius
2375 2088 2616 2163 migravit
2643 2093 2874 2164 imagine
2904 2093 3153 2163 formam,

1944 2186 2097 2243 Mons
2123 2187 2177 2242 in
2208 2186 2348 2242 valle
2376 2184 2549 2251 sedet,
2582 2185 2734 2241 vallis
2763 2185 2829 2240 ad
2859 2186 2965 2241 alta
2988 2187 3154 2243 subit.

1874 2277 1991 2345 Quo
2014 2263 2112 2333 fuit
2152 2276 2291 2331 unda
2315 2276 2490 2347 fugax,
2522 2276 2689 2334 crevit
2718 2279 2868 2348 pigro
2891 2278 3041 2334 obice
3064 2288 3228 2346 terra,

1946 2370 2011 2424 Et
2041 2383 2149 2439 quo
2180 2382 2337 2437 prora
2368 2370 2534 2439 prius,
2560 2369 2662 2424 huc
2688 2366 2706 2406 ι
2733 2369 2891 2425 modo
2916 2373 3146 2441 plaustra
3173 2380 3370 2427 meant.

1873 2456 2110 2512 Collibus
2133 2462 2173 2493 ιιι
2205 2456 2441 2510 adversis
2469 2457 2634 2512 ﬂexas
2656 2472 2815 2527 super
2836 2459 3040 2514 invehis
3081 2460 3270 2525 undas,

1946 2546 2013 2600 Et
2045 2545 2261 2613 ﬂuvium
2290 2545 2554 2611 docilem,‘
2579 2554 2759 2601 monte
2786 2550 3017 2611 vetante,
3055 2547 3239 2601 trahis.

1876 2633 1991 2702 Quo
2019 2628 2047 2671 δ
2079 2634 2292 2703 rapidus
2318 2631 2555 2706 [ﬂuvius]
2581 2632 2792 2701 flueret,
2820 2632 3039 2689 veniens
3082 2622 3223 2688 celer
3258 2643 3443 2691 ‘amnls

3054 2713 3298 2797 [adhaesit
3318 2734 3364 2781 ο.

1950 2816 2016 2872 Et
2041 2817 2240 2883 subito,-
2265 2825 2391 2871 nato
2419 2816 2576 2883 colle,
2604 2806 2816 2872 retorsit
2843 2817 2960 2871 iter.

1878 2908 2005 2975 Quae
2044 2909 2190 2977 prius
2220 2907 2273 2961 in
2304 2910 2566 2977 praeceps,
2602 2906 2761 2961 veluti
2788 2907 2903 2962 sine
2932 2905 3100 2977 fruge,
3126 2906 3365 2978 rigabant
3387 2913 3436 2961 ν.

1949 2998 2027 3050 Ad
2058 2997 2251 3051 victum
2280 2997 2446 3063 plebis
2478 3010 2618 3050 nunc
2641 2994 2962 3051 famulantur
2987 3013 3156 3066 aquae.

1550 3059 1769 3133 [τδάάίίο
1796 3038 1843 3102 C
1875 3074 2051 3140 Altera
2079 3084 2146 3139 de
2170 3038 2331 3139 ﬂuvio
2355 3085 2568 3139 metitur
2596 3099 2747 3154 seges
2775 3095 2894 3140 orta
2927 3038 3180 3155 viroirum,

1956 3162 2087 3229 Cum
2119 3189 2211 3244 per
2240 3184 2290 3230 te
2318 3176 2511 3244 populo
2533 3177 2760 3245 parturit
2784 3178 2923 3231 unda
2947 3177 3142 3232 cibum.

1875 3265 2118 3334 Qualiter
2147 3266 2378 3322 incertos
2407 3267 2680 3323 hominum
2698 3269 2814 3325 scis
2839 3268 3050 3325 flectere
3079 3268 3275 3338 motus,

1945 3358 2044 3425 Qui
2076 3358 2283 3428 rapidos
2314 3361 2484 3415 fontes
2510 3360 2574 3414 ad
2606 3370 2690 3415 tua
2724 3360 2876 3417 frena
2906 3363 3089 3432 regis?

1874 3448 1993 3503 Stet
2019 3449 2134 3502 sine
2162 3445 2278 3502 labe
2302 3447 2421 3513 tibi,
2453 3449 2624 3513 Felix,
2665 3451 2745 3518 pia
2778 3452 2878 3504 vita
2910 3468 3003 3519 per
3031 3454 3224 3519 mum,

1945 3535 2105 3607 Cujus
2136 3537 2200 3593 ad
2226 3537 2501 3608 imperium
2534 3542 2799 3607 transtulit
2828 3542 2964 3596 unda
2996 3542 3191 3600 locum.

2472 3682 2695 3740 CAPUT
2743 3680 2829 3739 XI.

2155 3782 2235 3837 De
2267 3780 2472 3835 Nicetio
2498 3792 2525 3831 ιι
2556 3783 2791 3853 episcopo
2819 3784 3133 3841 Treeerensl.

1870 3870 2099 3960 [Laudat
2124 3883 2382 3960 Nicetium
2401 3923 2415 3944 ,
2445 3882 2748 3960 episcopum
2779 3884 3173 3960 Trevirensem,
3219 3889 3288 3942 ob
3319 3890 3439 3960 ejus

1947 3954 2335 4022 innocentiam,
2402 3951 2817 4009 misericordiam
2866 3964 2918 4009 et
2973 3951 3435 4017 liberalitatem'in

1953 4104 1969 4143 ί
2000 4103 2141 4158 Edit.
2178 4102 2369 4169 Paris.,
2392 4112 2631 4157 vectetur.

1954 4176 1967 4225 i
2002 4173 2194 4244 Censet
2226 4174 2398 4244 Brow.
2429 4174 2496 4228 de
2523 4172 2728 4244 Ligeris
2752 4172 2981 4228 fluminis
3006 4174 3183 4244 alveo,
3210 4177 3314 4232 alio
3343 4177 3437 4233 de-

1878 4252 2133 4315 portatn,_
2163 4242 2275 4296 haec
2302 4259 2327 4296 a
2363 4243 2653 4315 Fortunato
2679 4243 2819 4315 dicta
2868 4258 2986 4315 esse
3009 4242 3354 4315 accipienda.
3384 4250 3430 4305 si

1880 4312 2071 4378 minus,
2105 4313 2171 4387 de
2209 4326 2363 4387 atnne
2395 4312 2642 4387 Cariaco,
2660 4312 2832 4366 minus
2862 4312 3104 4387 nobili‘et
3145 4316 3314 4381 clero,
3346 4318 3437 4387 qui

1807 4385 1860 4444 D
1887 4398 2070 4449 parum
2115 4383 2267 4437 abest
2310 4382 2377 4435 ab
2410 4385 2553 4452 urbe
2599 4380 3092 4452 NamnetensikDe
3144 4399 3246 4452 quo
3297 4380 3435 4443 idem

1885 4454 2125 4516 Fortun.,
2148 4453 2239 4505 lib.
2260 4466 2311 4517 v,
2334 4464 2383 4504 c.
2401 4450 2455 4515 8,
2478 4450 2604 4503 item
2631 4450 2868 4505 scribens
2883 4451 2947 4504 ad
2979 4449 3229 4527 Felicem,
3249 4460 3394 4510 canit
3420 4474 3433 4511 ε

1999 4543 2105 4602 Qua
2120 4546 2199 4590 tua
2220 4552 2330 4589 rura
2353 4540 2474 4590 lavat
2494 4542 2647 4603 vitrea
2667 4539 2817 4600 Liger
2839 4541 3029 4603 algidus
3051 4540 3194 4593 unda.

1997 4600 2176 4654 Cariaci
2200 4604 2447 4675 speciosus
2468 4615 2589 4664 ager
2610 4600 2833 4652 devexus
2848 4600 2912 4651 in'
2922 4616 3129 4654 omnem.

1949 4684 1971 4751 ‘3
2011 4684 2149 4738 Edit.
2183 4683 2318 4738 Ven.
2349 4685 2506 4751 erigis
2536 4686 2675 4739 hinc.
2758 4716 2759 4719 η

1953 4750 1971 4791 1
2006 4754 2132 4808 Ibid.
2165 4762 2217 4807 et
2250 4769 2383 4807 unus
2410 4754 2540 4809 Cod.
2572 4754 2687 4807 Vat.
2717 4755 2802 4806 hic
2831 4753 2989 4809 modo
3029 4754 3278 4820 plaustra.
3332 4755 3430 4812 Hie

1878 4838 2059 4878 versus
2100 4824 2223 4876 olim
2272 4824 2462 4877 mendo
2508 4838 2566 4877 se
2598 4823 2909 4893 legebatur.
2944 4830 3080 4879 teste
3129 4824 3299 4879 Brow.
3334 4827 3435 4882 hoc

1878 4893 2041 4966 modo,
2065 4902 2208 4966 :__prg
2249 4892 2438 4966 rabidis
2463 4892 2631 4966 __undt's
2661 4892 2766 4949 huc
2803 4892 2963 4949 modo
2988 4897 3216 4966 plaustra
3244 4906 3433 4951 meant.

1946 4971 1986 4999 ιιι
2010 4961 2142 5014 Edit.
2174 4961 2363 5025 Par-is.,
2392 4962 2535 5017 collis
2562 4964 2634 5015 in.

1947 5040 1974 5068 η
2008 5032 2148 5087 Unus
2176 5031 2307 5085 Cod.
2342 5031 2485 5097 Val.,
2508 5048 2605 5099 qua
2632 5031 2873 5100 rapidus.

1950 5109 1975 5137 ο
2005 5102 2057 5154 1η
2091 5100 2225 5153 Edil.
2255 5099 2410 5165 Ven.,
2443 5103 2605 5154 amnis
2632 5102 2860 5157 oblituit.

1950 5180 1975 5218 ρ
2006 5170 2155 5241 lbid..
2182 5172 2289 5224 sine
2318 5171 2464 5241 fruge
2486 5172 2733 5239 rigebant.

1949 5248 1975 5287 ιι
2005 5240 2176 5292 Sanrti
2205 5241 2386 5294 Nicetii
2410 5240 2774 5306 sanctitatem,
2804 5248 2857 5295 et
2899 5241 3177 5308 miracula,
3203 5252 3255 5297 rt
3297 5251 3431 5299 actu.

1878 5310 1999 5363 vitae
2027 5311 2285 5371 ordinem.
2314 5310 2567 5364 describit
2588 5308 2744 5379 Greg.
2770 5311 2897 5365 Tur.
2930 5313 3022 5367 lib.
3054 5316 3120 5368 de
3149 5316 3275 5367 Vilis
3298 5310 3430 5379 PP.,

1878 5394 1993 5447 cap.
2030 5379 2111 5451 li.
2147 5381 2270 5451 Item
2299 5380 2557 5451 eumdem
2582 5378 2754 5435 laudat
2781 5380 2872 5434 lib.
2917 5396 2948 5436 ι
2978 5378 3431 5451 Ιιίςιοτεΐτειιιες

1880 5446 2115 5520 “p.29,
2142 5458 2194 5501 et
2222 5448 2288 5502 de
2317 5448 2496 5520 Gloria
2526 5449 2793 5510 Co:iless..
2839 5467 2887 5505 c.
2923 5452 3007 5504 94.
3037 5453 3086 5504 Is
3113 5464 3140 5503 a
3174 5446 3430 5520 Clmario,

1880 5518 2016 5599 quod
2043 5516 2278 5599 ejusdem
2312 5519 2433 5599 vitia
2482 5520 2645 5599 libere
2672 5520 3243 5599 arguisset,pulsus,in
3285 5516 3421 5599 exsii

1881 5586 2031 5657 l_ium,
2061 5602 2088 5639 a
2133 5586 2415 5655 Sigibcrtn,
2464 5592 2637 5642 statim
2669 5586 2825 5657 atque
2862 5586 3106 5657 regnum,
3137 5589 3290 5645 Patre
3326 5591 3427 5644 vita

1884 5655 2083 5726 fitncto,
2114 5658 2338 5726 adeptus
2365 5666 2468 5722 est,
2494 5655 2791 5727 revocatur,
2817 5673 2879 5712 ac
2905 5655 3019 5714 sedi
3059 5674 3167 5715 sua-
3197 5660 3402 5715 restitui
