3952 6222
531 319 628 374 {35

1235 288 1542 375 veniam
1581 317 1735 374 non.
1775 313 1982 374 CLEM.
2023 312 2406 379 sensuum
2442 303 2726 389 DPEBUM
2768 313 2944 371 parts
2980 314 3020 371 i.

598 441 790 495 egenos
829 442 889 482 ac
933 427 1232 500 peregrinos
1261 447 1274 481 :
1300 432 1370 485 ob
1414 432 1728 498 pastoralem
1758 431 2064 485 sollicitudi-
2089 435 2142 493 Α
2167 430 2404 500 Rupibus
2434 427 2707 498 expositis,
2743 429 2949 482 intonsa
2973 427 3240 482 cacumina
3273 428 3428 495 tollit,

599 514 716 552 nem
746 512 806 551 ac
832 498 1056 551 studium
1086 499 1136 552 in
1163 500 1328 553 sacris
1356 500 1554 556 aedibus
1583 500 1982 570 re‘staurandis.|

529 609 805 681 Splendor,
838 617 976 675 apex‘
996 607 1135 675 tidei,
1157 603 1457 664 venerabile
1485 618 1509 646 ⁸
1541 619 1718 663 meme
1744 607 1932 671 Niceti,

599 700 782 755 Totius
804 699 945 752 orbi‘s
971 713 1138 779 amor,
1166 697 1572 767 pontificumque
1599 698 1626 737 δ
1655 710 1827 768 caput.

441 776 453 790 ’
534 790 777 846 Summus
801 788 1084 855 apostolico
1105 776 1419 854 praecellens
1448 797 1623 856 pastor
1651 789 1805 856 ovili,

601 879 802 933 Auxisti
829 875 1324 944 meritis,-quitlmtid
1367 877 1578 931 honoris
1604 877 1786 932 babes.

535 969 714 1024 Divino
741 967 982 1022 insistens
1004 971 1168 1034 Operi,
1201 975 1414 1020 terrena
1445 967 1717 1034 relinquis,

599 1057 694 1111 Cui
722 1056 937 1110 moritur
958 1056 1196 1118 mundus,
1233 1071 1337 1109 non
1367 1057 1622 1110 moriture
1657 1070 1858 1110 manes.

535 1145 652 1201 Vita
681 1145 852 1200 brevis
880 1143 1102 1208 cunctis,
1136 1144 1226 1198 sed
1254 1159 1356 1196 non
1386 1143 1559 1198 brevis
1584 1144 1672 1198 illa
1704 1145 1890 1209 beatis,

602 1234 729 1289 Cum
757 1236 889 1288 bona
921 1248 1020 1287 non
1067 1240 1302 1300 pereant,
1339 1231 1456 1298 jure
1487 1232 1728 1297 perennis
1753 1233 1856 1286 eris
1881 1230 1959 1285 εί

530 1324 661 1379 Dum
693 1323 784 1376 tibi
815 1321 1087 1376 restrictus
1116 1309 1350 1383 maneas,"
1379 1328 1430 1373 et
1468 1319 1636 1387 largus
1663 1321 1859 1387 egenis,

600 1410 747 1477 Quod
775 1408 902 1464 facis
930 1411 984 1463 in
1013 1409 1262 1473 minimis,
1297 1417 1348 1462 te
1374 1411 1497 1463 dare
1537 1410 1694 1464 crede
1736 1410 1859 1464 Deo.

528 1499 772 1570 Captivos
802 1501 1098 1569 quicunque
1127 1497 1283 1561 redit,
1315 1513 1405 1552 sua
1439 1499 1619 1552 limina
1651 1513 1894 1562 cernens,

604 1589 691 1643 ille
723 1593 855 1641 lares
885 1587 1101 1653 patrios,
1131 1595 1184 1640 tu
1217 1586 1358 1654 capis
1389 1588 1506 1640 inde
1532 1587 1678 1653 polos

529 1678 624 1733 llic
653 1679 807 1731 habet
833 1677 978 1730 exsul
1004 1691 1180 1744 opem,
1204 1677 1445 1744 ieiunans
1469 1676 1666 1729 invenit
1690 1690 1856 1742 escas,
1884 1720 1914 1738 ,κ

600 1766 698 1831 Qui
723 1766 864 1817 venit
888 1764 1146 1826 esuriens,
1182 1765 1302 1816 hinc
1330 1764 1543 1815 satiatus
1569 1764 1694 1817 abit.

539 1855 796 1908 Tristibus
825 1852 1048 1920 imponis
1075 1866 1228 1907 curas
1267 1852 1537 1920 purgando
1567 1851 1829 1920 querelas,

607 1946 671 2000 Et
696 1953 847 1998 sanat
866 1957 1080 1998 cunctos
1110 1959 1207 1996 una
1237 1944 1444 2018 medela.
1477 1944 1633 1996 viros.
1697 1921 1711 1937 ’

538 2037 784 2104 Pauperis
810 2036 930 2090 hinc
951 2036 1205 2104 lacrymas
1228 2035 1484 2100 dcsiccas,
1505 2033 1694 2103 gaudia
1727 2043 2000 2102 praestans,

427 2257 460 2274 κ

518 2187 520 2190 τ
603 2127 696 2191 Qui
729 2127 873 2194 prius
903 2125 1174 2192 ingemuit,
1203 2133 1319 2176 vota
1357 2124 1538 2176 salutis
1584 2123 1762 2178 habet.

536 2215 610 2268 Te
642 2221 883 2280 pascente
912 2226 1116 2279 greges,
1151 2224 1412 2276 nunquam
1457 2210 1606 2277 lupus
1637 2209 1829 2277 abripit
1850 2221 2034 2277 agnos,

602 2304 735 2358 Sunt
764 2304 896 2370 bene
924 2295 1115 2364 securi,
1144 2314 1274 2367 quos
1305 2309 1386 2351 tua
1415 2300 1560 2352 caula
1593 2300 1736 2366 tegit.
1817 2358 1824 2364 η

536 2393 753 2459 Templa
782 2400 980 2444 vetusta
1014 2390 1105 2445 Dei
1134 2379 1392 2443 revocasti
1424 2389 1486 2442 in'-
1503 2389 1730 2443 culmine
1754 2387 1778 2426 ἀ
1809 2390 2002 2459 prisco,

605 2485 670 2539 Et
699 2483 849 2536 ﬂoret
875 2482 1071 2546 senior,
1102 2491 1152 2536 te
1178 2484 1472 2549 reparante,
1503 2481 1707 2535 domus.

536 2573 666 2630 Hinc
692 2572 814 2641 {hic}
833 2571 1042 2639 pupulis
1072 2571 1254 2638 longos
1286 2571 1480 2624 tribuas
1507 2572 1590 2638 pia
1620 2579 1740 2624 vota
1765 2585 1860 2639 per
1877 2585 2066 2639 annos,

607 2661 671 2715 Et
698 2675 908 2715 maneas
942 2668 1137 2728 pastor,
1171 2674 1234 2713 ne
1266 2660 1555 2713 lacerentur
1579 2674 1723 2714 oves.

1114 2765 1332 2818 CAPUT
1371 2764 1484 2818 XII.

748 2857 817 2908 De
846 2854 1069 2918 Castello,
1092 2864 1114 2891 ο
1146 2855 1367 2922 ejusdem
1394 2869 1541 2918 super
1572 2853 1862 2913 Mosellam.

504 2947 745 3013 {[Nicetii
775 2944 1078 3009 Castellum,
1111 2957 1268 3009 Supra
1300 2944 1561 3013 Mosellam
1596 2945 1841 3010 positum,
1870 2952 1921 2997 et
1955 2942 2070 3010 eius

615 3015 984 3079 ammoitatem,
1035 3029 1130 3066 nec
1162 3029 1262 3065 non
1293 3014 1472 3066 [\icetii
1524 3012 1573 3064 in
1605 3015 1786 3066 eodem
1832 3014 2068 3068 ornando

2236 521 2397 575 Tutus
2425 518 2444 557 ί
2487 531 2542 573 et
2571 520 2707 574 elato
2729 520 2925 574 vertice
2947 528 3127 588 regnat
3154 520 3303 587 apex.

2172 609 2451 664 Proliciunt
2477 607 2616 673 colli,
2648 621 2764 676 qua:
2794 604 3014 660 vallibus
3043 621 3166 659 arva
3196 607 3469 676 recedunt,

2197 764 2199 766 η
2243 699 2479 767 Undique
2509 707 2648 753 terra
2677 702 2849 751 minor
2876 699 3062 766 vergit,
3093 709 3145 752 et
3177 699 3274 752 iste
3297 699 3439 752 subit

2172 789 2336 854 Quem
2368 790 2580 844 Mosella
2610 798 2838 856 tumens,
2873 773 3156 845 Rhodanus
3181 798 3205 836 ε
3240 800 3449 860 quoque
3477 791 3741 860 parvulus

2239 946 2668 1018 Certanturqneh
2708 961 2806 1004 suo
2837 962 3052 1018 pascere
3071 949 3219 1016 pisce
3245 948 3439 1005 locum.
3511 879 3735 954 [ambus

2176 1038 2433 1105 Diripiunt
2457 1038 2636 1094 dulces
2660 1039 2784 1094 alibi
2812 1053 2938 1107 vaga
2965 1037 3176 1092 ﬂumina
3204 1037 3400 1106 fruges,
3491 1101 3497 1105 ,

2244 1125 2366 1180 llaec
2394 1125 2486 1179 tibi
2513 1127 2825 1193 parturiunt,
2854 1114 3146 1180 Mediolane
3176 1123 3224 1190 ί,
3256 1126 3435 1196 dapes.

2175 1214 2435 1280 Quantum
2456 1215 2657 1286 crescit
2684 1216 2834 1283 aquis
2867 1215 2880 1264 i
2924 1215 3092 1282 pisces
3125 1215 3347 1269 vicinius
3376 1215 3559 1283 oﬁert,

2246 1306 2481 1360 Exhibet"
2497 1305 2616 1358 hinc
2645 1305 2847 1374 epulas,
2885 1307 3022 1361 unde
3051 1309 3230 1376 rapina
3261 1295 3423 1362 ve‘nit.

2176 1391 2359 1448 Cernit
2386 1393 2659 1462 frugiferos
2687 1397 3019 1465 congaudens
3049 1397 3215 1450 incola
3241 1397 3436 1465 sulcos,

2247 1481 2375 1536 Vota
2406 1483 2579 1537 ferens
2606 1484 2790 1551 segeti,
2822 1483 3094 1539 fertilitate
3123 1486 3288 1553 gravi.

2176 1570 2430 1638 Agricolae
2461 1581 2678 1639 pascunt
2703 1573 2883 1628 oculos
2903 1573 2970 1626 de
3001 1588 3173 1630 messe
3200 1575 3391 1638 futura,

2244 1664 2379 1715 Ante
2405 1666 2554 1717 metit
2577 1662 2718 1728 visu,
2745 1677 2901 1733 quam
2930 1663 3066 1716 ferat
3092 1679 3258 1718 annus
3280 1679 3432 1734 opem

2100 1763 2148 1822 Β
2179 1752 2328 1808 Ridet
2356 1767 2594 1808 amoenus
2621 1769 2763 1821 ager,
2802 1763 2967 1820 tectus
2999 1755 3344 1809 viridantibus
3375 1755 3579 1821 herbis,

2241 1841 2517 1897 Oblectant
2542 1841 2747 1896 animos
2773 1845 2947 1897 mollia
2984 1853 3131 1910 prata
3160 1857 3334 1911 vagos.

2172 1931 2295 1988 Hrec
2321 1931 2346 1970 κ
2379 1935 2456 2000 vir
2485 1934 2800 2004 apostolicus
2829 1933 3057 1987 Nicetius
3085 1933 3271 2020 arva.1
3305 1948 3619 2004 peragrans,

2114 2037 2132 2048 “
2197 2039 2203 2048 ·
2241 2020 2487 2077 Condidit
2518 2033 2752 2092 optatum
2784 2033 2961 2092 pastor
2988 2023 3122 2077 ovile
3149 2026 3314 2092 gregi.

2170 2109 2425 2167 Turribus
2455 2112 2677 2166 incinxit
2698 2112 2927 2167 terdenis
2957 2111 3188 2176 undique
3215 2113 3406 2167 collem

2216 2202 2472 2256 .Praabuit
2495 2201 2587 2256 hic
2613 2202 2883 2261 fabricam,
2915 2217 3016 2269 quo
3049 2217 3232 2256 nemus
3260 2211 3380 2257 ante
3407 2204 3524 2256 fuit.

2169 2285 2381 2344 Vertice
2408 2290 2473 2346 de
2499 2305 2706 2343 summo
2736 2290 3015 2343 demittunt.
3048 2289 3258 2343 brachia
3286 2306 3520 2357 murum,

2244 2377 2374 2431 Dum
2401 2378 2614 2434 Mosella
2644 2377 2752 2430 suis
2777 2378 3031 2431 terminus
3057 2387 3227 2432 exstet
3264 2379 3433 2448 aquis.

2173 2467 2305 2541 Aula
2326 2478 2365 2505 ω
2395 2479 2565 2523 tamen
2594 2469 2744 2522 nituit
2771 2478 3069 2524 constructa
3099 2471 3366 2525 cacumine
3393 2472 3563 2541 rupis,

2239 2539 2306 2614 Et
2336 2547 2500 2613 monti
2529 2558 2777 2627 imposito
2801 2572 2952 2612 mons
2981 2568 3092 2612 erat
3118 2561 3231 2627 ipsa
3257 2539 3465 2615 domus.

2170 2643 2494 2715 Complacuit
2519 2648 2681 2700 latum
2709 2660 2860 2698 muro
2887 2645 3200 2699 concludere
3221 2661 3494 2714 campum,

2240 2735 2308 2788 Et
2328 2749 2492 2802 prope
2521 2733 2796 2798 castellum
2829 2733 2940 2806 haec
2967 2744 3087 2785 casa
3119 2734 3228 2786 sola
3259 2733 3398 2786 facit.

2172 2822 2343 2878 Ardua
2370 2830 2395 2856 υ
2416 2819 2722 2875 marmoreis
2750 2820 3080 2888 suspenditur
3104 2822 3216 2874 aula
3239 2820 3517 2887 columnis,

2241 2913 2352 2984 Qua
2380 2926 2538 2979 super
2562 2911 2814 2964 :estivitas
2833 2910 3002 2966 cernit
3026 2909 3078 2964 in
3105 2925 3258 2966 amne
3285 2925 3444 2966 rates.

2169 3001 2450 3062 Ordinibus
2480 3001 2643 3055 ternis
2671 3007 2998 3069 extensaque
3023 3001 3266 3054 machina
3293 3001 3479 3068 crevit,

606 3101 665 3139 at:
695 3085 975 3138 muniendo
1003 3085 1251 3147 studium,
1286 3083 1697 3150 elegantiamque
1725 3081 1999 3152 celebrat.]
2097 3099 2144 3163 ο
2242 3090 2309 3148 Ur
2338 3101 2612 3160 postquam
2640 3090 2916 3154 ascendas,
2943 3081 3125 3159 jugera
3152 3099 3175 3126 0
3207 3100 3336 3145 tecta
3368 3102 3542 3160 putes,

537 3181 682 3236 Mons
709 3183 757 3233 in
791 3179 1039 3247 praecipiti
1072 3193 1321 3244 suspensa
1353 3179 1488 3229 tnole
1516 3174 1804 3244 tumescit,'

605 3272 670 3324 Et
698 3272 835 3322 levat
862 3266 1122 3319 excelsum
1151 3279 1304 3318 saxea
1338 3266 1446 3330 ripa
1475 3275 1648 3330 caput.

548 3405 650 3450 tur.
678 3393 819 3447 Obiit
845 3393 887 3444 is
916 3391 1122 3445 circiter
1149 3405 1284 3443 anno
1314 3389 1438 3451 506.
1475 3390 1633 3445 Nonis
1665 3391 1986 3456 Decembris,
2020 3401 2076 3446 ut

550 3463 768 3531 proinde
821 3463 931 3514 hate
978 3471 1260 3531 poemata.
1290 3465 1349 3514 ad
1401 3461 1656 3531 Nicetium
1706 3463 1919 3529 scripta,
1970 3477 2075 3517 non

547 3529 710 3586 inulto
759 3542 876 3598 post
925 3531 1199 3582 adventum
1232 3529 1505 3582 Fortunati
1534 3532 1585 3581 in
1609 3530 1945 3593 Galliam,.ab
1982 3546 2073 3585 co-

546 3603 666 3654 dem
700 3597 999 3653 elucubrata
1027 3597 1239 3649 dicenda
1267 3599 1393 3648 sint.
1977 3639 1980 3650 ι

547 3706 562 3714 -
616 3678 672 3722 At
697 3671 863 3720 llrow.
899 3665 1078 3717 Nicetii
1106 3664 1298 3716 obitmn
1324 3665 1482 3718 refert
1507 3667 1568 3718 ad
1600 3680 1684 3717 an.
1716 3665 1836 3726 564,
1867 3665 1954 3719 sed
1978 3666 2076 3718 fal-

547 3738 667 3791 litur
697 3739 1008 3801 ca-teroquin
1035 3749 1131 3800 qua
1178 3736 1376 3786 ratione
1417 3749 1534 3790 eum
1580 3747 1735 3788 nosse
1768 3733 2076 3788 Fortunatus

545 3821 604 3859 ac
649 3805 780 3868 loqui
813 3819 926 3854 cum
983 3803 1093 3869 ipso
1136 3804 1425 3869 potuixset?
1474 3805 1560 3871 qui
1611 3806 1674 3856 atl
1704 3818 1895 3855 annum
1948 3803 2068 3863 565,

547 3885 743 3927 tantum
780 3891 826 3924 lli
855 3872 1050 3925 Galliis
1077 3873 1234 3932 venit,
1266 3873 1427 3938 ipsms
1452 3874 1778 3926 confessione
1809 3873 2075 3925 Broweri?

548 3945 742 3996 Deinde
772 3943 999 3995 Nicetius
1029 3951 1309 4006 scripserat
1337 3942 1398 3990 ad
1427 3944 1557 3994 Just.
1590 3945 1827 4008 imperat.
1857 3942 2071 4006 litteras,

551 4014 734 4080 quibus
767 4012 1026 4067 eumdem,
1059 4012 1106 4061 in
1148 4009 1382 4080 haeresim
1414 4011 1635 4080 laps-nm,
1664 4025 1908 4080 revocare
1939 4011 2074 4080 nite-

547 4075 712 4139 batur,
748 4082 899 4142 idque
940 4079 1002 4127 ad
1034 4091 1118 4126 an.
1149 4075 1249 4125 Sitio
1281 4087 1334 4128 ut
1385 4077 1543 4129 reti-rt
1567 4078 1802 4129 Cointius
1834 4078 1896 4129 :ttl
1941 4079 2076 4131 hunc

545 4165 757 4201 annum.
785 4147 893 4198 Non
923 4147 963 4196 is
997 4157 1164 4196 tamen
1195 4145 1282 4197 diu
1329 4156 1442 4211 pust
1471 4149 1688 4212 scriptas
1716 4148 1830 4197 illas
1876 4149 2074 4201 litteras

547 4231 810 4284 superstes
835 4215 992 4284 tuisse
1022 4212 1272 4266 dicendus
1305 4225 1404 4267 est.

625 4296 645 4316 υ
678 4286 728 4336 ln
757 4299 878 4336 saec.
913 4298 926 4334 ι
958 4283 1171 4340 Ilened.,
1216 4284 1299 4335 tibi
1331 4285 1550 4338 rel'ertur
1599 4283 1696 4336 hoc
1722 4297 1953 4348 carmen,
1999 4285 2076 4338 sic

550 4355 773 4422 legitur:
804 4354 1081 4422 veneranda
1112 4361 1288 4404 mente.

2173 3179 2356 3235 Turris
2386 3180 2452 3231 ab
2477 3179 2702 3233 adverso
2734 3193 2852 3246 quae
2877 3181 3106 3231 constitit
3131 3181 3286 3232 obvia
3311 3181 3465 3244 clivo,

2240 3268 2545 3323 Sanctorum
2577 3277 2603 3316 P
2631 3268 2774 3322 locus
2803 3275 3075 3352 estnarma
3108 3269 3325 3321 tenenda
3357 3276 3383 3316 tt
3414 3268 3558 3322 viris.

2176 3407 2333 3461 istum
2383 3413 2524 3473 putat
2569 3403 2810 3457 eumdem
2865 3415 2983 3458 esse
3025 3418 3177 3473 quem
3231 3403 3449 3460 Fortun.
3500 3421 3726 3475 partum

2174 3476 2476 3531 Rhodanum
2506 3486 2669 3528 vocat.

2252 3546 2274 3582 δ
2307 3545 2447 3599 Unus
2476 3544 2602 3598 Cod.
2638 3544 2774 3604 Vat.,
2812 3550 3120 3610 certaturque
3147 3559 3256 3598 suo.

2257 3615 2272 3649 ¹
2306 3613 2914 3666 Mediolanivocabulum
2940 3615 3058 3663 item
3103 3615 3274 3664 studet
3313 3613 3728 3673 accommodare

2176 3681 2348 3735 Brow.
2383 3696 2522 3747 agro,
2555 3680 2638 3746 qui
2671 3681 2767 3731 hoc
2815 3677 2996 3731 Nicetii
3043 3682 3316 3732 castellum
3359 3691 3412 3733 et
3447 3684 3726 3740 Mosellam

2177 3748 2447 3819 interiacet
2475 3765 2538 3801 ex
2568 3748 2907 3800 similitudine
2933 3747 3105 3819 afﬁnis-
3125 3749 3371 3809 nOminis.
3399 3750 3724 3819 Quanquam

2179 3817 2398 3886 postitot
2431 3825 2718 3883 temporum
2739 3829 2922 3883 spatia,
2949 3817 3134 3884 quibus
3157 3819 3238 3870 vel
3276 3817 3595 3872 clarioribus
3630 3836 3724 3874 ur-

2176 3889 2324 3942 bibus
2369 3897 2419 3940 et
2444 3886 2674 3955 imperiis
2707 3895 2808 3939 tam
2838 3886 3064 3954 insignes
3096 3888 3479 3942 vicissitudines
3503 3889 3726 3943 accide-

2178 3966 2322 4016 runt,
2351 3958 2422 4008 nil
2474 3959 2658 4008 mirum
2679 3958 2740 4012 _si
2793 3971 2943 4007 unius
2972 3966 3057 4010 aut
3102 3958 3316 4010 alterius
3355 3957 3603 4021 Castelli,
3635 3960 3721 4013 vel

2176 4031 2283 4094 agri
2312 4026 2515 4094 nomina
2539 4025 2869 4086 intercidere,
2900 4035 2948 4075 et
2984 4040 3106 4094 cum,
3129 4025 3391 4080 veteribus
3414 4029 3627 4092 incolis,
3655 4026 3727 4083 ac

2178 4093 2420 4170 dumiuiis
2467 4103 2651 4170 mutari
2685 4101 3011 4170 "potuerunt.
3045 4093 3720 4170 _gistri__'biediolancn_sis

2178 4166 2490 4221 mentionem
2521 4162 2637 4230 facit
2680 4159 2839 4227 Greg.
2865 4159 3011 4223 Turn,
3045 4159 3133 4216 lib‘.
3169 4176 3214 4212 vi
3249 4159 3406 4223 llist.,
3454 4177 3575 4230 cap.
3629 4163 3722 4228 3i,

2177 4231 2311 4300 apud
2338 4231 2474 4298 quod
2518 4229 2891 4300 Bituricenses,
2935 4238 3114 4283 contra
3158 4229 3480 4300 Desiderium
3521 4229 3723 4286 ducem

2177 4299 2324 4352 arma
2358 4311 2645 4363 moventes,
2679 4299 2914 4366 praelium
2945 4299 3291 4363 commisere;
3320 4303 3460 4367 quod
3483 4301 3546 4352 ad
3581 4306 3723 4355 Ave-

2103 4399 2153 4436 ξ,
2182 4384 2292 4422 ram
2326 4370 2536 4421 [luvium
2571 4371 2620 4419 in
2649 4368 2848 4436 sinibus
2872 4369 3158 4436 Biturigum
3189 4368 3399 4436 ponitur
3426 4383 3456 4420 a
3484 4368 3719 4436 Coiutio,

619 4414 642 4459 ί)
657 4425 874 4508 Sanctus
894 4421 1117 4499 t‘i‘icmtus
1135 4421 1434 4508 ponii/icon;
1446 4434 1591 4488 caput
1614 4419 1898 4489 appellatur
1916 4437 1940 4471 a
1963 4421 2068 4508 [ﬁeri

2179 4414 2556 4508 saetisve;
2571 4414 2632 4488 ἐῖ.
2651 4414 3158 4508 ξζίῇζῗίξρῐιὶιὶῗίρῗ
3176 4414 3720 4508 ιῖςξὰὶέὶρῖιῶῖὲἱὶῖὶέίἶ

548 4502 678 4552 tun.,
703 4493 834 4559 quod
849 4493 1118 4557 episcopus
1134 4490 1376 4543 Et'clcSiae
1394 4491 1735 4550 'l‘revirensis,
1754 4491 2078 4556 lllCll‘OilOllla

550 4571 722 4612 esset:
757 4562 901 4626 cuius
951 4559 1198 4609 Ecclesiae
1245 4561 1572 4622 splendorem
1613 4572 1666 4612 et
1709 4560 2078 4625 pra'togativas

550 4631 780 4696 pluribus
803 4627 1032 4680 celebrat
1065 4627 1232 4677 Brow.
1264 4628 1313 4676 in
1347 4630 1484 4679 uotis
1511 4629 1576 4693 ad
1610 4630 1744 4681 hunc
1773 4630 1962 4682 locum.

621 4709 640 4736 ε
669 4700 799 4751 Saec.
839 4712 852 4748 ι
889 4695 1036 4755 lien.,
1064 4696 1288 4760 perennis
1313 4697 1425 4749 erit.
1683 4715 1696 4731 ‘

620 4767 644 4801 ά
677 4767 826 4826 lhid.,
859 4764 908 4815 in
939 4763 1121 4815 lumine
1152 4766 1330 4827 prisco.

621 4846 644 4871 ε
678 4837 846 4886 ιςιουκν.
878 4833 982 4883 lloc
1012 4831 1190 4884 Nicetii
1222 4834 1512 4895 castellum,
1544 4833 1607 4886 de
1636 4851 1739 4900 quo
1781 4837 1861 4888 hic
1893 4837 2076 4889 Fortu-

551 4916 700 4958 natus
724 4903 969 4969 loquitur.
995 4901 1218 4952 collocat
1243 4905 1369 4954 intra
1398 4904 1740 4968 Catadunum,
1769 4906 1900 4958 lmud
1927 4910 2078 4969 longe

553 4992 578 5026 a
631 4973 1031 5032 continentibus,
1081 4971 1132 5020 in
1159 4971 1453 5024 Treverica:
1498 4975 1897 5026 archidiacouize
1931 4977 2076 5026 titulo

550 5045 684 5107 (ιιιοιι
736 5042 987 5102 hodieque
1043 5040 1250 5104 proprio
1280 5043 1525 5093 iuliontate
1574 5046 1802 5108 episeoiii
1849 5057 2070 5110 rupem,

550 5115 660 5164 sive
692 5126 867 5160 saxum
917 5111 1109 5161 occulte
1140 5110 1437 5173 norninant;
1485 5112 1639 5177 idque
1673 5126 1770 5161 non
1801 5113 1964 5163 solum
2007 5126 2069 5162 cx

552 5181 847 5245 conjectura
899 5179 1174 5230 Browerus
1217 5188 1468 5240 autumat,
1498 5182 1586 5232 sed
1609 5181 1764 5231 etiam
1792 5197 1854 5240 ex
1887 5181 2075 5233 veteris

551 5250 758 5301 scheme
788 5263 846 5296 ne
876 5248 1191 5298 semilacerze
1226 5249 1539 5309 teStimonio,
1568 5264 1684 5313 qua:
1724 5249 1856 5300 istud
1891 5263 2072 5313 poema

552 5317 855 5382 pra-ferebat
873 5315 1166 5378 insignitum
1187 5316 1272 5366 tali
1294 5318 1517 5368 nomine.
1544 5318 1820 5369 Plurimum
1841 5317 1934 5369 hac
1951 5322 1999 5368 lll
2018 5333 2075 5371 re

548 5387 737 5454 judicio
758 5384 1315 5454 BititV'cttiiel'eritiius,
1345 5386 1478 5449 quod
1510 5386 1585 5438 his
1614 5388 1740 5438 locis
1765 5387 2067 5442 i..tcrlucrit.

625 5454 639 5490 ί
670 5455 810 5506 Unus
839 5454 965 5503 Cod.
999 5451 1136 5515 Vat,
1166 5463 1291 5503 totus
1319 5457 1524 5504 elevato.

619 5531 644 5568 ε
677 5524 1052 5573 Animadvertit
1089 5522 1257 5573 lirow.
1313 5523 1447 5574 haud
1481 5525 1627 5586 longe
1656 5540 1680 5574 ει
1715 5524 1925 5590 praelato
1948 5528 2069 5589 Sitti,

550 5608 600 5646 in
648 5591 980 5660 quohNieetii
1020 5591 1298 5660 castelntm
1341 5591 1615 5644 locandum
1673 5602 1850 5660 putat,
1906 5597 2069 5648 rivum

551 5660 730 5720 “uere.
755 5658 902 5713 lihon
932 5658 1189 5728 hodieque
1216 5660 1555 5729 appellatum,
1584 5658 1818 5720 truncato
1838 5658 2056 5720 nomine-

2179 4506 2362 4559 Utrum
2391 4503 2692 4576 verol‘uerit
2722 4504 2858 4559 idem
2881 4505 2945 4558 de
2969 4520 3071 4572 quo
3098 4505 3181 4561 hic
3209 4503 3550 4576 Fortunatus,
3581 4509 3720 4564 haud

2176 4576 2396 4629 delinire
2425 4575 2607 4627 ausim.

2250 4643 2263 4712 ἑ
2307 4644 2446 4696 Unus
2476 4641 2606 4712 Cod.
2639 4640 2780 4712 Vat.,
2809 4644 2982 4696 crescit
3010 4661 3162 4712 aqua.

2244 4711 2272 4748 ιι
2304 4713 2412 4763 Duo
2440 4710 2605 4765 Codd.
2639 4711 2780 4775 Vat.,
2806 4713 2899 4766 hoc
2926 4715 3019 4766 vir.

2252 4779 2263 4806 ‘
2300 4779 2435 4850 Ergo
2446 4796 2736 4850 peragrans,
2756 4793 2856 4834 tam
2874 4785 2924 4834 in
2938 4781 3101 4835 Codd.
3123 4780 3234 4835 Val.
3253 4795 3409 4850 quam
3421 4781 3567 4838 Edil.
3587 4781 3718 4839 Ven.

2205 4864 2217 4875 '
2247 4858 2281 4883 η’
2313 4848 2456 4901 Unus
2480 4851 2606 4903 Cod.
2644 4849 2782 4914 Vat.,
2813 4862 2918 4902 tuta
2946 4859 3107 4903 tamen
3129 4848 3293 4904 nituit.

2243 4926 2269 4952 η
2305 4917 2430 4991 Vide
2469 4935 2583 4986 qua:
2610 4922 2699 4991 _de
2745 4918 3055 4991 similih'fere
3098 4919 3451 4991 descriptione
3482 4919 3721 4979 Ediﬂcil

2176 4986 2534 5041 adnotavimus
2561 4989 2626 5041 ad
2654 5003 2769 5053 cap.
2802 4988 2866 5040 19
2899 4988 2988 5044 lib.
3018 5003 3055 5041 t.

2248 5063 2272 5129 °_
2304 5057 2452 5110 Hisce
2472 5059 2706 5111 declarat
2729 5057 3266 5129 lfortunatus'mdilicii
3293 5061 3718 5129 amplitudinem,

2176 5134 2231 5178 ut
2261 5126 2391 5198 latos
2413 5139 2626 5198 campos
2655 5127 2937 5198 parietibus
2979 5129 3239 5182 contineri
3267 5142 3317 5184 et
3347 5126 3448 5198 tegi
3487 5132 3722 5184 culmine

2175 5195 2522 5270 credidisses;
2556 5197 2674 5270 ideo
2695 5197 3038 5270 expunximus
3067 5212 3270 5270 ceroma
3301 5195 3645 5270 posijngera,
3671 5210 3722 5254 et

2174 5276 2293 5316 ante
2321 5266 2609 5331 posuimus.
2644 5265 2892 5332 Superius
2906 5266 3057 5320 hunc
3086 5267 3330 5320 eumdem
3361 5265 3580 5323 sensum
3629 5265 3718 5325 ex-

2175 5336 2366 5401 pressit
2394 5335 2496 5386 illis
2527 5334 2765 5388 versibus
2790 5352 2802 5386 :

2296 5433 2581 5500 {inrupi-acuit
2603 5432 2747 5500 latum
2767 5446 2901 5500 muro
2922 5434 3213 5500 concludere
3228 5449 3473 5500 campum;

2298 5493 2355 5540 Et
2374 5508 2522 5556 prope
2547 5494 2800 5551 Castellum
2824 5495 2923 5544 hee
2944 5509 3049 5546 casa
3072 5500 3171 5546 sola
3196 5493 3347 5545 facit?
3429 5509 3436 5511 ’

2244 5596 2269 5634 ιι
2300 5585 2426 5639 Vide
2465 5601 2579 5654 (iure
2610 5587 2834 5640 diximus
2864 5589 2914 5641 in
2944 5591 3081 5643 notis
3101 5578 3165 5642 ad
3188 5603 3236 5643 c.
3264 5589 3317 5657 ti,
3343 5591 3432 5648 lib.
3467 5606 3507 5643 ι.

2247 5673 2274 5714 s
2299 5664 2351 5719 In
2381 5663 2515 5719 Etlit.
2538 5663 2696 5738 Ven.,
2724 5682 2862 5723 arma
2883 5668 3066 5725 tuenda
3086 5668 3225 5723 viris.
