3952 6222
450 296 601 364 459

473 420 717 475 Dblectas
749 418 966 488 porntlos
997 416 1139 469 vultu
1168 417 1282 469 sine
1304 414 1441 467 nube
1461 425 1676 475 sereno,

542 512 969 578 Cunctorumque
997 506 1201 560 animos
1229 507 1398 574 gratia
1432 504 1620 559 blanda
1657 503 1819 558 fovet.

450 616 453 619 λ
476 599 539 655 Si
558 607 737 668 poscat
761 611 928 651 novus
961 584 1149 663 hospes
1169 609 1343 662 opem,
1371 603 1425 647 tu
1449 595 1673 662 porrigis
1692 602 1849 648 escas
1865 633 1881 660 ,

548 690 747 745 Invenit
767 698 820 743 et
844 687 1087 757 proprios
1108 686 1175 741 ad
1207 695 1293 740 tua
1324 693 1461 740 tecta
1487 688 1645 740 lares.
1740 722 1746 729 .

479 782 610 837 Dum
635 779 795 855 satias
816 780 1114 847 querulum,
1146 777 1312 845 magis
1338 775 1670 829 obliviscitur
1695 775 1827 839 illas,

545 874 686 940 Quas
710 871 866 925 habet
890 869 941 924 in
974 867 1156 935 patriis
1184 866 1374 921 linibus
1397 866 1546 920 exsul
1573 878 1719 934 opes.
1767 920 1781 928 _

476 968 576 1033 Qui
604 979 701 1021 sua
728 966 919 1020 damna
942 963 1126 1026 refert,
1150 961 1375 1030 gemitus
1403 957 1651 1011 subducis
1676 952 1715 993 δι’
1733 954 1800 1009 ab
1816 968 1908 1019 ore
1937 970 1952 1019 ;

466 1059 471 1063 ’
547 1058 749 1114 Gaudia
778 1058 1057 1113 restituens
1081 1052 1248 1107 tristia
1266 1057 1451 1117 cuncta
1478 1047 1646 1116 fugas.

478 1148 713 1218 Protegis
742 1146 863 1201 hinc
892 1144 1079 1210 uu‘dos,
1109 1141 1257 1196 illinc
1287 1149 1340 1194 tu
1365 1138 1535 1207 pascis
1560 1142 1804 1206 egentes.

547 1242 631 1298 Nil
663 1229 755 1296 tibi
782 1238 953 1293 reddit
973 1236 1147 1303 inops,
1177 1231 1351 1287 reddit
1373 1243 1554 1284 amore
1584 1228 1719 1280 Deus

484 1334 680 1391 Horrea
709 1328 1006 1401 praemittis,
1033 1325 1223 1381 melius
1249 1321 1573 1389 tuacoudita
1597 1318 1836 1381 servans,

546 1422 685 1490 Quas
712 1422 789 1476 sic
817 1416 1081 1481 diﬁ‘undis,
1105 1415 1195 1468 dat
1221 1410 1494 1480 paradisus
1519 1422 1676 1476 opes.

477 1513 716 1571 Culmina
747 1508 1061 1577 templorum
1096 1504 1379 1566 reuovasti,
1411 1500 1601 1554 Villice
1627 1501 1836 1559 cultor,

546 1601 677 1657 Cum
708 1601 879 1656 veniet
911 1598 1183 1661 Dominus,
1214 1602 1318 1648 stat
1345 1592 1493 1647 labor
1520 1604 1644 1644 ecce
1670 1598 1788 1642 tuus
1814 1604 1827 1651 ;

478 1690 824 1748 Commissum
854 1686 1006 1744 video
1034 1701 1137 1740 non
1163 1682 1448 1738 sul‘fodisse
1477 1681 1752 1739 talentum,
1804 1711 1807 1714 ι

551 1780 657 1836 Sed
682 1776 848 1846 magis
869 1784 1103 1843 optatum
1130 1772 1516 1840 multiplicatur
1547 1782 1682 1837 opus

482 1869 710 1941 Longius
737 1877 982 1922 extentos
1003 1864 1026 1900 ι’
1057 1877 1273 1932 peragas
1306 1870 1410 1914 tam
1453 1860 1611 1928 digna
1642 1873 1736 1928 per
1763 1871 1927 1912 annos
1950 1897 1964 1925 ,

554 1961 616 2017 Et
645 1967 856 2015 maneat
875 1954 1085 2026 semper
1112 1970 1323 2016 nomen,
1354 1951 1554 2021 opime,
1591 1961 1756 2005 tuum.
1832 1988 1835 1991 ς

1075 2064 1298 2121 CAPUT
1342 2063 1449 2117 XV.

1076 2158 1154 2211 Ad
1175 2156 1421 2211 eumdem.

486 2256 668 2313 Pastor
700 2264 723 2294 α
746 2254 921 2323 opime
943 2234 1138 2321 gregis,
1163 2248 1365 2303 cunctis
1391 2255 1477 2300 tua
1513 2244 1703 2312 pabula
1730 2249 1955 2311 prosunt
1985 2240 2034 2306 ιι,

551 2348 651 2414 Qui
681 2346 840 2401 satias
864 2343 1097 2405 animus,
1132 2356 1287 2408 quam
1314 2340 1447 2392 bene
1465 2338 1703 2390 membra
1727 2335 1909 2389 Ioves?
1968 2399 1973 2403 _

486 2441 575 2497 Sic
599 2437 779 2492 avidos
807 2432 985 2487 reddis
1024 2430 1269 2483 convivas
1297 2439 1509 2482 nectare
1540 2426 1714 2489 lactis,

557 2527 626 2585 Ut
651 2522 867 2582 scutella
908 2522 1062 2582 levet,
1094 2519 1231 2588 quod
1262 2519 1502 2574 cocleare
1525 2518 1683 2573 solet.

1050 2626 1272 2683 CAPUT
1314 2624 1449 2680 XVI.

1055 2721 1130 2773 Ad
1159 2719 1404 2772 eumdem.

490 2840 667 2897 Currit
697 2836 832 2904 ovis,
860 2841 1104 2901 repetens
1125 2847 1153 2885 a
1184 2841 1232 2884 te
1254 2828 1347 2881 sua
1380 2843 1599 2897 pascua,
1626 2836 1823 2907 pastor,

557 2930 657 2999 Qui
679 2924 828 2984 cibus
850 2938 969 2980 esse
1008 2922 1170 2985 soles,
1201 2920 1265 2971 da
1293 2918 1419 2971 mihi
1448 2916 1596 2985 panis
1627 2931 1801 2984 opcm.

1090 3009 1267 3068 ΕΑΡο
1289 3012 1313 3063 Γ
1346 3009 1505 3064 XVII.

722 3110 797 3165 De
816 3110 1011 3182 pictura
1034 3109 1164 3171 vitis,
1193 3108 1242 3160 in
1269 3090 1437 3158 mensa
1464 3105 1573 3173 eius
1597 3105 1808 3156 dictum.

495 3204 799 3278 [Occasione
828 3188 1438 3278 cujusdam‘pictut‘te,‘in
1462 3212 1561 3277 qua
1585 3196 1691 3271 ales
1720 3207 1899 3276 rostro
1928 3211 2045 3278 car-

564 3275 718 3414 pebat
744 3266 1082 3336 uvas,'Viilici
1105 3266 1473 3322 liberalitatem
1496 3267 1547 3319 in
1580 3266 1830 3320 convivas
1860 3266 2037 3319 extol-

566 3346 643 3399 I-it.

566 3346 643 3399 I-it.

500 3434 700 3491 Vitibus
728 3430 937 3511 intextis
960 3428 1067 3484 ales
1093 3428 1190 3481 sub
1217 3426 1427 3494 palmite
1453 3435 1635 3480 vernat
1659 3469 1672 3493 ,

569 3528 634 3582 Et
664 3527 847 3582 leviter
878 3525 1043 3594 pictas
1072 3524 1241 3590 Carpit
1270 3520 1336 3573 ab
1359 3536 1453 3575 ore
1481 3521 1665 3587 dapes.

502 3618 808 3689 Multiplices
831 3616 1011 3684 epulas
1041 3613 1229 3665 meruit
1255 3612 1476 3664 conviva
1505 3621 1707 3673 tenere,

570 3708 770 3778 Aspicit
793 3706 916 3758 hinc
946 3715 1095 3765 uvas,
1126 3700 1244 3753 inde
1270 3699 1471 3755 'falcrna
1502 3700 1649 3773 bibit.

575 3851 600 3880 ⁸
632 3840 772 3896 Edit.
802 3837 961 3897 Ven.,
985 3834 1217 3889 subducit
1246 3832 1306 3886 ab
1334 3849 1437 3885 ore.

576 3922 600 3949 η
632 3910 785 3977 Ibid.,
844 3906 1039 3978 longius
1066 3914 1310 3958 extensos.
1368 3903 1420 3956 In
1451 3918 1550 3955 uno
1580 3900 1712 3956 Cod.
1772 3899 1912 3967 νει..
1938 3900 2050 3955 Ion-

505 3985 615 4055 gitts
639 3990 890 4055 emensus.
1068 4045 1077 4055 .
1158 4052 1164 4055 _
1260 4053 1264 4055 _
1766 4040 1830 4055 γ,

584 4066 605 4092 ο
640 4053 745 4105 lloc
773 4062 953 4117 poema
984 4085 998 4109 ,
1037 4045 1173 4117 sicut
1221 4053 1435 4117 ct_scq.,
1468 4043 1685 4117 videtur
1724 4043 2049 4094 recitatuma

512 4122 728 4176 Fortun.
767 4111 881 4171 cum
915 4117 957 4168 is
993 4129 1020 4165 a
1050 4113 1237 4166 Villico
1272 4113 1454 4163 fuisset
1482 4111 1723 4167 convivio
1772 4120 2045 4175 exceptus.

509 4192 565 4245 In
596 4190 685 4243 illo
708 4202 802 4241 suo
834 4200 922 4252 per
950 4178 1628 4255 Grrmauiamiri“Gallias_
1656 4179 1883 4255 itinere,
1903 4192 2050 4255 “crc-

513 4259 732 4314 diderim
759 4247 1095 4309 Fortunatam
1128 4266 1244 4304 cum
1290 4247 1476 4301 Villico
1532 4248 1813 4303 amicitiam
1843 4247 2045 4313 iniisse,

513 4336 566 4383 et
590 4328 655 4381 ab
685 4326 796 4392 ipso
822 4322 1064 4377 ail‘rctum
1096 4322 1330 4390 pluribus
1376 4317 1732 4384 humanitatis,
1784 4327 2048 4387 grataeque

516 4396 887 4466 hospitalitatis
909 4392 1134 4466 uilicijsa

583 4460 693 4518 d"In
722 4479 822 4518 uno
851 4462 978 4517 Cod.
1014 4460 1151 4521 Vat.,
1182 4460 1362 4527 pabula
1392 4470 1633 4525 pi'testtnt,
1664 4472 1806 4513 corr.

588 4540 610 4566 θ
640 4535 773 4587 Edil.
809 4533 965 4593 Ven.,
994 4530 1116 4584 retia
1146 4539 1305 4581 vestra
1330 4536 1515 4593 patent.

586 4602 605 4647 ί
638 4603 788 4667 Ibid.,
822 4612 1037 4667 apparet
1055 4607 1101 4650 et
1129 4598 1283 4651 Petri.
1342 4665 1351 4667 μ
1725 4643 1728 4646 .

587 4683 610 4717 Β
638 4673 729 4723 Iiic
759 4665 1101 4722 (Lbarentiuus
1128 4665 1380 4719 s'uccessit
1402 4668 1449 4717 in
1482 4668 1607 4721 sede
1631 4668 1933 4723 Coloniensi
1957 4667 2054 4724 So-

518 4755 739 4806 moeno;
787 4738 1067 4792 antecessit
1130 4751 1251 4806 vero
1318 4735 1695 4806 Ebregisilutu,
1745 4739 1865 4803 qui,
1916 4726 2099 4792 auno’

520 4755 739 4806 moeno;
787 4751 1067 4792 antecessu
1130 4751 1251 4789 vero
1318 4751 1695 4856 boregtsttum,
1745 4754 1865 4803 qm,
1916 4753 2055 4792 anno

520 4812 642 4873 590,
674 4826 701 4862 a
731 4820 851 4879 rege
876 4806 1215 4879 Child‘eberto
1237 4804 1436 4879 legatus
1488 4804 1559 4879 ait
1585 4844 1597 4866 ,
1643 4816 1695 4858 ut
1742 4806 1955 4879 dissidia
1994 4820 2056 4860 ac

520 4882 696 4936 turbas
724 4873 1023 4932 monasterii
1055 4875 1394 4929 Pictaviensis
1420 4874 1642 4937 sedaret,
1672 4884 1726 4928 ut
1747 4873 2055 4929 refertGre-

519 4967 630 5020 gor.
661 4944 863 5020 Turo'n.
886 4985 898 5009 ,
932 4946 1018 4999 lib.
1044 4944 1293 5020 x_Histot'.
1321 5016 1330 5020 _
1356 4942 1565 5007 Franc.,
1597 4960 1712 5020 cap.
1738 4943 1840 5020 _15._
1866 4944 2059 5020 Perpe-

523 5013 633 5073 ram
658 5021 830 5084 itaque
855 5018 905 5071 in
960 5016 1207 5081 catalogis
1249 5016 1613 5082 episcoporum
1658 5013 2056 5069 Coloniensium

524 5089 869 5142 Chai-eminus
902 5092 1018 5155 post
1047 5084 1393 5155 Ebregisilurn
1429 5085 1636 5155 ponitur
1666 5126 1678 5149 ,
1710 5094 1764 5136 ut
1820 5084 2060 5137 animad-

522 5158 677 5212 vertit
723 5150 957 5211 Cointius
983 5196 997 5222 ,
1030 5153 1094 5207 ad
1140 5150 1224 5205 an.
1271 5150 1371 5205 562
1396 5150 1526 5220 ,‘qul
1577 5154 1771 5207 ibidem
1806 5158 1963 5208 refert
1993 5168 2056 5206 ex

524 5225 733 5281 Henrici
765 5226 1008 5279 Pantaleo
1041 5223 1359 5285 sententia,t
1392 5233 1535 5289 parte
1564 5225 1627 5275 de
1656 5224 1794 5276 Viris
1845 5222 2059 5276 illustri-

525 5298 620 5351 bus
651 5294 923 5357 German.,
946 5294 1143 5347 sedisse
1163 5294 1533 5347 Charentiuum
1558 5293 1619 5345 ad
1644 5309 1729 5346 an.
1775 5292 1896 5346 560.
1930 5292 2061 5346 Illud

527 5381 624 5435 ego
672 5364 857 5419 addam
901 5362 1100 5417 sedisse
1148 5362 1387 5416 eumdem
1421 5361 1950 5435 ultraganuumbbi,
2002 5370 2056 5421 ut

526 5432 813 5489 Fortunato
850 5441 1003 5487 notus
1048 5446 1165 5485 esse
1220 5442 1435 5499 posset,
1486 5433 1573 5499 qui
1606 5433 1807 5486 nonnisi
1859 5432 1923 5484 ad
1971 5448 2058 5487 an.

529 5501 631 5557 565
672 5503 879 5558 circiter
921 5506 971 5556 in
1012 5502 1206 5557 Gallias
1249 5502 1456 5556 advenit
1491 5543 1502 5565 ,
1533 5511 1587 5554 ut
1640 5502 1962 5558 ostendimus
2009 5502 2059 5555 in

530 5570 641 5640 ejus
674 5573 807 5637 Vita,
842 5589 983 5627 num.
1009 5572 1097 5633 21.
1130 5579 1185 5626 et
1212 5587 1321 5640 seq.

599 5640 857 5697 IIColonia
882 5646 1161 5710 Agrippina
1185 5646 1235 5695 et
1261 5639 1679 5707 Agrippinensis,
1703 5656 1855 5710 quam
1884 5639 2062 5707 Agrip-

530 5715 671 5784 pina,
703 5711 995 5767 Germanici
1031 5728 1193 5778 uxor,
1249 5711 1479 5766 Condidit
1510 5752 1524 5777 ,
1550 5722 1603 5768 ut
1653 5720 1829 5765 narrat
1856 5711 2063 5775 Tacitus

2075 4444 2128 4503 D

1172 301 1494 358 VENANTII
1534 300 1693 366 HUN.
1732 298 1941 355 CLEM.
1984 296 2374 367 FORTUNATI
2413 294 2689 351 OPERUM
2731 290 2979 347 PARS‘I.

2051 415 2105 473 A

3588 281 3722 343 NO

2608 466 2613 472 η
2674 404 2898 503 ΟΑΡυζΐ
2929 403 3108 459 XVIII.

2424 560 2427 565 .
2545 516 2621 572 De
2647 518 2864 586 piscibus
2894 519 2944 569 in
2973 533 3145 571 mensa
3166 519 3292 589 ejus.

2132 630 2445 704 [Occasione
2467 629 2692 698 piscium
2725 629 2813 696 qui
2840 628 2891 682 in
2917 642 3121 704 mensa
3142 627 3317 683 Villici
3349 627 3572 704 copiose
3600 640 3719 704 ap:

2200 699 2357 770 positi
2389 696 2610 763 fuerant,
2661 712 2944 765 supernam
2976 698 3213 767 ejusdem
3239 696 3578 770 vocationem
3627 696 3717 751 ad

2198 767 2485 838 gerendum
2510 772 2771 838 pastorale
2796 783 2989 823 munus
3016 769 3379 824 commendat.
3414 767 3432 839 ]

2116 862 2280 937 .Betia
2311 891 2507 950 vestra,
2539 890 2686 953 pater
2716 886 2762 948 ⁸,
2794 898 3021 938 onerosa
3044 886 3186 954 pisce
3216 883 3541 953 redundant,

2200 978 2430 1047 Apparet
2462 972 2481 1013 ί
2516 975 2657 1030 Petri
2688 990 2782 1029 vos
2815 977 3075 1031 meruisse
3108 977 3270 1034 vices.

2715 1107 2937 1165 CAPUT
2969 1109 3107 1164 XIX.

2376 1200 2455 1252 Ad
2484 1198 2848 1254 Charentinum
2874 1200 3165 1270 episcopum
3194 1200 3441 1257 Colonies.

2132 1289 2553 1363 [Charentiuutm
2578 1284 3129 1363 ColoniteAgrippinze
3154 1293 3488 1362 episcopum,
3512 1291 3711 1347 laudat

2200 1361 2690 1433 obhospitalitatetu
2718 1368 2772 1415 et
2799 1361 3108 1433 charitatem
3129 1361 3449 1433 singularem
3483 1363 3538 1417 in
3570 1376 3711 1432 pro-

2164 1466 2167 1467 ν
2202 1430 2396 1496 ximos,
2418 1431 2486 1485 ob
2516 1431 2749 1502 placidos
2782 1432 3190 1502 tranquillosque
3218 1430 3515 1498 Vmores,'in
3566 1430 3714 1501 pau-

2203 1514 2356 1577 peres
2375 1500 2812 1568 misericordiam,
2846 1502 2897 1556 in
2929 1500 3124 1570 templa
3150 1503 3573 1562 liberalitatem]

2133 1592 2452 1675 Cbarentine
2482 1605 2531 1662 ις,
2559 1595 2719 1651 decus
2749 1588 2890 1663 iidei,
2929 1597 3147 1653 Deitatis
3175 1597 3367 1662 amice,

2204 1687 2425 1741 Nomine
2450 1687 2519 1742 de
2546 1687 2758 1756 proprio
2778 1689 2937 1742 chare
2970 1689 3218 1754 perennis
3246 1702 3429 1762 amor.’

2064 1765 2112 1825 Β
2138 1780 2444 1836 Pontitlcem
2468 1780 2669 1849 pollens
2692 1781 2981 1859 Agrippina
3008 1777 3036 1817 ιι
3063 1779 3282 1835 Colonia
3310 1778 3551 1849 prafert.

2145 1910 2155 1918 .
2207 1869 2493 1939 Frogit‘eris
2515 1871 2655 1940 agris
2679 1869 2836 1940 digne
2864 1871 3049 1924 colone
3081 1870 3196 1926 Dei.

2137 1960 2192 2016 Si
2216 1960 2392 2017 videas
2427 1959 2444 2000 ί
2477 1961 2682 2032 aliquos
2715 1976 3027 2032 quacunque
3056 1979 3120 2019 ex
3154 1971 3310 2034 gente
3334 1974 3574 2035 creatos,

2207 2052 2456 2119 Quamvis
2487 2054 2717 2123 ignotos,
2741 2068 2866 2109 mox
2896 2055 3023 2111 facis
3052 2070 3172 2111 esse
3199 2067 3335 2112 tuos.

2138 2137 2280 2210 Quos
2305 2144 2966 2215 semel’atl‘ectuastringis
2989 2149 3181 2217 pietate
3201 2158 3443 2217 paterna,

2210 2234 2437 2291 Ulterius
2467 2251 2731 2306 nunquam
2759 2237 3050 2292 dissociare
3075 2247 3242 2305 potes.

2138 2324 2245 2380 Nec
2269 2327 2441 2381 subito
2471 2328 2687 2383 veniens
2716 2327 2876 2382 veluti
2901 2327 3114 2396 fugitiva
3139 2330 3361 2393 recedit,

2210 2416 2315 2470 Sed
2333 2430 2586 2471 concessa
2611 2415 2716 2471 cito
2730 2418 2918 2487 gratia,
2950 2417 3052 2472 lixa
3082 2428 3277 2487 manet,

2141 2506 2311 2563 Verba
2334 2508 2428 2563 Dei
2457 2508 2750 2577 complens,
2778 2509 2914 2564 sicut
2944 2519 2995 2565 te
3018 2510 3192 2582 diligis
3212 2511 3409 2582 ipsum.

2210 2601 2255 2656 A
2286 2608 2337 2657 te
2366 2600 2437 2657 ita
2459 2601 2696 2672 diligitur
2726 2602 3002 2671 proximus
3031 2606 3203 2659 omnis
3234 2606 3415 2661 homo.

2078 2770 2079 2773 η
2145 2693 2300 2749 Vocis
2327 2695 2633 2762 apostolica:
2654 2702 2887 2750 sectator
2908 2694 3100 2762 dignus
3121 2695 3357 2761 habetis,

2212 2784 2339 2850 Quae
2357 2784 2546 2839 charos
2574 2786 2779 2839 animos
2802 2786 3092 2852 pratposuit
3125 2787 3138 2833 Ι
3172 2785 3316 2841 ﬁdei.

2144 2874 2495 2944 Tranquillus,
2526 2874 2783 2943 placidus,
2817 2876 2989 2943 mitis,
3015 2872 3043 2911 ι
3069 2872 3183 2931 sine
3208 2879 3344 2935 nube
3373 2892 3628 2943 serenus,

2213 2964 2309 3020 Cui
2336 2966 2513 3021 rabies
2543 2966 2722 3022 mundi
2745 2967 2816 3022 nil
2844 2968 3119 3028 dominare
3142 2982 3335 3043 potest.

2131 3056 2363 3113 Pectora
2394 3069 2702 3115 cunctorum
2734 3062 2907 3117 relicis
2934 3063 3216 3121 dulcedine
3244 3067 3386 3122 verbi

2218 3151 2474 3206 Laetiﬁcas
2496 3152 2640 3206 vultu
2668 3153 2841 3208 tristia
2869 3156 3031 3211 corda
3059 3166 3168 3213 tuo.

2150 3244 2469 3311 Pauperibus
2491 3246 2639 3299 cibus
2666 3237 2745 3310 es,
2779 3246 2870 3301 sed
2899 3249 3250 3303 esurientibus
3270 3236 3401 3306 esca
3436 3289 3453 3316 ,
3482 3246 3504 3289 ι

2223 3333 2337 3386 Rite
2363 3343 2512 3401 pater
2532 3336 2732 3401 p0puli,
2765 3336 2939 3390 dando
2968 3338 3151 3392 salutis
3176 3352 3352 3407 opem.

2149 3426 2360 3479 Auream
2379 3424 2571 3493 templa
2596 3438 2759 3479 novas
2771 3427 3002 3496 pretioso
3026 3425 3309 3501 [specioso]
3330 3428 3458 3484 fulta
3481 3429 3715 3500 decore,

2218 3518 2295 3572 Tu
2323 3516 2481 3585 nites,
2505 3519 2642 3573 unde
2666 3517 2759 3573 Dei
2782 3509 2944 3590 fulget
2972 3520 3173 3576 honore
3196 3519 3411 3576 domus.

2152 3610 2362 3679 Maioris
2387 3613 2593 3665 numeri
2615 3626 2722 3679 quo
2750 3613 2940 3681 templa
2966 3613 3177 3681 capacia
3201 3620 3472 3679 constent,

2222 3700 2367 3753 Alter
2386 3702 2437 3752 in
2463 3702 2674 3754 excelso
2705 3702 2959 3768 pendulus
2988 3702 3119 3755 ordo
3143 3702 3317 3756 datur.

2150 3842 2203 3913 in
2229 3839 2596 3913 Annalibus,l.
2622 3855 2717 3907 xu,
2746 3854 2792 3895 c.
2814 3838 2907 3907 27,
2940 3839 3218 3913 his_verbis
3250 3860 3263 3894 :
3293 3811 3580 3913 Agrippina
3607 3862 3708 3910 quo

2150 3911 2248 3983 vim
2275 3925 2419 3983 suum
2437 3911 2585 3963 sociis
2624 3926 2816 3983 quoque
2843 3911 3132 3966 nationibus
3174 3911 3481 3981 ostentaret,
3517 3916 3572 3967 in
3603 3932 3704 3981 op-

2150 3980 2319 4054 pidum
2351 3979 2611 4054 Ubiorum,
2638 3979 2699 4034 in
2722 3979 2819 4050 quo
2859 3984 3024 4054 genita
3049 3992 3177 4050 erat,
3206 3979 3474 4038 veteranos
3496 4025 3511 4049 ,
3566 3979 3713 4039 coto-

2153 4053 2391 4171 piumque
2409 4051 2589 4104 deduci
2618 4051 2965 4119 imperat,'cui
2989 4067 3165 4107 nomen
3210 4053 3427 4109 inditum
3457 4070 3522 4108 ea:
3545 4070 3709 4109 voca-

2187 4138 2215 4171 u
2243 4136 2269 4171 ο
2295 4135 2470 4171 iustus.

2187 4135 2269 4172 uta
2295 4135 2470 4187 ipsius.

2228 4189 2243 4224 ι
2277 4188 2832 4261 νιάθιιιιῂΐοιιιιιιιιιιιε
2860 4190 2911 4243 in
2961 4190 3050 4244 illo
3080 4205 3177 4245 suo
3220 4208 3312 4261 per
3353 4193 3708 4261 Germaniam

2155 4259 2361 4322 itinere,
2392 4273 2421 4311 a
2450 4256 2771 4332 Charentino
2802 4260 3029 4327 colonia:
3055 4256 3325 4332 epiScopo,
3358 4258 3727 4331 perhumani“

2156 4338 2234 4383 ter
2260 4339 2535 4403 exceptus,
2571 4330 2695 4403 licet
2716 4330 2937 4403 alienus,
2964 4330 3273 4403 ignotusque
3298 4334 3377 4388 vir
3401 4374 3415 4397 ,
3447 4334 3581 4388 satis
3625 4344 3716 4388 ta-

2155 4413 2274 4453 men
2299 4402 2547 4471 probatus
2572 4400 2781 4471 pictatis
2809 4412 2863 4455 et
2886 4400 3083 4471 ingenii
3112 4400 3458 4460 ornamentis.
3494 4404 3548 4457 Id
3579 4405 3711 4459 [οτ-

2157 4478 2295 4523 tasse
2323 4468 2411 4523 ille
2440 4469 2637 4522 indicat
2657 4470 2860 4524 duobus
2884 4468 2997 4525 istis
3028 4474 3265 4527 versibus
3291 4492 3303 4527 :

2276 4587 2326 4636 Si
2341 4586 2505 4650 videas
2526 4586 2729 4650 aliquos,
2758 4597 3043 4646 quacunque
3063 4600 3125 4636 ex
3150 4594 3303 4650 gente
3326 4597 3530 4647 creatos,

2337 4649 2561 4705 Quamvis
2582 4648 2789 4709 ignotos,
2817 4661 2922 4696 mox
2950 4648 3198 4719 t'acis‘ess'e
3224 4658 3345 4703 tuos.

2231 4757 2243 4805 i
2282 4755 2418 4809 Edit.
2456 4755 2608 4822 νειμ,
2636 4756 2894 4821 proposuit
2921 4755 3061 4822 ﬁdei.
3138 4758 3141 4761 λ

2233 4823 2258 4863 κ
2285 4826 2338 4881 lu
2392 4838 2494 4877 uno
2523 4820 2651 4876 Cod.
2715 4820 2831 4877 Vat.
2860 4820 3081 4877 cl’Edit.
3115 4824 3306 4887 Paris,
3359 4825 3716 4893 placidusque

2160 4894 2298 4956 nti/ii,
2335 4933 2349 4946 .
3322 4908 3323 4911 “

2235 4962 2249 5000 ι
2292 4964 2429 5017 Etlit.
2483 4963 2674 5027 Paris.,
2713 4980 2763 5017 es
2785 4964 2969 5030 dasque
2992 4964 3324 5019 esurientibus
3348 4981 3534 5017 errant.

2232 5044 2269 5069 ω
2293 5034 2479 5103 Narrat
2505 5033 2722 5103 Gregor.
2748 5033 2978 5103 'I‘u_ron.,
3004 5033 3093 5087 lib.
3125 5049 3138 5087 ι
3168 5035 3234 5087 de
3248 5032 3420 5087 Gloria
3453 5044 3713 5103 martyr.,

2162 5119 2275 5171 eap.
2307 5102 2394 5169 62,
2429 5105 2565 5171 quod
2592 5102 2726 5169 apud
2760 5101 2939 5155 urbem
2955 5101 3391 5171 Agrippinensem
3416 5113 3529 5156 erat
3563 5101 3711 5159 basi;

2162 5175 2259 5227 lica
2280 5181 2543 5230 exstructa
2569 5174 2620 5227 in
2650 5173 2955 5225 memoriam
3000 5173 3373 5241 quinquaginta
3418 5183 3716 5243 tnartyruut

2165 5260 2225 5314 ea
2249 5245 2452 5314 legione
2471 5243 2846 5314 Thebzeorum,
2873 5255 2990 5311 quas
3014 5246 3136 5314 quia
3156 5243 3440 5314 admirabili
3462 5259 3619 5309 opera
3646 5261 3719 5301 ea:

2165 5309 2361 5369 Musibo
2388 5309 2756 5383 quodaminodo
2778 5309 3354 5379 deaurata'splendebat,
3380 5324 3588 5367 sanctos
3616 5332 3716 5369 au-

2164 5400 2275 5437 reos
2304 5381 2465 5452 ipsum
2494 5381 2959 5452 basilicantincoltz
2978 5383 3242 5435 vocitatam
3266 5384 3545 5435 voluerunt.
3565 5384 3720 5441 lianc

2166 5450 2341 5519 itaque
2366 5454 2633 5508 basilicam
2691 5466 2720 5505 a
2746 5450 3067 5506 Charentin
3112 5462 3438 5518 reuovatam,
3488 5467 3586 5507 seu
3617 5469 3706 5510 re-

2167 5533 2450 5647 staulratatn
2472 5523 2631 5577 fuisse
2650 5520 2858 5578 videtur
2888 5523 3108 5578 inuuere
3129 5521 3443 5578 Fortunatus
3474 5522 3577 5580 hoc
3599 5540 3721 5581 ver-

2167 5610 2276 5647 srcu
2300 5610 2329 5647 ο
2356 5612 2367 5645 :

2164 5610 2329 5649 SICUIO
2356 5612 2367 5645 ε

2291 5712 2447 5761 Aurea
2466 5711 2638 5773 templa
2672 5723 2831 5769 novas,
2852 5712 3059 5773 pretioso
3074 5709 3189 5763 fulta
3206 5711 3401 5763 decore.
