3952 6222
142 500 411 559 sollicitat
436 497 519 567 pia
548 509 676 553 cura
705 492 896 564 gregis,
928 500 981 546 te
1004 499 1180 561 pastor
1208 490 1406 559 opime,

207 590 302 645 Nil
324 591 480 659 lupus
513 601 543 643 a
574 584 799 644 stabulis
830 597 935 667 quo
967 582 1220 653 vigilante
1247 581 1387 650 rapit
1502 575 1508 585 '

142 666 413 750 Impera
448 679 689 745 longavo
711 666 893 730 teneas
920 672 1095 735 felicia
1128 680 1322 738 tractu,

212 772 289 827 Et
312 787 407 842 per
435 780 490 826 te
518 767 730 824 Domini
759 765 1174 835 multiplicemur
1196 777 1343 819 oves.

743 877 965 935 CAPUT
993 876 1110 931 XX.

140 971 233 1028 De
288 971 459 1043 [gadio
498 968 656 1043 [Meg
688 966 1185 1107 Efgﬁgrlofggtiopo
1235 964 1504 1020 Rhememi
1561 963 1713 1036 [δίδη

145 1132 489 1207 [Ειίἁῇιιιιῃ
532 1130 884 1207 Bhemensem
916 1130 1245 1207 episcopum,
1278 1125 1515 1197 impense
1544 1126 1722 1207 laudat

222 1194 301 1259 οὗ
348 1194 675 1271 diligentiam
728 1194 1025 1271 inrcredito
1050 1194 1152 1271 sibi
1178 1194 1636 1271 gregejcurando,
1653 1196 1720 1251 ob

220 1273 426 1340 eloquii
448 1266 561 1326 'vim
585 1280 742 1340 atque
770 1270 1068 1324 doctrinam
1119 1266 1503 1324 in'erudienda
1536 1266 1720 1340 plebe.

227 1344 306 1399 ob
332 1334 747 1405 beneﬁcentiam
777 1340 829 1395 in
862 1340 1091 1395 miseros
1123 1342 1179 1394 et
1206 1334 1607 1407 calamitosos.]

148 1424 385 1490 Actibus
411 1432 656 1504 egregiis,
680 1429 982 1488 venerabile
1009 1429 1217 1485 culmen
1248 1428 1378 1500 lgldi
1405 1436 1450 1495 ι,

228 1525 320 1582 Ex
345 1526 494 1596 cujus
520 1524 723 1581 meritis
748 1524 917 1579 crevit
943 1525 1143 1579 honore
1173 1523 1385 1593 gradus.

150 1612 459 1687 subtrahor
486 1614 726 1684 ingenio,
764 1614 1057 1684 compellor
1078 1627 1260 1668 amore
1294 1620 1509 1683 parato,

231 1706 503 1762 Laudibus
534 1707 588 1761 in
613 1705 805 1761 vestris
828 1703 1057 1775 prodere
1085 1716 1250 1771 pauca
1281 1701 1487 1763 favens.

157 1798 404 1871 Namque
434 1813 559 1861 reus
589 1796 772 1861 videor
800 1796 960 1852 tantis
987 1796 1223 1852 existere
1247 1784 1475 1863 causis,’

234 1892 297 1948 Si
324 1891 469 1947 solus
492 1900 715 1957 taceam,
747 1888 999 1960 quidquid
1030 1888 1224 1957 ubique
1255 1893 1431 1941 sonat.

163 1983 279 2040 Sed
309 1984 552 2055 quamvis
576 1986 835 2053 nequeam
857 1982 1018 2051 digno
1043 1994 1293 2037 sermone
1308 1977 1491 2042 fateri,

122 2064 125 2065 ⁷
237 2075 317 2131 Da
350 2056 585 2141 veniam,
617 2086 741 2131 voto
765 2089 849 2129 me
880 2072 1108 2129 voluisse
1134 2071 1305 2142 loqui.

164 2165 311 2222 Exiit
332 2166 388 2222 in
416 2167 670 2221 mundum
696 2166 725 2205 ι)
756 2175 1025 2236 gestorum
1053 2164 1193 2218 fama
1219 2158 1425 2217 [uorum
1453 2204 1467 2227 ,

243 2258 316 2314 Et
344 2258 551 2315 meritis
579 2258 809 2329 propriis
835 2257 982 2313 sidus
1006 2257 1061 2311 in
1082 2256 1212 2311 orbe
1242 2256 1426 2309 micas.

165 2346 379 2407 Clarior
399 2350 622 2421 eﬂ'ulges
649 2365 806 2419 quam
830 2348 1027 2409 lucifer.
1040 2361 1135 2405 ore
1162 2361 1351 2403 sereno
1377 2385 1393 2412 ,

240 2444 338 2500 llle
367 2443 479 2506 suis
510 2443 700 2509 radiis,
720 2452 778 2499 tu
800 2442 995 2513 pietate
1019 2441 1176 2496 nites.
1222 2495 1229 2502 _

168 2530 258 2587 Nil
280 2532 440 2601 lupus
469 2534 675 2602 insidiis
703 2543 858 2595 cauto
888 2532 1135 2595 subducit
1159 2530 1286 2589 ovili
1306 2572 1323 2598 ,

243 2621 322 2677 Te
351 2630 565 2692 pastore
585 2637 737 2686 sacro
768 2623 1116 2693 pervigilante
1146 2636 1383 2694 gregem.

176 2715 429 2772 Facundo
456 2714 665 2785 eloquio
695 2712 937 2769 ctelestia
962 2713 1206 2782 dogmata
1236 2710 1433 2775 fundis,
1496 2712 1497 2715 “

251 2804 508 2862 Ecclesiae
537 2804 705 2860 crevit
736 2817 757 2845 ε
781 2843 799 2871 ,
831 2812 882 2859 te
911 2804 1196 2869 monitore,
1230 2801 1441 2857 domus.

175 2895 455 2958 Pontiﬁcis
480 2895 656 2973 studio
678 2895 940 2952 correctio
969 2893 1139 2965 plebis
1168 2892 1378 2951 baberis
1402 2890 1426 2929 ά
1446 2932 1463 2960 ,

250 2988 331 3046 Ne
361 2990 594 3047 tenebrae
623 2997 870 3059 noceant,
901 2989 1092 3044 semita
1115 2986 1250 3043 locis
1278 2986 1425 3042 ades.

178 3078 512 3137 Cunctorum
545 3090 757 3138 recreas
785 3080 992 3136 animos
1019 3078 1299 3134 dulcedine
1322 3075 1504 3141 verbi,

250 3166 353 3242 Qui
381 3174 543 3231 satias
568 3173 761 3244 epulis,
791 3172 963 3242 pascis
990 3180 1044 3227 et
1071 3184 1165 3226 ore
1185 3182 1392 3240 greges.

178 3266 457 3336 Praecepta
483 3266 773 3336 implentur
790 3306 806 3333 ,
839 3279 946 3321 non
969 3264 1086 3320 solo
1112 3276 1248 3332 pane
1269 3260 1527 3325 cibamur,

251 3358 477 3416 Delicias
504 3360 761 3430 capimus,
794 3372 927 3428 quas
955 3368 1040 3412 tua
1072 3356 1236 3412 verba
1266 3352 1459 3410 lerunt.

183 3448 256 3506 Ut
280 3450 473 3520 gaudet
493 3464 706 3519 corpus,
731 3449 815 3505 cui
847 3447 1026 3510 mitior
1054 3461 1174 3503 esca
1202 3455 1443 3516 paratur,

254 3542 342 3598 Sic
368 3543 561 3601 animus
589 3542 839 3611 gaudent,
865 3541 911 3595 si
939 3549 1025 3596 tua
1048 3540 1227 3606 lingua
1257 3547 1434 3595 senet.

183 3630 437 3696 Hausit,
470 3628 550 3683 ira
574 3630 735 3692 cadit,
770 3630 891 3682 forti
921 3638 970 3681 te
999 3628 1167 3681 milite
1192 3625 1387 3679 Christi
1412 3665 1425 3688 ,

256 3719 501 3787 Aequiris
532 3720 671 3789 regi,
698 3717 788 3789 qui
814 3718 965 3781 dedit
993 3718 1138 3771 arma
1170 3716 1286 3772 tibi.
1386 3780 1387 3783 η

184 3812 287 3883 Qui
313 3826 505 3883 purgas
533 3810 705 3881 spinis
722 3796 903 3880 agros,
929 3824 1175 3867 sermone
1198 3808 1406 3865 colente
1426 3848 1442 3875 ,

260 3907 328 3962 Et
353 3906 604 3963 mundata
634 3904 749 3961 Deo
780 3904 948 3975 surgit
970 3902 1164 3973 ubique
1186 3916 1357 3972 seges.
1474 3924 1486 3961 ἰ

187 3999 290 4069 Qui
314 3998 461 4057 venit
487 4000 591 4056 huc
618 3999 791 4067 exsul,
820 3998 1005 4065 tristis,
1032 3997 1292 4062 defessus,
1317 4009 1550 4066 egenus,

261 4088 357 4151 llic
384 4094 578 4165 recipit
604 4094 851 4164 patriam,
882 4100 933 4148 te
958 4092 1254 4158 refovente,
1287 4106 1432 4147 suam
1498 4125 1503 4141 ι

262 4242 289 4271 ι
316 4232 413 4287 llic
442 4230 685 4301 Egidius
714 4230 1111 4305 potentissimus
1143 4231 1221 4284 vir
1246 4229 1343 4305 fuit
1372 4231 1511 4301 apud
1533 4230 1749 4305 Chime-

188 4304 398 4367 bertum
425 4300 687 4373 regem”
719 4300 835 4373 quo
862 4311 917 4357 et
938 4300 1385 4373 _lega_tus‘missus
1407 4300 1488 4356 est
1511 4304 1576 4359 ad
1597 4304 1745 4359 Chil-

190 4376 450 4445 pericum,
478 4370 534 4445 ut
554 4370 653 4427 suo
678 4370 893 4430 nomine
921 4371 987 4424 de
1009 4370 1170 4445 rebus
1195 4372 1520 4445 gravissimis
1545 4382 1747 4442 ageret,

188 4439 243 4509 et
264 4452 477 4500 exortes
506 4442 643 4505 inter
674 4451 956 4509 utrumque
995 4439 1352 4509 dissensiones
1381 4439 1744 4509 componeret.

192 4506 338 4567 Idem
395 4520 579 4581 postea
606 4505 987 4581 coniurationis
1008 4522 1068 4561 ac
1099 4507 1332 4581 perfidiae
1353 4505 1627 4565 convictus
1648 4512 1746 4565 ad-

189 4596 371 4637 versus
396 4578 665 4635 eumdem
717 4578 1151 4642 Childebertum,
1196 4580 1243 4632 in
1290 4582 1492 4648 synodo
1548 4583 1753 4648 episco-

193 4665 379 4717 porum
411 4665 441 4705 e
470 4650 751 4715 sacerdotii
774 4648 941 4718 gradu
966 4647 1244 4717 depositus
1274 4647 1356 4703 est
1376 4661 1537 4720 atque
1556 4650 1752 4720 Strate-

191 4720 415 4790 burgum
446 4721 729 4787 relegatus.
767 4719 891 4774 Haec
920 4733 1029 4790 an._
1053 4719 1177 4784 590,
1215 4730 1334 4774 ante
1373 4719 1512 4788 quad
1544 4719 1753 4790 tempus

193 4788 413 4861 proinde
463 4789 733 4859 IEgidius,
782 4790 957 4844 adhuc
1009 4788 1205 4861 ﬂorens
1260 4790 1537 4859 probitatis
1588 4788 1749 4861 fama,

192 4859 485 4931 magnaque
513 4862 649 4931 apud
674 4876 827 4931 reges
854 4859 1170 4915 auctoritate
1184 4872 1268 4931 Wet
1289 4862 1481 4931 gratia,
1508 4859 1752 4921 laudatur

196 4930 297 4988 hoc
329 4930 561 4989 carmine
585 4947 614 4987 a
646 4930 952 4987 Fortunato.
1001 4933 1140 5000 Lege
1169 4930 1330 5001 Greg.
1360 4931 1515 5000 Tur.,
1563 4934 1654 4989 lib.
1681 4951 1712 4988 x
1734 4975 1750 5001 ,

192 5003 626 5197 ωῗιίιιθῆιιοὺω
666 5073 967 5141 Mss.Vat.,
1028 5084 1078 5129 et
1129 5072 1262 5128 Ven.
1309 5073 1473 5137 Edits,
1524 5076 1650 5137 exiit
1701 5078 1753 5129 in

194 5160 309 5197 man
349 5161 399 5197 ο.

194 5160 399 5199 manao.
495 5196 501 5201 .

266 5224 288 5254 ο
322 5214 669 5281 Flodoardus,
724 5215 815 5271 lib.
846 5230 905 5281 ιι,
937 5229 1054 5283 cap.
1086 5214 1120 5267 2
1149 5214 1343 5269 Hister.
1365 5214 1512 5268 Eccl.
1536 5212 1751 5281 Rhem.,

195 5292 385 5355 narrat
413 5284 479 5340 ab
524 5286 625 5355 hoc
650 5282 865 5355 Egidio
916 5282 1288 5355 patrimonium
1321 5284 1574 5339 Ecclesia:
1618 5285 1757 5341 Rhe-

196 5349 676 5437 mensis‘pluribos.
708 5349 1126 5437 bonisuauctum
1183 5351 1371 5419 fuisse,
1417 5355 1648 5410 maxime
1690 5370 1752 5412 ex

192 5424 327 5490 regis
355 5425 681 5482 Cbildeberti
708 5424 1038 5489 liberalitate.

264 5489 288 5527 ⁴
319 5492 509 5563 [ηλιηο
538 5492 669 5553 Cod.
704 5496 845 5561 Vat.,
870 5492 1114 5549 correctio
1142 5491 1301 5563 plebis
1329 5494 1575 5550 atumnm

266 5562 289 5637 ξ
311 5555 431 5637 _Edit
461 5564 617 5637 Vep.,
644 5583 758 5637 qua
787 5555 973 5621 doluit.

267 5619 286 5660 ί
310 5629 367 5706 I_n
399 5647 503 5693 uno
510 5619 1074 5706 p’da.‘%ii¢;,};dda
1098 5654 1271 5693 amore
1298 5640 1473 5706 dapes.
1508 5699 1518 5705 _
1752 5702 1755 5703 ν

264 5706 287 5779 εξ
319 5698 478 5779 limat
509 5703 680 5769 Brow.
714 5698 873 5779 hunc
906 5700 1069 5765 fuisse
1121 5698 1753 5779 Hilarium,'ep'iscopum

195 5767 609 5838 Gabalitanumg;
636 5777 729 5831 sed
753 5793 873 5832 cum
906 5781 949 5834 is
980 5779 1280 5835 interfuerit
1298 5767 1525 5834 concilio
1553 5767 1752 5836 Arver-

194 5841 339 5907 nensi
365 5855 454 5897 an.
483 5834 608 5909 535,
641 5846 806 5901 miror
852 5849 916 5906 ad
966 5834 1246 5912 Fortunati
1299 5866 1463 5921 usque
1514 5834 1747 5922 tempore

1311 368 1803 431 MISCELLANEA.
1840 398 1911 410 —
1948 366 2075 421 LIB.
2111 365 2203 431 ιιιι
2746 422 2747 425 η

1732 488 1788 545 Α
1811 480 1910 549 Qui
1937 482 1959 509 °
1981 478 2170 543 doluit,
2196 473 2336 531 tollis
2359 480 2586 544 gemitus
2611 470 2663 526 in
2693 466 2879 539 gaudia
2912 475 3154 531 vertens,

3264 355 3286 408 I
3298 353 3368 409 l3

1886 571 2141 626 Exsilium
2172 581 2446 631 removes,
2477 562 2658 619 reddis
2686 572 2869 615 amore
2891 557 3054 612 Lares
3089 552 3132 607 ί.

1816 662 2019 729 Pauper
2036 657 2227 715 habere
2241 656 2441 719 cibum,
2460 653 2651 708 meruit
2670 663 2879 721 quoque
2901 647 3075 702 nudus
3096 645 3366 709 amictum,

1886 749 2094 806 Invenit
2129 749 2214 804 bic
2237 760 2475 817 semper,
2506 758 2620 814 quae
2646 742 2785 798 bona
2814 741 3039 810 quisque
3063 738 3228 805 cupit.

1824 841 2139 897 Cousultum
2171 839 2361 895 tribuis
2387 834 2709 907 generaliter
2739 832 2985 887 omnibus
3014 845 3177 885 unum
3199 871 3214 895 ,

1891 937 1990 1003 Qui
2017 936 2195 1007 populi
2220 943 2370 1006 pater
2398 947 2478 998 es,
2505 940 2583 985 tot
2607 930 2690 1000 pia
2716 927 2817 983 rite
2840 925 2977 996 regis
3006 921 3239 997 [geris].

1826 1026 1949 1080 llaec
1972 1024 2068 1079 tibi
2098 1024 2202 1079 vita
2232 1023 2350 1089 diu,
2385 1021 2601 1075 domino
2628 1011 2923 1082 tribuente,
2948 1013 3206 1085 supersit,

1898 1123 2071 1183 A-‘tque
2097 1115 2464 1172 futura'micet
2484 1112 2742 1168 lucidiore
2762 1104 2867 1168 die.

2364 1242 2365 1245 “
2386 1245 2612 1303 CAPUT
2656 1245 2774 1301 XXI
2787 1284 2803 1299 .

2238 1362 2310 1414 Ad
2340 1327 2600 1414 Hilarium
2630 1370 2653 1407 ε
2684 1320 2994 1430 episcopum.

1833 1477 2216 1558 [Salutatorias
2245 1475 2311 1558 ad
2339 1475 2599 1558 Hilarium
2640 1475 2942 1558 episcopum
2970 1474 3189 1558 litteras_
3214 1475 3389 1558 mittit,

1903 1548 2235 1691 suamquelin
2256 1547 2528 1602 absentem
2556 1544 2865 1601 memoriam
2885 1554 2940 1601 et
2967 1544 3389 1601 benevolentiam

1942 1634 2004 1674 ec
2026 1628 2158 1673 arat.

1837 1712 1948 1766 Lux
1978 1714 2187 1767 sincera
2214 1709 2396 1778 animi,
2422 1709 2549 1775 mibi
2575 1721 2783 1778 semper
2814 1704 2839 1744 ιι
2863 1707 3033 1785 dulcis
3054 1708 3246 1773 Hilari,

1910 1802 2163 1869 Quamvis
2192 1801 2465 1861 absentem
2491 1813 2651 1871 quem
2681 1814 2800 1855 mea
2830 1814 2956 1854 cura
2987 1798 3149 1859 videt.

1839 1892 2004 1964 Cujus
2033 1893 2289 1949 honestus
2314 1906 2462 1949 amor
2489 1901 2691 1952 tantum
2716 1905 2831 1946 mea
2857 1890 3019 1946 corda
3044 1889 3300 1960 replevit,

1914 1982 1977 2038 Ut
2008 1982 2124 2038 sine
2142 1992 2192 2038 te
2221 1998 2493 2054 nunquam
2521 1993 2696 2039 mente
2726 1993 2945 2040 vacante
2965 1980 3168 2052 loquar.

1839 2076 2093 2130 Versibus
2120 2077 2323 2144 exiguis
2351 2076 2663 2131 mandamus
2694 2084 2815 2132 vota
2844 2074 3034 2129 salutis
3062 2092 3075 2141 ;

1908 2164 2036 2231 Quae
2062 2164 2207 2219 dedit
2227 2164 2470 2230 allectus,
2490 2165 2596 2218 sint
2626 2164 2717 2219 tibi
2745 2164 2905 2220 cbare
2929 2162 3159 2237 [grata],
3186 2179 3392 2234 precor.

2421 2297 2645 2354 CAPUT
2676 2297 2835 2353 XXII.

1843 2412 1921 2467 Ad
1948 2410 2399 2467 Bertechramnum
2437 2410 2453 2448 ί
2487 2412 2830 2482 episcopum;
2868 2428 2983 2467 cum
3027 2415 3302 2470 elevaretur
3350 2418 3394 2470 ir

2356 2493 2363 2497 ’
2515 2498 2739 2537 currum.
2798 2502 2801 2506 ’
3128 2510 3129 2513 ‘

1845 2598 2351 2669 lA‘Bertechramno
2375 2596 2626 2665 episc0po
2642 2639 2657 2663 ,
2683 2597 3019 2669 Fortunatus
3046 2599 3101 2653 in
3145 2600 3365 2669 rhedam
3385 2643 3400 2668 ,

1914 2666 2134 2721 honoris
2158 2673 2340 2731 causa,
2373 2660 2651 2732 exceptus,"
2680 2666 2817 2721 hanc
2850 2668 3090 2734 ejusdem
3136 2660 3189 2724 in
3228 2685 3286 2727 se
3312 2660 3401 2728 co:

1916 2735 2153 2790 mitatem
2175 2775 2190 2799 ,
2225 2743 2334 2789 tum
2364 2735 2417 2791 in
2448 2740 2670 2789 Caeteros
2707 2750 2894 2789 omnes
2924 2737 3305 2795 humanitatem
3346 2752 3401 2798 et

1915 2806 2337 2861 benevolentiam
2366 2804 2600 2871 carmine
2627 2805 2981 2876 consecrat.]'

1844 2898 2109 2981 Curriculi
2127 2914 2301 2970 genus
2325 2909 2429 2966 est,
2462 2886 2721 2955 memorat
2749 2898 2889 2970 quod
2908 2897 3079 2957 Gallia
3107 2906 3328 2961 raedam
3349 2946 3365 2975 ,

1918 2991 2145 3047 Molliter
2177 2992 2428 3047 incedens
2459 2991 2629 3047 orbita
2652 2992 2821 3068 sulcat
2844 2992 3084 3048 humum.

1848 3084 2114 3143 Exsiliens
2142 3086 2338 3156 duplici
2361 3087 2376 3136 l
2413 3086 2590 3157 bijugo
2614 3086 2756 3142 volat
2783 3101 2888 3145 axe
2915 3086 3109 3155 citato,

1770 3202 1819 3270 ε
1921 3180 2094 3246 Atque
2115 3185 2295 3234 movet
2322 3178 2534 3248 rapidas
2559 3179 2744 3248 juncta
2773 3179 3028 3249 quadriga
3057 3188 3221 3235 rotas.

1851 3268 1964 3325 Huc
1981 3284 2080 3341 ego
2100 3269 2225 3325 dum
2256 3271 2517 3327 famulans
2550 3272 2803 3327 comitatu
2829 3271 3022 3342 jungor
3052 3273 3242 3329 eodem
3264 3317 3279 3343 ,

1918 3360 2125 3433 Etmea
2152 3361 2388 3417 membra
2424 3362 2527 3417 cito
2550 3361 2674 3417 dum
2702 3362 3025 3419 veherentur
3054 3379 3193 3433 equo
3211 3404 3226 3429 ,

1849 3452 2225 3521 Pontiﬁcisque
2246 3455 2381 3507 sacri
2413 3453 2808 3508 Bertecbramni
2838 3463 2987 3508 actos
3009 3453 3209 3509 honore
3226 3491 3241 3518 ,

1839 3556 1843 3560 ‘
1920 3541 2348 3609 Comprendente
2377 3557 2536 3595 manu
2566 3554 2748 3610 raptus
2776 3543 2831 3596 in
2853 3558 2951 3597 axe
2979 3545 3145 3599 levor.

1847 3628 2085 3697 Qualiter
2116 3630 2394 3701 implumes
2420 3630 2558 3687 fetus
2582 3633 2665 3702 pia
2690 3641 2859 3687 mater
2881 3634 3141 3702 hirundo,
3168 3640 3171 3643 λ

1919 3720 2202 3791 Contovet,
2231 3733 2286 3779 et
2315 3723 2522 3792 placide
2546 3724 2775 3793 penuula
2808 3735 2957 3784 tensa
2986 3726 3133 3797 tegit.

1852 3811 1942 3871 Sic
1965 3813 2199 3871 bonitate
2228 3812 2443 3884 potens,‘
2468 3814 2657 3871 aﬂ‘ectu
2680 3816 2831 3872 dives
2861 3810 3070 3888 opimo,

1925 3910 1979 3964 In
2010 3910 2279 3980 proprium
2309 3906 2665 3979 pastor'molle
2688 3912 2854 3967 sedile
2880 3913 3039 3967 locat.

1853 4000 1961 4056 Nec
1988 4001 2163 4056 solum
2187 4002 2516 4072 amplectens
2543 4003 2628 4071 pia
2659 4017 2829 4072 mens,
2853 4004 2945 4059 sed
2982 4004 3151 4074 diligit
3181 4020 3366 4062 omnes
3393 4049 3407 4073 ,

1925 4092 2075 4151 Unde
2104 4094 2270 4163 magis
2296 4092 2503 4163 populis
2530 4096 2716 4149 unicus
2745 4091 2767 4131 ιι
2801 4102 2973 4149 exstet
3001 4108 3170 4149 amor.

1852 4221 2067 4284 vixisse.
2094 4229 2170 4281 Ac
2194 4242 2322 4283 sane
2371 4227 2569 4285 Hilario
2612 4227 2925 4283 Gabalitano
2960 4230 3279 4285 successisse
3319 4245 3407 4287 re-

1854 4296 2021 4353 fertur
2041 4296 2363 4365 ,Evantbius,
2396 4299 2487 4368 qui
2518 4297 2757 4353 interfuit
2786 4301 3013 4355 concilio
3036 4301 3409 4357 Aurelianeusi

1856 4383 1931 4432 tv,
1965 4368 2140 4423 habito
2170 4385 2257 4423 an.
2289 4369 2577 4423 54I.‘Vide
2601 4370 2668 4423 cl.
2703 4371 2857 4423 Ruiu.
2908 4370 2958 4422 in
2992 4371 3127 4425 notis
3153 4372 3219 4426 ad
3262 4372 3410 4426 Vitas

1853 4437 1978 4504 PP.,
2011 4440 2209 4561 6,
2242 4455 2296 4519 ιι.
2328 4438 2437 4520 βαι
2474 4442 2528 4495 5.
2556 4439 2707 4492 Alius
2731 4439 3248 4527 HilariusyDiniensis
3298 4443 3410 4511 epi—

1856 4522 2048 4561 sconus
2094 4518 2167 4561 uit
2192 4524 2281 4561 aut
2326 4522 2429 4561 tam
2461 4508 2679 4561 sedebat
2705 4508 2768 4561 ad
2793 4522 2880 4561 an.
2928 4507 3051 4561 5.14.
3096 4511 3230 4561 Num
3275 4512 3410 4561 forte

1856 4522 2048 4590 scapus
2073 4507 2167 4563 fuit
2192 4508 2281 4578 qui
2322 4509 2429 4577 jam
2461 4508 2679 4562 sedebat
2705 4508 2768 4563 ad
2793 4522 2880 4561 an.
2928 4507 3051 4564 554.
3096 4511 3247 4592 Nam.
3275 4507 3411 4565 forte

1857 4577 1941 4650 hic
1970 4578 2086 4650 fuit,
2116 4580 2368 4650 adiquem
2396 4576 2713 4650 Fortunatus
2735 4580 2832 4650 hoc
2860 4594 3046 4648 poema
3062 4581 3308 4650 scripsn?

1925 4647 1952 4684 ⁸³
1985 4648 2129 4718 Edit.
2164 4648 2319 4713 νειμ,
2349 4664 2543 4718 scalper
2569 4649 2693 4702 mihi
2721 4647 2912 4705 dulcis.
3172 4647 3187 4650 ”
3446 4692 3450 4697 ι

2001 4717 2767 4794 Βενιεριιιιειιιιηιιςθρίεςοριιε
2815 4722 3216 4794 Burdegalensis
3273 4723 3407 4791 fuit,

1853 4790 1991 4865 [esis
2037 4788 2418 4865 Guntchrantni
2474 4791 2629 4846 matri
2673 4788 2888 4865 ’aftinis,
2937 4788 3017 4865 ιη’
3039 4798 3199 4849 refert
3248 4788 3406 4865 Greg.

1856 4858 2077 4935 'I_‘ur0n.,
2099 4860 2189 4935 lib.
2217 4860 2554 4935 vrt|_ﬂistor.,
2578 4875 2693 4930 cap.
2726 4858 3271 4935 2.]pterfuitsynedo
3293 4858 3405 4920 Ma-

1856 4930 2537 4998 tisconensi'n,celebratm
2566 4946 2704 5003 anno
2752 4932 2876 5001 585,
2932 4930 3224 5003 eodemque
3265 4951 3404 4989 anno

1855 5003 2526 5129 agyspdqiillgregiressgs
2551 5002 2711 5129 (ξιὺὶἓέ
2740 5016 2794 5059 ut
2832 5014 3009 5060 narrat
3054 5002 3208 5074 Greg.
3249 5005 3402 5070 Tur.,

1878 5089 1948 5126 ι.
2029 5089 2065 5128 ιι
2145 5092 2184 5128 is
2249 5090 2293 5129 r.
2368 5089 2611 5129 ran...
2719 5111 2734 5129 .

1878 5088 1948 5128 ID.
1974 5088 2065 5128 vm
2097 5088 2293 5129 mstor.
2323 5088 2534 5139 r'ranc.,
2565 5088 2611 5129 c.
2643 5088 2734 5129 zz.

1926 5143 2045 5198 Fuit
2073 5153 2125 5200 et
2173 5146 2308 5199 alius
2356 5144 2764 5201 Bertehramnus
2814 5148 3090 5215 episcOpus
3148 5144 3407 5202 Cenoma-

1855 5216 2055 5286 nensis,
2098 5216 2185 5285 qui
2228 5218 2485 5271 successit
2513 5216 2828 5286 Badegisilo,
2860 5217 2997 5269 circa
3035 5230 3120 5270 an.
3169 5216 3298 5281 386,
3341 5218 3407 5271 de

1892 5300 1958 5338 uo
1989 5285 2147 5354 Greg.
2177 5285 2333 5353 Tur.,
2363 5286 2457 5342 lib.
2489 5303 2576 5343 Vlll
2606 5285 2821 5349 Hister”
2873 5298 2989 5352 cap.
3039 5286 3125 5340 39.
3172 5286 3219 5340 ls
3274 5302 3406 5341 unus

1879 5356 1951 5407 uit
1977 5370 2041 5427 ex
2066 5355 2130 5427 iis
2174 5357 2438 5426 episcopis
2485 5360 2573 5427 qui
2620 5358 2687 5409 ad
2734 5357 2914 5409 turbas
2964 5357 3266 5411 monasterii
3314 5357 3403 5409 Pi-

1854 5425 2137 5497 ctaviensis
2152 5425 2564 5497 compescendas
2576 5440 2787 5497 operam
2802 5440 2953 5497 suam
2972 5436 3024 5481 et
3040 5426 3404 5497 auctoritatem

1856 5495 2166 5565 contulet'e,
2214 5495 2287 5549 de
2338 5497 2530 5565 quibus
2576 5496 2732 5564 Greg.
2783 5496 2935 5559 Tur.,
2978 5498 3067 5550 lib.
3104 5512 3155 5549 ιι
3186 5495 3403 5560 Histor.,

1855 5578 1971 5631 cap.
2002 5562 2092 5617 41.
2137 5562 2370 5620 Detinire
2419 5580 2524 5619 non
2573 5562 2741 5619 ausim
2765 5566 2827 5619 ad
2885 5580 3168 5634 quemnam
3220 5567 3407 5623 borum

1856 5634 2160 5708 scribat/hic
2192 5634 2530 5708 Fortunatus,
2559 5650 2677 5689 cum
2710 5638 2983 5706 utriusque
3006 5647 3241 5708 tempora
3277 5637 3405 5693 ισότ-

1858 5704 2022 5759 tunati
2053 5705 2374 5774 temporibus
2401 5710 2733 5760 conveniant.

1930 5778 1943 5851 t'
1984 5778 2041 5851 In
2065 5774 2467 5851 uno‘Cod.__Vat.
2484 5818 2496 5838 ,
2520 5776 2877 5851 duplicijugo.

1930 5846 1952 5885 κ
1991 5848 2134 5905 Unus
2164 5845 2293 5903 Cod.
2328 5846 2465 5915 Vah,
2493 5859 2545 5904 et
2572 5849 2699 5905 Ven.
2730 5845 2895 5919 EdiL,
2928 5862 3089 5910 exstet
3113 5867 3276 5907 anser.
