3952 6222
178 348 279 403 ΝΒ

162 461 290 525 Qua!
307 459 438 524 data,
462 457 688 523 Christe,
726 459 813 512 tihi
848 457 1033 511 Felicis
1064 470 1276 509 munera
1309 467 1390 508 Sic
1419 453 1542 506 sint.

234 549 403 616 Qualia
435 558 556 602 tunc
591 549 767 602 tribuit
792 549 856 602 de
883 563 1040 618 grege
1067 555 1244 615 pastor
1274 545 1425 598 Abel.

164 637 229 692 Et
261 637 398 706 cujus
429 647 481 691 tu
513 639 670 691 corda
702 635 876 700 vides,
911 639 1102 706 pietate
1130 649 1376 706 coaeqnas
1406 641 1429 669 ⁸

234 727 459 796 Sarapta:
488 725 514 764 δ
548 728 758 791 merito,
791 743 906 796 quae
935 729 1081 782 dedit
1107 743 1208 782 tera
1240 730 1361 798 duo.

699 837 920 894 CAPUT
955 839 1139 893 XXVI.

158 951 352 1004 Damno
372 958 564 1013 sancto,
592 959 737 1016 atque
775 951 1060 1013 apostolicis
1107 949 1292 1003 actibus
1332 947 1697 1019 pradicaudof

228 1023 434 1083 domno,
488 1010 590 1084 pio,
635 1010 676 1074 et
711 1010 1034 1085 peculiariter
1079 1020 1214 1071 dulci
1239 1019 1290 1072 in
1327 1010 1527 1072 Christo
1556 1010 1700 1067 Patri

229 1091 364 1142 Avito
385 1105 529 1158 papa:
549 1087 573 1126 ἀ

158 1207 321 1279 [Aviti
351 1204 693 1279 Arvernensis
710 1204 1416 1279 episcOplhospitalitatem,
1431 1217 1491 1256 ac
1523 1199 1577 1258 in
1610 1213 1699 1266 pa-

188 1313 195 1320 .
235 1276 422 1329 scendo
451 1275 724 1346 etgtuentlo
749 1290 908 1346 grege
937 1276 1254 1344 diligentiam
1287 1273 1554 1346 celebrat:
1590 1282 1696 1322 tum

227 1346 457 1412 quaedam
480 1344 711 1410 ejusdem
741 1342 801 1396 ad
835 1360 911 1409 se,
940 1358 992 1397 et
1020 1342 1297 1412 Agnetetn,
1329 1342 1694 1408 aciiladegun-

227 1411 361 1473 dem.
392 1416 550 1467 missa
580 1428 793 1468 munera
826 1411 1246 1482 commemorat.]

156 1490 352 1556 Ofﬁciis
379 1503 578 1556 intente
606 1504 727 1570 piis,
752 1502 910 1556 Pater
938 1499 1101 1564 orbis,
1136 1501 1287 1554 Avite
1317 1509 1342 1536 ο
1365 1515 1380 1563 ;

227 1589 396 1644 Gloria
423 1591 748 1658 pontificum,
795 1601 979 1644 noster
1005 1598 1058 1642 et
1084 1591 1217 1642 altus
1246 1603 1412 1642 amor.

155 1681 261 1735 Per
283 1694 433 1749 quem
463 1679 631 1747 plebs,
670 1665 834 1746 regio,
880 1678 1182 1748 peregrinus
1217 1677 1234 1714 τ
1259 1688 1312 1729 et
1337 1678 1521 1743 hospes
1548 1674 1696 1728 alun-

1477 1768 1491 1838 l
1517 1775 1621 1830 ωτι

223 1861 279 1917 In
303 1877 404 1933 quo
432 1871 621 1917 cuncta
641 1863 800 1930 capit,
827 1876 942 1930 qua:
965 1859 1063 1915 sibi
1092 1859 1314 1929 quisque
1334 1859 1498 1928 cupit.

155 1954 229 2009 Ex
262 1969 416 2020 opere
443 1954 732 2008 immeritus
764 1952 926 2006 merui
959 1951 1038 2016 pia
1070 1951 1204 2003 dona
1233 1949 1459 2015 patroni,

221 2044 294 2100 Ne
321 2043 590 2099 minimam
623 2055 841 2114 pascens
868 2042 1146 2096 immemor
1173 2054 1319 2095 esses
1347 2055 1517 2095 ovem.

153 2137 249 2203 Qui
277 2136 432 2190 t'rahis
461 2151 554 2190 ore
582 2149 768 2205 greges
797 2141 990 2188 attema
1015 2131 1078 2186 ad
1103 2131 1297 2200 pabula
1326 2126 1539 2197 Christi,

219 2225 449 2292 Qualiter
478 2226 598 2280 hinc
627 2226 826 2291 vivant,
853 2231 934 2279 est
957 2237 1164 2293 quoque
1191 2213 1316 2278 cura
1337 2223 1436 2276 ’tua
1473 2231 1496 2268 ι

157 2319 368 2386 Semper
394 2326 449 2373 et
473 2319 719 2373 absentes
749 2331 980 2383 prasens
1010 2325 1094 2370 tua
1126 2315 1348 2382 protegit
1376 2316 1479 2377 ala,

224 2400 334 2472 Quo
361 2407 493 2476 pede
523 2423 624 2460 non
646 2407 845 2470 curris,
870 2420 1085 2460 munere
1114 2413 1253 2482 totus
1274 2404 1398 2459 ades
1422 2401 1450 2440 ιλ

165 2496 458 2549 Muneribus
489 2498 679 2550 vestris
707 2507 797 2550 aut
824 2497 1018 2564 Agnes,
1041 2505 1131 2550 aut
1159 2495 1563 2565 Rhadegundes,

225 2582 486 2652 Multiplici
517 2592 727 2637 orantes
756 2574 934 2636 fomite
965 2585 1110 2636 vocis
1138 2592 1318 2648 agunt.

161 2677 211 2730 In
247 2675 262 2713 ί
289 2675 448 2730 caelos
473 2673 791 2743 penetrantia
820 2687 965 2728 seras
997 2673 1042 2737 i,
1061 2663 1226 2727 Pater
1255 2675 1378 2738 alte,
1410 2672 1620 2734 talenta,

225 2767 349 2834 Qua:
377 2778 594 2822 centena
621 2768 715 2819 suo
749 2775 984 2834 tempore
1011 2766 1148 2820 culta
1178 2775 1362 2820 metas.

165 2860 259 2916 Per
297 2860 559 2915 dominum
610 2873 886 2929 regemque
932 2858 1166 2925 bonum,
1209 2872 1417 2927 precor,
1468 2857 1635 2913 aulice
1663 2854 1690 2894 ε

228 3020 296 3077 Ut
324 3015 588 3076 Fortunati
619 3023 691 3076 sis
721 3035 943 3086 memor,
975 3020 1130 3084 alme,
1161 3020 1254 3076 tui.
1387 2947 1618 3018 [βψω.

695 3134 911 3189 CAPUT
948 3131 1155 3188 XXVII.

621 3223 862 3296 Ejusdem
889 3225 955 3278 ad
976 3225 1221 3278 euntdem.

164 3335 348 3407 [Avito,
376 3336 516 3407 quia
544 3350 600 3390 se
627 3334 966 3407 contenderat
995 3344 1051 3400 ut
1076 3333 1366 3407 versiculos
1414 3331 1685 3407 scriberet,

166 3403 180 3437 Τ
227 3403 403 3459 narrat
430 3406 600 3459 eidem
645 3419 702 3459 se
737 3405 1079 3469 satisfecisse;
1124 3406 1173 3456 in
1205 3419 1308 3472 quo
1346 3403 1534 3470 ingenii
1565 3418 1690 3470 pro-

164 3662 300 3708 .stam
327 3655 516 3710 Felicis
543 3655 861 3725 diligentiam
904 3655 956 3709 in
1005 3655 1287 3723 margarito
1312 3657 1686 3722 construendo,

162 3725 291 3793 quod
327 3740 532 3779 sacrum
561 3725 752 3779 Christi
803 3741 993 3793 corpus
1039 3727 1216 3791 ferret,
1263 3741 1322 3779 ac
1368 3728 1685 3792 contineret,

163 3796 468 3860 respondere
491 3798 675 3849 canoni
709 3796 740 3847 5
780 3797 968 3850 concil.
993 3797 1115 3851 Tur.
1149 3812 1204 3860 ιι,
1236 3798 1316 3850 cui
1340 3799 1527 3851 concil.
1561 3797 1689 3852 Ger-

161 3865 666 3936 manusParisiensis
709 3867 1004 3921 interfuisse
1036 3883 1096 3921 ac
1130 3868 1501 3936 subscripsisse
1530 3882 1685 3934 repe-

162 3934 305 4007 r_itur.
338 3935 398 4007 lo
422 3951 488 3989 eo
517 3946 687 3995 autem
717 3951 916 3990 canone
942 3939 1210 3991 decretum
1237 3934 1408 3991 fuerat
1432 3948 1484 3991 ut
1509 3953 1687 4007 corpus

163 4001 351 4058 Domini
385 4006 434 4058 in
465 4008 636 4067 altari,
675 4023 772 4058 non
807 4008 857 4058 in
896 4009 1188 4074 imaginario
1228 4008 1429 4072 ordine,
1472 4009 1558 4060 sed
1596 4001 1687 4060 sub

161 4077 314 4128 rrucis
343 4076 488 4128 titulo
517 4086 918 4142 componeretur,
942 4079 1068 4135 sive.
1104 4085 1156 4128 ut
1181 4078 1406 4144 explicat
1425 4076 1681 4144 Cointius,

160 4157 254 4195 non
280 4145 416 4198 inter
444 4159 623 4198 sacras
653 4148 926 4211 imagines,
960 4162 1113 4211 supra
1143 4145 1308 4200 altare
1332 4149 1451 4214 poni
1478 4147 1684 4212 solitas,

158 4214 241 4264 sed
267 4215 362 4266 sub
388 4229 548 4268 cruce
589 4217 718 4280 ipsa,
747 4229 862 4282 qua:
906 4216 956 4268 in
985 4218 1156 4268 medio
1177 4215 1347 4275 altari,
1377 4225 1430 4268 ut
1455 4217 1687 4282 digniore

158 4290 206 4334 et
243 4285 587 4336 eminentiore
617 4285 750 4346 loco,
784 4285 900 4348 poni
931 4294 1290 4346 consueverat,
1319 4286 1683 4340 collocaretur.

162 4351 208 4401 In
239 4367 300 4404 eo
330 4361 501 4406 autem
531 4362 671 4403 errat
695 4353 891 4410 Brom,
920 4352 1054 4416 quod
1095 4351 1285 4403 referat
1315 4353 1535 4405 Felicem
1567 4368 1682 4405 cum

160 4417 407 4488 Germano
436 4422 731 4479 Parisiensi,
781 4434 807 4469 a
848 4435 949 4484 quo
979 4422 1097 4470 olim
1132 4423 1391 4488 episcopus
1423 4423 1699 4475 ordinatus

1310 338 1810 398 MISCELLANEA.
1852 370 1916 382 -—
1956 343 2077 398 ΗΒ.
2120 344 2200 400 ΙΙΙ.

3247 349 3348 406 N0

1725 453 1774 510 Α
1872 455 1968 521 prii
2027 445 2427 528 imbecillitatem
2479 467 2529 511 et
2577 460 2765 525 lingua:
2805 459 3054 528 inopiam
3104 471 3342 528 excusat,

1875 538 2025 588 quam
2053 526 2162 579 suis
2190 526 2321 578 votis
2351 528 2421 579 ait
2446 527 2821 598 compensari.]

1807 612 2074 666 Paruimus
2099 614 2281 683 jussis,
2313 629 2460 670 sacer
2484 631 2543 670 ac
2572 618 2869 673 venerande
2896 620 3166 686 sacerdos,

1875 706 1938 758 Et
1969 705 2141 770 Pater,
2176 707 2426 776 imperiis,
2461 709 2628 762 dulcis
2655 711 2827 774 Avite,
2863 713 2985 767 tuis.

1802 795 2121 850 Garrulitate
2152 796 2250 850 levi
2285 801 2452 863 potius
2476 800 2727 854 stridente
2752 801 2953 870 cicuta,

1872 886 2035 950 Quam
2068 886 2270 954 placeat
2299 887 2493 956 liquido
2523 901 2695 945 nostra
2724 906 2938 946 camena
2972 893 3133 949 melo.

1799 976 1902 1031 Sed
1934 984 2130 1040 tamen,
2161 987 2217 1029 ut
2246 979 2451 1031 veniam
2484 981 2700 1044 tribuas,
2740 969 2948 1047 pietatis
2977 991 3199 1037 amator.

1867 1067 2085 1121 Intende
2119 1066 2369 1133 obsequio
2399 1090 2445 1131 -,
2477 1083 2574 1122 nec
2605 1071 2854 1124 trutinato
2886 1072 3129 1140 sopitum.

1799 1157 2011 1210 Munere
2043 1171 2136 1224 pro
2164 1172 2351 1223 magno
2379 1153 2613 1210 modicu's
2643 1159 2754 1212 haec
2782 1162 2992 1226 parvula
3029 1160 3198 1224 solvo,

1868 1247 2121 1302 Pensetttr
2150 1251 2303 1315 votis,
2329 1259 2410 1303 est
2435 1249 2552 1316 quia
2583 1259 2618 1285 ιη
2647 1251 2818 1317 lingua
2856 1245 3022 1305 rudis.

2321 1379 2541 1435 CAPUT
2581 1381 2808 1437 XXVIII.

2389 1490 2466 1542 Ad
2502 1491 2747 1547 eumdem.

1800 1598 1962 1670 [Aviti
1996 1601 2045 1654 in
2077 1600 2340 1654 hominum
2371 1599 2467 1655 sibi
2495 1603 2680 1654 animis
2709 1603 3053 1666 conciliandis
3079 1611 3136 1659 et
3162 1604 3334 1658 chari-

1872 1680 1974 1723 tatc
2015 1671 2371 1724 devinciendis
2424 1671 2604 1723 miram
2659 1673 2916 1734 indolem,
2969 1687 3029 1724 ac
3079 1675 3338 1739 prrccipne

1869 1741 2274 1793 munificentiam
2320 1743 2369 1793 in
2402 1742 2698 1808 peregrinos
2727 1749 2781 1794 et
2823 1742 3074 1807 hospites,
3107 1757 3199 1795 nec
3232 1757 3332 1795 non

1725 1787 1775 1847 Β
1868 1787 3332 1879 ἕὶἰᾷἐἐὶιῖέἇῶ’νίἕιυνιὲὲῗὲεόὲὴέηὲἱιάᾉῐξ’ἶιίἷιῖἐίὶῖίὴέ’ἶῆ

1831 1925 1833 1928 .
1871 1881 2016 2017 ilthn
2049 1880 2362 1948 praecipuum
2392 1882 2619 1936 studium
2654 1895 2715 1935 ac
2741 1882 3152 1948 benevolentiam
3166 1880 3338 1934 decla-

1851 1959 1963 2002 rat.
2493 1997 2510 2001 -

1851 1959 1963 2002 rat.

1761 2073 1763 2076 ‹
1796 2025 2050 2092 Virtutum
2084 2039 2206 2106 quid
2232 2039 2370 2094 celsa
2405 2039 2531 2092 fides
2564 2048 2828 2095 mereatur
2855 2040 3087 2104 honoris,

1863 2129 2076 2183 Summe
2106 2128 2459 2194 sacerdotum,
2485 2129 2654 2182 dulcis
2679 2131 2850 2195 Avite,
2882 2133 3088 2198 probas.

1791 2219 1889 2287 Qui
1922 2226 2141 2274 nectens
2167 2220 2372 2289 animos
2392 2225 2698 2273 cunctorum
2746 2221 2796 2274 in
2829 2235 3008 2275 amore
3030 2221 3184 2275 beato
3213 2261 3226 2281 .

1863 2315 1984 2369 Post
2013 2323 2083 2378 te,
2117 2316 2274 2370 chare
2302 2314 2477 2378 Pater,
2507 2323 2714 2381 pectora
2742 2323 2892 2383 capta
2914 2313 3094 2368 trahis.

1792 2406 1894 2462 Sed
1923 2415 2097 2461 tamen
2120 2407 2253 2460 inter
2274 2420 2387 2470 eos,
2419 2415 2504 2460 tua
2535 2419 2666 2474 quos
2696 2405 2918 2461 dulcedo
2939 2406 3176 2482 replevit,

1865 2499 2139 2566 Promptus
2167 2499 2218 2552 in
2241 2495 2428 2552 affectu
2451 2497 2621 2565 portio
2649 2497 2814 2564 major
2840 2511 2982 2565 agor.

1791 2589 1987 2643 Lumen
2011 2589 2162 2662 dulce
2190 2592 2361 2642 meum
2379 2627 2396 2652 ,
2421 2590 2599 2656 patriae
2621 2588 2768 2662 vigor
2787 2627 2803 2652 ,
2827 2587 2963 2642 altor
2990 2595 3231 2655 egentum
3250 2625 3264 2648 ,

1860 2660 2404 2747 Spes‘peregrinorum
2431 2717 2445 2740 ,
2471 2660 2658 2730 ductor
2677 2676 2948 2746 honorque
2969 2687 3193 2745 patrum.
3347 2662 3357 2674 ’

1789 2769 1843 2824 Si
1867 2782 1984 2823 mea
2012 2782 2111 2820 vox
2139 2767 2246 2835 jugi
2280 2773 2551 2820 resonaret
2573 2766 2810 2820 acumine
2839 2780 3048 2820 carmen
3067 2806 3083 2830 ,

1860 2858 2036 2914 Laude
2057 2858 2224 2913 minor
2253 2859 2516 2927 loquerer,
2541 2857 2707 2926 major
2731 2873 2927 2922 amore,
2954 2859 3125 2912 Pater.

1789 2952 2012 3008 Maxima
2032 2951 2124 3007 sed
2153 2951 2312 3004 nostri
2336 2951 2487 3004 datur
2513 2949 2622 3003 haec
2652 2951 2858 3004 occasio
2889 2951 3023 3013 voti,

1859 3036 1957 3098 Vel
1985 3056 2277 3096 memorare
2303 3051 2445 3095 tuum
2475 3054 2686 3106 nomen,
2717 3040 2910 3107 opime,
2943 3053 3173 3095 sacrum.

1718 3125 1767 3193 Ο
1793 3133 2238 3189 Commendantur
2267 3132 2388 3186 item
2420 3140 2603 3185 vestra:
2634 3131 2834 3200 pietatis
2854 3133 3056 3196 amori,

1861 3225 2034 3294 Agnes
2055 3237 2180 3276 voce
2202 3221 2381 3274 humili
2410 3229 2525 3274 eum
2559 3220 2874 3290 Radegunde
2899 3223 3032 3291 pari.

1793 3318 1958 3387 Larga
1983 3315 2280 3381 salutiferos
2302 3314 2474 3383 vigeat
2505 3315 2595 3368 tibi
2621 3315 2723 3368 vita
2753 3329 2843 3383 per
2871 3331 3053 3380 annos,

1861 3406 1988 3459 Nam
2016 3415 2098 3458 tua
2126 3419 2241 3473 quae
2278 3404 2452 3469 fuerit,
2481 3406 2538 3458 flt
2559 3419 2668 3458 mea
2695 3447 2710 3470 ,
2739 3405 2927 3469 chare,
2951 3405 3110 3456 salus.

1788 3643 1924 3713 quod
1952 3641 2004 3698 in
2053 3639 2472 3711 gazophylacium
2517 3639 2870 3713 tera‘minuta
2917 3639 3018 3693 duo
3067 3639 3319 3713 misisset,

1788 3707 2390 3782 gemmam-appellarit,
2434 3719 2486 3766 et
2525 3707 2814 3782 confuderit
2867 3724 2982 3782 cum
3034 3709 3184 3782 vidua
3232 3711 3315 3782 illa

1790 3779 2128 3851 Sarepatana,
2158 3779 2289 3844 quae
2319 3781 2484 3851 Elian:
2530 3780 2755 3847 hospitio
2783 3779 2987 3848 excepit
3012 3797 3025 3844 ;
3072 3781 3320 3851 idquefa~

1790 3847 1934 3908 ctuni
1956 3856 2026 3906 ait
2046 3855 2112 3906 oh
2138 3850 2526 3904 similitudinem
2551 3851 2769 3902 fortuna:
2794 3847 3080 3918 utriusque,
3106 3847 3166 3902 ac
3185 3847 3318 3904 libe-

1790 3923 2032 3986 ralitatis,
2062 3932 2114 3975 et
2140 3923 2275 3988 qllod
2309 3927 2524 3984 utraque
2553 3918 2801 3970 Ecclesiae
2832 3928 3008 3988 typum
3038 3921 3276 3986 gesserit.

1862 4002 1884 4030 °
1917 3994 1972 4045 In
2006 3992 2134 4046 Ven.
2171 3990 2329 4054 Edit.,
2364 3988 2716 4054 prmanana‘o.

1848 4058 1886 4119 ,ἀ
1918 4060 2136 4117 Additur
2162 4051 2398 4123 ibid,'e't
2426 4058 2478 4109 in
2507 4056 2633 4111 Cod.
2682 4053 2825 4121 Vat.,
2875 4051 3190 4108 Fortunatus
3229 4057 3326 4109 Itu-

1790 4134 1940 4186 milia.

1866 4214 1888 4239 ο
1921 4203 2016 4256 ilic
2056 4203 2240 4255 Avitus
2288 4198 2542 4253 successit
2589 4197 2812 4252 Cautino
2861 4198 2911 4251 in
2953 4195 3076 4250 sede
3127 4197 3321 4247 Arvern

1790 4274 1960 4338 nensi,
1990 4279 2074 4340 qui
2104 4271 2231 4324 obiit
2259 4285 2344 4324 an.
2380 4269 2501 4331 571,
2524 4267 2636 4340 ᾼΙυο
2672 4283 2788 4340 quae
2816 4269 2902 4322 illo
2929 4281 3068 4340 anno
3176 4265 3317 4317 Italia

1789 4352 1842 4395 et
1863 4334 2026 4394 Gallia
2047 4342 2384 4407 grassabatur
2409 4334 2778 4407 confectus,de
2796 4351 2893 4406 qua
2919 4335 3073 4402 Greg.
3099 4334 3322 4407 Turon.,

1791 4413 1882 4471 lib.
1911 4427 1958 4463 tv
1990 4405 2141 4470 Hist.,
2190 4424 2304 4475 cap.
2331 4409 2420 4461 51.
2448 4406 2621 4475 Sancti
2648 4408 2783 4458 Aviti
2811 4405 2933 4459 vero
2978 4417 3118 4475 mors
3162 4405 3320 4475 refer-

159 4469 786 4552 {uo-iiiﬂ'onéi'tf’ruron.
821 4469 1196 4551 "interfuisse,
1228 4469 1346 4540 sua.
1371 4469 1679 4542 conditi}.
1708 4470 1766 4531 1)
1789 4469 1871 4533 tur
1895 4480 2081 4552 adeo.»
2107 4469 2334 4552 εξθμζυι
2382 4479 2538 4552 refert
2579 4473 2835 4552 Coimius.
2863 4489 2957 4552 ,ως
2998 4469 3196 4552 «Ιοειξιηό
3219 4474 3320 4526 8³-

158 4568 188 4605 ll
217 4553 445 4624 habitum
472 4555 631 4608 fuerit
650 4571 736 4608 an.
761 4557 794 4609 ϐ
816 4558 958 4624 regni
981 4556 1291 4617 Chariberti,
1313 4558 1422 4610 sive
1449 4573 1535 4610 an.
1561 4557 1680 4623 566,

159 4637 212 4675 ac
242 4623 383 4677 Felix
418 4626 626 4694 nonnisi
658 4640 797 4676 anno
823 4623 925 4677 568
953 4630 1229 4694 episcopus
1255 4635 1462 4679 creatus
1495 4627 1682 4694 fuerit;

159 4705 244 4747 nec
265 4707 389 4748 vero
412 4693 597 4748 Felicis
627 4710 815 4748 nomen
844 4693 1044 4760 uspiam
1085 4699 1218 4749 inter
1239 4705 1458 4748 cancros
1485 4697 1687 4762 episco-

159 4776 263 4833 pos,
297 4763 385 4833 qui
413 4764 612 4829 synodo
652 4765 731 4833 illi
757 4765 1061 4828 interfuere,
1095 4768 1341 4833 scriptum
1373 4769 1684 4833 reperiatur.

162 4831 280 4904 Vide
303 4832 580 4900 Coint.,,ad
605 4849 692 4886 an.
716 4832 817 4886 566
839 4837 1036 4904 et‘568.

223 4902 458 4958 Veterem
489 4912 660 4957 autem
687 4904 815 4958 hanc
855 4902 1109 4958 Ecclesiae
1156 4905 1586 4960 consuetudinem
1636 4909 1686 4961 in

159 4974 418 5044 servandis
461 4972 764 5042 fragmentis
805 4984 998 5028 sanctae
1040 4975 1417 5038 Eucharistiae,
1468 4992 1688 5044 quasque

162 5043 238 5096 bic
287 5043 492 5112 egregie
543 5035 572 5096 5
627 5044 840 5097 Fortun.
898 5035 1413 5107 commonstraturg
1456 5035 1688 5110 pluribus

159 5115 402 5180 exemplis
427 5127 488 5166 ac
518 5112 826 5166 testimoniis
852 5119 1033 5178 probat
1071 5113 1303 5166 Cointius
1349 5113 1413 5165 ad
1441 5127 1525 5165 an.
1561 5115 1683 5174 566,

161 5197 289 5234 num.
326 5181 412 5244 19,
441 5197 594 5251 quem
624 5183 758 5248 vide.

221 5257 243 5318 ξ
270 5251 400 5305 Cod.
427 5250 559 5304 unus
593 5251 706 5303 Vat;
735 5259 787 5302 et
817 5250 944 5303 Ven.
981 5251 1113 5304 Edit.
1147 5265 1388 5318 cowques.

219 5313 244 5351 δ
270 5320 545 5390 βαναριως
575 5322 743 5387 vulgo,
766 5328 835 5390 ut
856 5329 1022 5387 rapta:
1050 5313 1486 5390 meritofBaronL,
1514 5336 1566 5374 in
1590 5337 1685 5390 ap-

165 5384 597 5459 pannosum,
641 5384 732 5459 per
755 5384 933 5442 vidqu
964 5391 1177 5451 merito;
1217 5405 1278 5443 ex
1329 5389 1423 5441 Ms.
1448 5384 1688 5445 Trevfet

162 5457 477 5526 sanctiﬁcalli
507 5457 736 5525 repofwit
768 5459 935 5511 Brow.
973 5459 1209 5526 Sumpta:
1243 5461 1437 5510 merito.
1482 5459 1682 5514 Conso-

163 5523 464 5604 usutuguu.
492 5523 608 5604 v3i.
644 5529 780 5582 Edit.
819 5528 980 5604 vel»,
1029 5523 1245 5604 δῇίᾳρςω
1275 5529 1483 5604 lucrm
1536 5529 1686 5604 90.05

164 5589 275 5669 Coti.
330 5591 470 5657 Vat.,
505 5595 769 5669 sumptas,
817 5589 1010 5652 Nititur
1050 5589 1245 5669 deinde
1272 5598 1447 5669 Brow.
1496 5590 1684 5654 afferre

165 5665 404 5714 rationem
428 5676 523 5737 cur
553 5665 868 5731 Fortunatus
914 5669 1189 5724 mulierem
1236 5668 1375 5722 illam
1421 5671 1682 5737 evangeli-

165 5743 286 5794 catn,
310 5745 429 5801 quae
457 5729 609 5792 Lucae
637 5729 745 5795 ut,
777 5739 801 5790 ί
835 5748 886 5793 et
913 5753 1024 5808 seq.
1054 5754 1082 5793 a
1111 5737 1318 5793 Christo
1348 5729 1656 5793 laudata'est

1791 4564 1932 4612 varo,
1968 4550 2018 4599 in
2048 4549 2344 4614 Originibus
2376 4545 2815 4614 Claromontauis.
2849 4541 3053 4614 Avitum
3088 4541 3345 4614 impense.

1790 4609 1963 4671 laudat
1988 4609 2201 4684 Gregor.
2235 4615 2453 4678 Turon.,
2479 4614 2566 4666 lib.
2601 4613 2819 4684 tvhﬂist,
2849 4610 3058 4684 Frauc.,
3085 4624 3201 4684 cap.
3233 4609 3322 4684 '55.

1790 4689 2014 4754 Hujusce
2053 4680 2218 4738 sancti
2250 4685 2507 4748 pontificis
2535 4682 2711 4736 studio
2753 4680 3327 4754 adAecclesiusticaJc-ri-

1789 4746 1885 4824 ριτί
1919 4773 1970 4809 ιε
2012 4746 2332 4808 sollicitatum
2381 4755 2555 4824 fuisse,
2582 4760 2782 4824 Anarrat
2820 4749 2956 4803 idem
2987 4749 3140 4814 Greg.
3171 4746 3325 4812 Tur.,

1789 4822 1876 4896 lib.
1909 4829 1972 4880 de
2004 4825 2132 4896 Vitis
2162 4822 2396 4896 Patrum,
2425 4837 2540 4890 cap.
2572 4822 2667 4896 ‘2;
2996 4886 3059 4896 η
3113 4884 3126 4896 ,

1863 4895 1880 4934 ί
1909 4887 2126 4963 Gregor.
2158 4884 2502 4961 Turon.,lib.
2528 4890 2823 4963 tv_Histor.,
2847 4901 2964 4963 cap.
2996 4886 3082 4948 55,
3112 4884 3182 4963 ita
3213 4884 3324 4939 Iau-

1790 4971 1876 5021 dat
1903 4955 2034 5020 Aviti
2070 4955 2474 5034 hospitalitatem
2501 4982 2513 5018 :
2563 4961 2681 5015 lam
2707 4961 2748 5034 si
2775 4958 3059 5034 peregrinus
3105 4955 3328 5034 adcum

1790 5038 2063 5097 advenerit,
2108 5027 2182 5088 itu
2201 5037 2447 5106 diligitur,
2488 5037 2620 5088 utin
2646 5027 2818 5084 eodem
2850 5043 2901 5080 se
2938 5027 3116 5076 habere
3151 5031 3199 5076 et
3234 5040 3328 5092 pa-

1791 5120 1914 5161 trem
1937 5114 2259 5176 recognoscat
2272 5117 2319 5176 et
2340 5107 2574 5176 patrium.
2629 5171 2665 5176 μ
2687 5170 2717 5176 __
2975 5174 2983 5176 Α
3026 5164 3039 5176 Ο

1861 5187 1887 5224 s
1912 5177 2021 5228 Duo
2047 5170 2208 5229 Codd.
2245 5170 2359 5229 Vat.
2386 5184 2439 5228 et
2468 5173 2597 5227 Ven.
2627 5170 2786 5231 Edit.,
2819 5179 2940 5218 cura
2966 5170 3061 5218 tui.
3108 5179 3112 5192 '

1860 5245 1884 5281 ¹²
1915 5245 2048 5297 Edit.
2081 5244 2233 5309 Ven.,
2261 5259 2460 5297 munere
2483 5251 2613 5294 totus
2642 5238 2769 5309 edis.

1863 5315 1877 5351 ί
1907 5313 2068 5366 (lodd.
2098 5315 2202 5368 duo
2222 5304 2347 5367 Vat.
2389 5322 2440 5365 et
2468 5312 2590 5363 Veii.
2627 5307 2792 5368 Edit.,
2819 5304 2884 5356 ad
2908 5304 3076 5357 caelos.

1860 5383 1873 5433 i
1908 5382 2059 5446 lbid.,
2092 5385 2141 5436 in
2173 5383 2299 5436 Ven.
2327 5378 2658 5450 Edit.,_ur‘is.
2901 5443 2913 5450 _
3038 5443 3051 5450 _

1859 5451 1883 5490 ιι
1909 5451 2001 5505 Hic
2022 5439 2224 5506 videtur
2247 5452 2458 5504 Fortun.
2478 5439 2758 5500 declarare
2786 5443 3001 5511 gratiam
3027 5439 3322 5511 Avitiapud

1788 5536 1936 5606 suum
1986 5535 2183 5606 regem,
2229 5520 2296 5573 de
2345 5532 2446 5586 quo
2490 5516 2635 5585 plura
2679 5507 2837 5581 Greg.
2868 5509 3090 5572 Turon.,
3147 5507 3240 5561 lib.
3267 5521 3319 5560 tv

1789 5595 1942 5655 Hist.,
1973 5605 2022 5643 c.
2052 5588 2162 5644 55.‘
2200 5641 2202 5643 ,

1861 5661 1877 5700 1
1926 5661 2054 5714 Ven.
2090 5659 2249 5724 Edit.,
2273 5658 2470 5712 intende
2499 5657 2805 5724 obsequium.

1853 5741 1892 5768 ω
1935 5731 2044 5784 Duo
2070 5719 2245 5784 Codd.
2269 5728 2406 5803 Yat.,
2436 5738 2491 5794 et
2511 5719 2642 5784 Ven.
2669 5722 2804 5780 Edit.
2833 5727 2914 5778 est
2938 5719 3019 5773 cui
3047 5719 3239 5788 tingue.

3343 1059 3389 1087 Χ
