3952 6222
218 269 328 325 [49

203 383 460 440 Profluis
489 395 514 423 ι
542 386 790 451 humane,
824 385 1024 455 frugem
1054 387 1390 442 venientibus
1416 365 1571 440 offet's
1595 426 1610 449 ,

284 477 366 532 Et
403 487 488 532 tua
513 477 572 532 fit
597 479 802 548 populis
830 479 1075 534 omnibus
1098 494 1199 534 una
1221 479 1410 534 domus

205 565 428 623 Verbis
447 569 638 639 quippe
651 571 771 625 suis
793 586 950 640 quem
976 586 1110 641 papa
1140 571 1394 626 Leontius
1428 569 1639 626 1t'ell'ert
1665 611 1680 636 ,

281 655 513 715 Iudicio
537 669 559 698 ο
595 660 725 716 tanti
754 661 1019 718 credimus
1045 663 1147 716 ista
1177 663 1294 716 viri.

771 795 994 852 CAPUT
1034 796 1247 852 XXXII.

243 880 342 936 Ad
378 882 707 939 Paternum‘
740 885 968 956 abbatem
989 927 1003 952 ,
1053 887 1115 940 de
1151 886 1350 943 Codicis
1377 887 1746 940 emendatione.

202 994 313 1068 [Pa
325 1008 542 1072 ternum
569 1001 812 1072 abbatem
843 977 1021 1057 laudat
1041 1004 1108 1057 ob
1128 984 1376 1072 pietatem
1407 1017 1468 1056 ac
1495 1001 1784 1072 sanctimo-

282 1070 440 1142 niam
468 1088 482 1136 ;
531 1081 640 1142 tum
671 1071 875 1126 veniam
906 1082 1088 1140 rogat,
1121 1069 1165 1126 si
1197 1073 1324 1142 quid
1353 1072 1454 1127 sibi
1497 1070 1698 1126 erroris
1728 1069 1780 1124 iu

285 1136 548 1211 Codicem
573 1141 918 1210 irrepserat,'
943 1136 1095 1211 quem
1121 1136 1358 1211 ejusdem
1404 1142 1554 1211 jussu
1594 1154 1780 1196 emen-

286 1209 558 1277 dandum,
586 1211 670 1266 vel
688 1209 1097 1266 ’exscribeu‘dum
1130 1209 1479 1284 susceperat]

207 1316 514 1378 Paruimus
539 1323 750 1379 tandem
776 1324 960 1394 jussis,
991 1327 1288 1382 venerande
1313 1323 1564 1382 sacerdos
1590 1364 1605 1392 ,
1693 1329 1700 1338 ‘

288 1408 541 1466 Nominis
568 1413 799 1468 officium
827 1414 964 1483 jure,
994 1415 1240 1483 Paterne,
1274 1416 1421 1485 geris
1458 1419 1506 1468 °.

208 1493 324 1559 Qui
355 1501 585 1568 propriis
613 1503 818 1556 meritis
845 1518 1042 1558 ornans
1071 1505 1252 1560 altaria
1275 1504 1470 1560 Christi
1495 1545 1510 1571 ,

292 1584 433 1639 Tam
462 1602 643 1656 prece,
670 1605 826 1658 quam
859 1600 999 1657 voto,
1030 1593 1125 1648 das
1155 1593 1410 1662 placitura
1440 1593 1575 1648 Deo.

212 1673 510 1744 Supplice,
544 1678 672 1734 cede
695 1687 892 1744 tamen,
921 1682 965 1736 si
993 1683 1118 1752 quid
1147 1697 1230 1738 me
1258 1683 1394 1738 forte
1419 1683 1601 1740 fefellit
1627 1700 1642 1750 ;

295 1767 436 1822 Nam
467 1769 604 1824 solet
629 1770 728 1826 iste
759 1787 903 1828 meas
933 1788 1086 1829 error
1117 1773 1309 1830 habere
1341 1771 1543 1829 manus.

213 1856 486 1916 Obtineat
513 1862 733 1932 supplex
759 1865 917 1920 modo
947 1867 1137 1936 pagina
1169 1865 1329 1921 missa
1357 1866 1543 1921 salutis
1580 1863 1598 1903 ί
1626 1907 1644 1931 ,

302 1950 432 2007 Haec
462 1961 667 2024 quoque
693 1969 810 2010 cum
844 1958 1054 2028 retegis,
1096 1972 1180 2013 me
1205 1972 1503 2013 memorare
1529 1955 1680 2013 velis.
1763 1951 1768 1956 ’

766 2086 985 2143 CAPUT
1023 2088 1257 2144 XXXIII.

627 2179 707 2232 Ad
739 2178 1023 2236 Druconem
1053 2190 1077 2230 κ
1110 2182 1398 2236 diaconum.

223 2265 579 2346 [Fortunatus
608 2285 640 2327 e
665 2273 926 2346 maritima
970 2275 1022 2329 in
1050 2291 1149 2345 qua
1183 2276 1408 2346 degebat
1434 2288 1526 2330 ora
1559 2274 1791 2331 salutem

307 2339 497 2410 scribit
525 2341 752 2397 Draconi
783 2345 1020 2410 diacono,
1045 2339 1106 2400 a'c
1133 2339 1280 2401 suam
1307 2346 1360 2400 in
1387 2347 1536 2400 illum
1560 2346 1789 2401 benevo-

306 2405 613 2464 lentiamac
643 2415 954 2467 memoriam
977 2405 1334 2471 amantissime
1363 2415 1617 2470 declarat.
1655 2455 1659 2464 .

231 2516 666 2574 Alteris-Domini
693 2521 918 2599 pollens,
948 2523 1084 2578 bone
1115 2525 1309 2587 Druco,
1339 2526 1613 2589 minister,

309 2609 445 2664 Hinc
473 2611 562 2667 tibi
591 2611 807 2668 festinus
836 2615 1028 2668 mando
1049 2613 1234 2668 salutis
1261 2629 1412 2682 opus.
1439 2653 1444 2658 ι

232 2701 355 2757 Nos
377 2702 542 2758 maris
569 2702 763 2760 Oceani
790 2704 1041 2761 tumidum
1064 2704 1379 2760 circumfluit
1407 2717 1608 2774 aequor,

308 2792 392 2848 Te
419 2807 626 2864 quoque
655 2793 904 2862 Parisios,
939 2795 1097 2850 chare
1121 2795 1336 2871 sodalis,
1372 2795 1552 2850 habet.

231 2887 487 2956 Sequana
514 2884 544 2924 ιι
572 2898 626 2943 te
644 2890 854 2956 retinet;
885 2902 982 2944 nos
1002 2888 1138 2944 unda
1165 2888 1465 2943 Britannica
1495 2886 1680 2959 cingit,

311 2980 522 3037 Divisos
547 2980 699 3037 terris
727 2983 907 3053 alligat
937 2995 1070 3036 unus
1094 2996 1266 3037 amor.
1297 3041 1304 3048 ,

1387 269 1877 342 MlSCEI.l.ANEA.
1921 297 1984 311 --
2023 276 2152 327 me.
2197 258 2280 326 m.

1812 388 1859 443 Α

3334 269 3433 325 150

2402 381 2624 438 CAPUT
2665 381 2900 436 XXXIV.

2184 477 2261 528 Ad
2290 475 2704 528 archidiaconum
2738 474 3050 528 Meldensem
3087 477 3132 526 l.

1884 565 2290 638 [.it‘chidiacono
2322 565 2595 638 Meldensi,
2636 565 2725 638 qui
2753 564 2817 617 ad
2841 580 2916 628 se,
2951 565 3182 638 nondum
3213 564 3278 638 de
3305 563 3432 638 faeie

1955 645 2134 716 notum
2162 675 2176 699 ,
2211 644 2456 775 lmustum
2488 634 2628 688 dono
2656 633 2871 687 miserat
2897 674 2910 696 ,
2960 635 3154 703 gratias
3185 635 3293 705 agit
3334 633 3430 687 hoc.

1955 719 2205 759 carmine.

1954 719 2205 759 CJI'IIIIIIB.

1887 795 1943 852 Si
1969 795 2095 850 mihi
2121 781 2206 850 vel
2227 803 2430 849 vestros
2454 794 2690 850 licuisset
2709 803 2931 849 cernere
2952 794 3150 858 vultus,

1947 885 2168 941 Munere
2197 900 2291 954 pro
2317 893 2462 938 tanto
2483 885 2707 953 plurima
2739 885 2896 939 verba
2928 885 3128 938 darem.

1886 973 2262 1028 Direxituobis
2288 984 2518 1028 mustum
2550 984 2635 1027 tua
2667 973 2829 1028 chara
2872 973 3112 1027 voluntas
3138 1013 3152 1037 ,

1957 1064 2019 1116 Et
2047 1064 2223 1118 dulces
2250 1061 2458 1117 animos"
2497 1063 2666 1116 dulcia
2697 1063 2834 1116 dona
2865 1065 3112 1130 probant.

1884 1153 2048 1219 Quem
2079 1167 2182 1207 non
2208 1152 2410 1217 vidisti,
2444 1161 2718 1222 promptus
2743 1153 2937 1206 satiare
2966 1152 3160 1218 parasti
3187 1169 3198 1202 ;

1954 1243 2086 1311 Quid
2111 1243 2270 1298 facias
2299 1243 2395 1309 illi,
2424 1243 2512 1310 qui
2543 1243 2639 1296 tibi
2667 1250 2822 1296 notus
2851 1240 3048 1296 adest?

1885 1331 1983 1387 Det
2023 1331 2115 1385 tibi
2164 1331 2305 1410 larga
2332 1330 2473 1385 Deus
2493 1370 2508 1396 ,
2539 1331 2627 1399 qui
2656 1345 2835 1384 curam
2867 1339 3039 1384 mente
3068 1329 3211 1383 fideli
3236 1369 3250 1391 ,

1961 1423 2033 1478 De
2063 1437 2221 1494 grege
2248 1421 2532 1493 pontiﬁcis,
2561 1436 2748 1491 magne
2776 1420 3032 1489 minister,
3066 1421 3252 1476 habes.

2415 1531 2634 1587 CAPUT
2690 1531 2902 1587 XXXV.
2951 1533 2954 1536 ’

2307 1623 2385 1678 Ad
2413 1622 2661 1700 {cannam
2693 1598 3002 1675 Diaconum‘.‘

1812 1723 1865 1787 Β
1890 1717 2016 1790 [Iter
2067 1719 2298 1790 facturus
2327 1715 2647 1790 Fortunatus
2672 1715 2772 1790 hoc
2802 1728 3008 1790 poema,
3040 1720 3304 1782 perpetem
3340 1727 3426 1779 pl-

1959 1783 2390 1860 3nusamicitite,_
2427 1784 2649 1860 reliquit
2692 1784 2878 1860 Joanni
2930 1783 3188 1860 Diae-uno,
3221 1798 3281 1838 ac
3337 1796 3424 1850 per

1956 1852 2074 1929 cum
2107 1852 2474 1913 communibus
2502 1854 2683 1909 amicis
2714 1855 2931 1908 salutem
2958 1852 3186 1924 scribit.]

1887 1951 2080 2020 Pignus
2112 1948 2356 2003 amicitia:
2375 1961 2588 2015 semper.
2609 1948 2954 2003 memorabile
2983 1959 3194 2002 nosme.

1957 2035 2211 2092 Versibus
2241 2035 2458 2104 exiguis,
2489 2035 2646 2088 chare
2673 2033 2902 2088 Joannes
2921 2032 2970 2097 κ,
3011 2034 3168 2088 habe.
3198 2024 3201 2028 ’

1881 2111 1955 2183 Ut
1985 2141 2104 2180 cum
2132 2139 2218 2181 me
2240 2125 2451 2194 rapiunt
2475 2125 2587 2180 loca
2616 2139 2756 2178 nunc
2782 2124 3040 2194 incognita
3071 2124 3243 2180 forsan
3265 2168 3278 2194 ,

1957 2217 2068 2272 Non
2099 2216 2276 2283 animo
2307 2215 2489 2270 videar
2514 2213 2684 2269 dulcis
2715 2214 2902 2270 abesse
2934 2223 3040 2270 tuo.

1887 2291 2226 2364 Anthemium
2249 2316 2453 2377 patrem
2481 2319 2578 2376 per
2606 2314 2678 2371 te,
2709 2305 3024 2374 venerande,
3058 2305 3229 2359 saluto
3257 2345 3270 2370 ,

1957 2398 2118 2469 Cujus
2148 2400 2202 2456 in
2234 2398 2423 2454 aii‘ectu
2450 2396 2808 2452 consolidatus
2835 2409 2978 2466 agor.

1888 2489 2140 2548 Hilarium
2170 2487 2366 2557 pariter
2394 2483 2412 2522 ι
2445 2475 2595 2540 nobis
2623 2488 2674 2540 in
2703 2501 2882 2539 amore
2907 2495 3144 2541 tenacem
3163 2533 3175 2553 ,

1956 2581 2137 2634 Insero
2163 2577 2503 2644 carminibus,
2532 2591 2688 2646 quem
2719 2592 2834 2630 mea
2869 2579 3024 2631 corda
3055 2579 3254 2634 colunt.

1887 2669 2148 2738 Perpetuo
2177 2654 2391 2722 maneas
2421 2667 2624 2721 meritis
2655 2666 2892 2721 felicibus
2915 2652 3036 2721 aevo
3066 2685 3080 2733 ;

1957 2760 2316 2832 Haschuoque
2342 2771 2460 2812 cum
2490 2755 2703 2827 relegis,
2735 2770 2819 2810 me
2843 2771 3143 2812 memorare
3169 2759 3317 2813 velis.

2415 2885 2637 2943 CAPUT
2675 2887 2909 2944 XXXVI.

2232 3027 2239 3040 ,
2302 2980 2381 3033 Ad
2410 2978 2728 3033 Anthemium
2749 2981 3037 3038 diaconum.

235 3071 361 3127 Non
389 3071 535 3128 furor
563 3072 651 3128 hic
678 3074 849 3144 pelagi
875 3074 1073 3128 vultum
1104 3074 1234 3129 mihi
1253 3073 1525 3128 subtrahit
1560 3070 1709 3131 illum
1733 3111 1750 3138 .
1813 3081 1862 3146 C
1890 3079 1983 3154 [Se
2010 3074 2291 3154 Anthemio
2311 3071 2699 3154 excusat,.quo_d
2720 3072 3427 3154 uolenseumdeme‘somno

313 3161 425 3220 Nec
447 3163 643 3219 Boreas
672 3164 840 3221 aufert
869 3179 1082 3231 nomen,
1115 3167 1283 3222 amice
1303 3204 1318 3230 ,
1358 3175 1531 3221 tuum.

239 3252 470 3310 Pectore
491 3253 591 3309 sub
618 3265 800 3310 nostro
826 3263 929 3310 tam
956 3270 1096 3326 saepe
1126 3255 1356 3310 recurris
1387 3264 1611 3320 amator,

319 3343 583 3413 Tempore
612 3343 710 3399 sub
740 3344 925 3400 hiemis
950 3359 1104 3413 quam
1127 3345 1266 3400 solet
1293 3345 1429 3398 unda
1458 3344 1640 3398 maris.

243 3427 313 3482 Ut
336 3431 568 3496 quatitur
593 3431 834 3498 Pelagus,
863 3432 1069 3499 quoties
1101 3431 1408 3496 proflaverit
1438 3431 1608 3483 Eurus
1628 3467 1643 3491 ,

313 3519 430 3574 Stat
453 3534 624 3586 neque
653 3520 727 3572 sic
754 3521 960 3572 animus
987 3527 1039 3573 te
1063 3520 1196 3583 sine,
1230 3519 1412 3583 chare,
1445 3532 1618 3572 meus.

246 3612 444 3669 Blanda
475 3618 719 3666 serenato
749 3607 1029 3678 tempestas
1060 3619 1273 3680 pectore
1300 3607 1513 3676 fervet,-
1607 3599 1612 3608 ’

316 3706 488 3772 Atque
513 3702 577 3756 ad
604 3709 656 3756 te
675 3701 816 3755 varia
838 3700 1128 3758 mobilitate
1160 3699 1339 3755 trahit.

243 3799 349 3858 Sed
378 3813 582 3854 memor
610 3805 722 3851 esto
750 3796 872 3861 mei,
906 3804 1192 3878 votumque
1222 3793 1452 3864 repende
1480 3795 1675 3864 petenti
1700 3831 1714 3858 ,

316 3891 387 3946 Ut
410 3889 604 3959 pariter
629 3887 841 3956 paribus
867 3887 955 3942 det
983 3899 1076 3940 sua
1108 3886 1242 3942 dona
1281 3887 1437 3942 Deus.

245 3981 546 4038 Humanam
575 3987 804 4040 mentem
833 3961 1024 4034 Christi
1050 3992 1154 4047 quo
1178 3978 1344 4048 gratia
1372 3977 1504 4033 ditet
1526 4018 1541 4044 ,

320 4069 394 4125 Ac
423 4067 636 4128 domino
662 4065 891 4122 nostrai
927 4078 1115 4122 sensus
1141 4075 1196 4120 et
1224 4080 1318 4120 ora
1349 4072 1556 4121 vacent.

179 4275 190 4283 ,
321 4227 344 4256 ⁸
376 4219 430 4272 In
495 4185 600 4273 uno
637 4217 768 4271 Cod.
813 4216 927 4270 Vat.
993 4226 1046 4269 et
1099 4216 1509 4285 ,Edit.'Paris.,
1564 4219 1792 4285 pro/tuus

248 4290 487 4356 huntane.
520 4287 576 4340 In
608 4285 737 4339 Ven.
769 4285 908 4339 Edit.
928 4329 942 4352 ,
977 4283 1206 4353 proﬂuas
1233 4286 1489 4338 humanis.

278 4378 346 4514 Ir”
377 4378 434 4432 In
476 4392 580 4430 uno
630 4372 760 4430 Cod.
793 4375 959 4429 Vatic.
1001 4383 1056 4428 et
1107 4374 1288 4429 Venet.
1343 4373 1503 4438 Edit.,
1551 4374 1787 4428 Leontius

322 4455 416 4500 ert.

247 4455 416 4500 affert.

327 4545 348 4572 ε
383 4533 530 4588 Hunc
557 4533 904 4602 Amphionem
934 4533 1286 4602 Burdigalensi
1329 4533 1468 4601 clero
1505 4534 1789 4599 aSeriptum

251 4604 415 4658 fuisse
441 4603 726 4675 verisimile
753 4613 832 4675 est
853 4643 867 4664 ,
916 4617 1032 4675 cum
1060 4602 1263 4675 Leontii
1281 4603 1680 4675 Burdigalensis
1710 4614 1788 4657 te-

251 4676 501 4728 stimonio
547 4670 964 4752 commendatum
1007 4671 1167 4728 fuisse
1191 4713 1205 4736 ,
1238 4672 1325 4726 hic
1357 4670 1551 4726 referat
1596 4673 1786 4727 Fortu-

246 4755 421 4798 natus.

323 4832 349 4872 τι
377 4834 528 4888 Putat
578 4832 636 4889 P.
667 4833 949 4888 Browerus
981 4831 1118 4886 hunc
1168 4831 1330 4886 fuisse
1361 4830 1641 4886 Paternum
1695 4831 1792 4886 ab-

250 4903 456 4970 batem,
501 4903 587 4972 qui
633 4911 811 4973 postea
853 4901 950 4956 fuit
996 4901 1272 4973 episcopus
1313 4902 1657 4965 Abricensis,
1717 4903 1794 4954 vir

253 4975 462 5044 egregia
511 4971 706 5044 pietate
746 4973 1074 5037 consxiicuus.
1119 4971 1221 5044 Sed
1265 4987 1383 5025 cum
1427 4973 1508 5023 hic
1559 4980 1793 5044 mortuus

254 5040 410 5096 fuerit
432 5056 570 5096 anno
599 5040 721 5108 565,
756 5052 813 5095 ut
840 5044 1081 5108 Opinatur
1112 5040 1387 5104 Cointius,
1432 5050 1520 5092 aut
1552 5040 1612 5091 ad
1647 5055 1790 5093 sum-

252 5127 395 5164 mum
433 5126 519 5165 an.
567 5109 670 5166 565
694 5153 708 5176 ,
756 5121 814 5162 ut
858 5122 1038 5164 censet
1065 5111 1134 5163 cl.
1168 5109 1531 5172 Mabillonins,
1571 5111 1619 5161 iu
1653 5109 1792 5163 notis

251 5181 318 5232 ad
353 5181 522 5234 Vitam
551 5183 712 5235 sancti
747 5179 953 5232 Paterni
984 5193 1108 5232 saec.
1133 5195 1148 5233 ι
1177 5178 1393 5239 Bened.,
1425 5177 1622 5244 aliquot
1651 5179 1791 5231 scili-

253 5251 525 5317 ceraunis
557 5261 827 5317 postquam
871 5248 1092 5301 concilio
1121 5247 1404 5317 Parisieusi
1457 5247 1788 5309 interfuerat,

228 5314 430 5384 .habito
479 5314 570 5371 an.
618 5314 742 5382 537,
772 5317 982 5370 difficile
1011 5325 1092 5370 est
1118 5315 1404 5369 Fortunato
1435 5327 1613 5368 uotum
1649 5331 1788 5384 esse,

253 5383 670 5455 aerfamiliarem
721 5387 976 5455 potuisse.
1031 5385 1166 5452 Quid
1210 5387 1347 5439 enim
1399 5386 1571 5455 dicam
1620 5383 1793 5438 adhuc

253 5453 496 5524 abbatem
525 5453 804 5524 Paternum
837 5456 999 5511 fuisse
1021 5497 1034 5520 ,
1074 5471 1175 5524 quo
1208 5464 1440 5521 tempore
1472 5454 1791 5508 FUI'IllllulllS

256 5522 304 5574 in
329 5520 511 5590 Galliis
542 5523 780 5590 vivebat,
827 5539 946 5579 cum
991 5520 1358 5580 ille'lerdecitu
1401 5525 1504 5588 jatn
1549 5539 1714 5577 annos
1742 5525 1793 5576 in

256 5587 857 5664 pontificatunesegerit?
907 5598 1042 5664 Lege
1089 5596 1321 5662 ejusdem
1358 5587 1526 5646 Vitam
1558 5633 1572 5659 ,
1615 5608 1740 5648 saec.
1780 5609 1792 5644 l

259 5657 404 5718 υριιη
439 5673 490 5726 p.
523 5657 618 5711 152
643 5657 784 5714 Edit.
811 5664 974 5720 Paris.

2084 3145 2334 3210 excitare,
2388 3143 2500 3210 ipso
2543 3141 2842 3208 insalutato,
2873 3142 3237 3216 abscesserit.]

1892 3239 2114 3308 Suscipe
2142 3232 2454 3296 versiculos,
2485 3231 2756 3297 Antliemi,
2791 3230 2975 3300 pignus
3002 3235 3245 3298 amantis,

1958 3330 2102 3396 Quos
2134 3325 2226 3381 tibi
2264 3325 2472 3376 sincero
2505 3329 2718 3389 pectore
2747 3319 2879 3400 fudit
2906 3336 3054 3375 amor
3077 3331 3133 3374 ω.

1889 3419 2019 3473 Cum
2053 3428 2134 3470 tua
2162 3413 2430 3466 blanditus
2457 3411 2710 3464 retineret
2737 3410 2926 3462 lumina
2953 3423 3188 3477 somnus,

1956 3508 2222 3575 Lassaque
2252 3501 2463 3557 fecisset
2489 3499 2722 3553 membra
2750 3497 2924 3567 jacere
2953 3498 3126 3556 thoro.

1889 3600 2025 3655 Dum
2047 3594 2250 3658 dubito,
2275 3605 2459 3662 pecco,
2489 3589 2676 3644 nolens
2700 3601 2889 3643 vexare
2918 3588 3172 3658 quietum,

1959 3690 2046 3747 Sic
2076 3701 2188 3742 mea
2220 3683 2392 3752 culpa,
2426 3680 2500 3736 tui
2523 3693 2683 3735 causa
2710 3681 2913 3754 soporis
2942 3680 3062 3736 erit.

1891 3780 2112 3837 Discedo
2139 3776 2351 3837 tacitus,
2381 3771 2538 3826 veluti
2567 3759 2670 3836 fur,
2696 3769 2867 3824 imlice
2891 3771 3034 3825 nullo
3065 3789 3077 3837 ;

1959 3871 2067 3927 Nec
2093 3868 2196 3924 dixi
2222 3864 2547 3933 amplectens
2571 3869 2595 3895 τι
2624 3879 2635 3912 :
2665 3860 2846 3914 Frater
2876 3871 3066 3925 amate,
3099 3863 3234 3918 vale.

1892 3961 2006 4018 Non
2036 3959 2180 4014 licuit
2208 3953 2452 4010 mandata
2483 3951 2661 4005 animo
2685 3949 3016 4002 committere
3043 3949 3224 4014 charo,

1964 4053 2072 4107 Nec
2105 4048 2272 4106 tenuit
2304 4045 2477 4103 verbis
2506 4045 2632 4100 hora
2655 4042 2737 4098 vel
2764 4057 2865 4096 una
2898 4043 3041 4097 tuis.-

1969 4210 1992 4237 θ
2024 4206 2075 4259 In
2106 4204 2265 4260 duob.
2301 4201 2464 4257 Codd.
2490 4200 2634 4262 Vat.,
2665 4197 2901 4262 Paterne,
2930 4197 3086 4267 regis.

1968 4267 1986 4306 ί
2022 4277 2076 4329 In
2108 4275 2236 4328 Ven.
2265 4272 2386 4336 Ed.,
2418 4272 2567 4336 missa
2591 4270 2820 4322 salutem.

1964 4349 1988 4386 ⁸
2018 4345 2072 4397 In
2105 4345 2241 4398 Edit.
2275 4333 2404 4393 Ven.
2437 4335 2617 4390 titulus
2647 4338 2725 4389 sic
2752 4333 3089 4389 inscribitur:
3127 4336 3203 4387 Ad
3245 4335 3411 4388 Drnco
3449 4377 3456 4382 .

1812 4409 1864 4470 Ι)
1889 4430 2002 4468 nem
2031 4415 2314 4472 diaconum,
2337 4409 2484 4459 modo
2511 4407 2867 4472 presbyterum.

1970 4480 1997 4518 δ
2029 4483 2267 4547 Sequana
2302 4471 2599 4547 fluviusest'
2614 4471 2775 4540 prope
2815 4471 3061 4547 I’a‘risios.

1972 4552 1985 4585 ί
2020 4549 2074 4602 In
2107 4543 2264 4602 duob.
2296 4545 2458 4599 Codd.
2499 4543 2684 4604 Vatie.,
2712 4558 2770 4594 ac
2798 4543 3218 4594 domino-sancto.

1969 4619 1980 4667 i
2026 4618 2157 4673 Sunt
2199 4615 2384 4669 Meldw
2421 4613 2472 4664 in
2522 4611 2847 4678 Lugdunensi
2884 4607 2986 4672 Ii",
3031 4611 3119 4662 sub
3161 4609 3435 4667 Senonens'

1893 4689 2287 4756 archiepiscopo,
2317 4699 2527 4756 quorum
2555 4681 2817 4750 hodieque,
2847 4689 2965 4732 teste
2997 4678 3432 4756 Qrpntio__Finwo,

1891 4759 2031 4812 sedes
2061 4747 2249 4812 Mr:qu
2276 4747 2346 4807 ad
2383 4751 2667 4805 Matronam
2693 4747 2885 4802 anzncnt
2910 4791 2922 4806 .
2957 4747 3158 4801 celebris
3191 4747 3436 4804 Meldenss

1893 4828 2134 4890 concilio,
2182 4826 2327 4878 isthic
2356 4824 2678 4891 aliquando,
2706 4819 2918 4888 prarsitle
2959 4817 3234 4891 Ilinctnaro
3254 4858 3267 4881 ,
3303 4819 3432 4873 fiheo

1893 4899 2048 4951 mensi
2077 4885 2482 4964 archiepiscopo,
2525 4893 2616 4944 sub
2638 4885 2831 4964 Christi
2878 4903 3062 4941 (timum
3107 4885 3210 4941 810
3235 4900 3429 4944 coacto.

1896 4969 2102 5032 Bnow.,
2135 4968 2184 5018 in
2217 4960 2355 5017 uotis
2383 4960 2443 5014 ad
2474 4963 2607 5032 hunc
2638 4960 2829 5032 laeum.

1963 5035 1988 5073 ιε
2025 5027 2099 5090 Ah
2126 5037 2210 5089 hic
2252 5032 2339 5087 ille
2379 5033 2488 5099 ipse
2518 5028 2743 5083 Ioannes
2777 5028 3031 5082 Diaeonus
3057 5035 3170 5089 est,
3219 5027 3284 5080 de
3329 5045 3431 5098 quo

1893 5107 2050 5172 Creg.
2083 5105 2282 5170 Turon,
2319 5103 2408 5154 lib.
2445 5116 2456 5152 t
2485 5099 2754 5172 ileGloria
2787 5103 3068 5172 martyrum
3094 5109 3255 5172 ,_cap.
3283 5099 3354 5172 Δ19
3381 5109 3433 5152 et

1894 5176 1980 5237 88,
2000 5163 2236 5241 loquitur
2262 5163 2280 5223 ε’
2301 5173 2385 5236 qui
2417 5186 2533 5241 eum
2561 5170 2796 5241 leprosus
2818 5163 3049 5241 aICalliis
3077 5163 3426 5241 discessisset,

1892 5255 1942 5296 et
1970 5229 2292 5310 perrexisset
2320 5229 2383 5291 'in
2436 5229 2762 5310 Palwstinam
2789 5272 2804 5295 ,
2836 5229 2904 5282 ibi
2953 5232 3159 5308 ahiutus
3192 5236 3240 5286 in
3282 5237 3430 5310 aquis

1893 5303 2171 5374 Jordanis,
2212 5321 2423 5362 sanatus
2446 5323 2472 5357 a
2517 5307 2654 5371 lepra
2684 5312 2781 5374 est,
2811 5310 2965 5370 atque
2998 5303 3178 5374 itm-um
3214 5305 3345 5374 νυνὶ·
3384 5305 3431 5356 in

1893 5381 2112 5441 Callias,
2148 5370 2314 5432 beatae
2344 5376 2518 5428 Mariae
2551 5370 2795 5438 reliquias
2818 5370 3308 5424 secuin'dcfereus?

1969 5449 1982 5487 ¹
2019 5451 2154 5500 Edit.
2190 5447 2376 5509 Paris.,
2410 5443 2611 5511 partim.

1960 5528 1998 5555 ω
2031 5518 2162 5569 ωλι.
2191 5516 2374 5577 Paris”
2399 5509 2592 5564 Sincera
2622 5509 2788 5579 fundit
2811 5523 2980 5560 arnore
3013 5518 3122 5560 tuus
3147 5525 3163 5562 :
3186 5509 3237 5562 in
3268 5524 3432 5580 marg.

1892 5589 2026 5641 sicut
2055 5588 2224 5638 Bruw.

1965 5665 1992 5692 ιι
2020 5655 2155 5709 Edit.
2202 5652 2392 5716 Paris.,
2421 5650 2736 5718 amplexeris.
