3780 6374
482 366 577 425 ‘ISI

480 482 757 541 Testilicor
786 487 1065 543 Dominum
1099 492 1225 545 mibi
1258 492 1463 546 fortiter
1486 506 1603 545 esse
1629 491 1913 546 molestum

551 576 701 642 Quod
733 577 812 630 sic
836 577 1051 633 discedo
1075 588 1121 647 ι,
1152 594 1249 634 nec
1276 586 1365 635 tua
1392 579 1529 635 dicti
1561 578 1696 635 fero.

482 667 590 723 Sed
615 668 697 723 cui
728 671 876 737 plura
925 675 1105 727 volens
1149 683 1389 744 poteram
1427 678 1551 739 tunc
1580 674 1759 729 dicere
1789 689 2046 744 praesens,

550 758 701 815 Nunc
728 762 877 816 faciat
910 765 1087 833 paucis
1118 768 1307 836 pagina
1339 768 1495 822 missa
1528 765 1690 835 loqui.

482 849 609 905 ﬂare
627 862 796 905 tamen
819 864 940 907 ante
967 856 1151 919 Deum,
1172 872 1301 925 rugo
1326 868 1396 923 te,
1413 852 1544 909 mihi
1564 871 1781 909 munera
1802 863 2047 924 praesta,

552 943 807 996 Omnibus
839 953 890 996 ιιι
920 960 1129 1012 semper
1154 950 1344 999 cbarus
1377 945 1568 1012 ubique
1608 944 1792 999 mices.

481 1031 646 1086 Nemo
670 1034 795 1086 lllIItI
827 1046 1050 1099 vestem,
1081 1036 1301 1089 donaria
1332 1033 1357 1070 δ
1392 1049 1550 1089 nemo
1582 1035 1865 1101 ministret,

549 1123 697 1195 Quod
721 1124 942 1180 dulcedo
974 1136 1171 1188 monet,
1209 1124 1307 1181 hoc
1334 1126 1463 1180 mihi
1497 1141 1654 1181 nemo
1687 1134 1864 1195 neget.

993 1257 1218 1313 CAPUT
1260 1258 1521 1313 XXXVII.

849 1353 930 1406 Ad
978 1353 1320 1425 Sindulphum
1368 1356 1637 1409 diaconum

474 1464 853 1539 [Sipdulpbttm
874 1468 1151 1539 diaconum
1177 1467 1244 1520 ad
1274 1468 1477 1539 laboris
1496 1468 1798 1539 patientiam
1835 1468 1887 1522 in
1914 1472 2041 1539 jugo

548 1535 741 1589 Christi
787 1538 1084 1598 tolerando,
1130 1551 1227 1605 spe
1274 1536 1523 1603 propositi
1575 1538 1775 1591 fructus
1815 1548 1868 1592 et
1905 1535 2043 1595 me}-

548 1605 1140 1744 cedis,]adltortatur,
1196 1606 1465 1659 affirmans
1525 1606 1650 1660 nihil
1702 1608 1865 1678 grave
1923 1625 2043 1667 esse

548 1684 761 1727 amanti.

472 1780 657 1839 Frater
690 1796 711 1823 σ
747 1800 925 1841 arnore
957 1786 1071 1851 Dei,
1103 1787 1259 1855 digno
1291 1788 1657 1855 memorabilis
1684 1798 1827 1856 actu,

543 1874 762 1930 Pectore
794 1879 892 1931 fixe
922 1878 1073 1950 [fote]
1104 1894 1220 1933 meo
1251 1879 1413 1935 frater
1442 1878 1468 1917 ’1
1503 1896 1677 1935 amore
1708 1882 1823 1951 Dei.

472 1965 643 2033 Carpe
672 1968 897 2020 libenter
923 1969 1045 2031 iter,
1074 1966 1213 2037 quod
1245 1969 1390 2022 ducit
1422 1969 1482 2023 ad
1509 1970 1721 2045 aetheris
1750 1972 1943 2040 aulam,
1967 1972 1971 1977 ’

542 2057 714 2111 Altius
747 2066 802 2111 ιιι
833 2072 1039 2129 surgas,
1064 2073 1221 2129 carpe
1243 2061 1477 2115 libenter
1500 2062 1620 2126 iter,

541 2201 570 2266 ξ
597 2194 729 2266 Ϊτθε
782 2195 1103 2266 ηιεςηϐοιίά.
1132 2195 1280 2266 Vat.,
1305 2197 1441 2264 quod
1467 2198 1540 2250 sic
1569 2197 1805 2253 abscedo.

541 2261 649 2317 l’Itt
695 2265 855 2319 dttnb.
905 2264 1070 2327 Codd.
1122 2261 1344 2319 Vatfet
1396 2266 1531 2320 Edit.
1589 2268 1780 2332 I’.tris.,
1826 2273 2037 2325 denaria

470 2349 635 2387 nemo.
666 2336 901 2405 Mutilum
932 2345 1105 2390 autem
1137 2338 1237 2388 ltoc
1261 2352 1442 2405 poema
1474 2337 1661 2405 legitur
1690 2340 1738 2391 in
1770 2339 1905 2392 Ven.
1934 2343 2033 2395 Ed.

471 2412 526 2457 et
553 2418 656 2457 uno
686 2404 816 2457 Cod.
865 2405 1009 2470 Vat.,
1051 2404 1302 2460 desinens
1330 2406 1394 2457 ad
1426 2404 1569 2457 illum
1605 2422 1815 2460 versum
1850 2410 2034 2465 excl.:

469 2471 578 2527 Sed
606 2474 686 2527 cui
715 2475 883 2541 plura,
906 2484 1008 2529 etc.
1597 2474 1607 2485 ’
1834 2535 1845 2539 -

545 2556 566 2581 ε
606 2543 760 2596 Deest
788 2543 884 2596 hoc
909 2554 1093 2610 poema
1120 2545 1172 2599 in
1198 2545 1335 2600 Edit.
1371 2544 1506 2599 Ven.
1533 2553 1585 2599 et
1618 2560 1722 2598 uno
1751 2546 1878 2600 Cod.
1917 2549 2034 2605 Vat.

520 2613 572 2649 ‘4
603 2610 779 2683 Genus
810 2616 907 2668 ltoc
936 2625 1260 2682 poematum,
1286 2618 1336 2670 in
1367 2616 1558 2682 quibus
1586 2629 1813 2683 sequens
1844 2619 2036 2675 Penta-

476 2690 647 2754 mcter
673 2682 1006 2737 ltcmisticbio
1049 2687 1412 2740 antecedentis
1453 2682 1711 2740 examet~~i
1741 2688 2032 2754 clauditur,

476 2750 718 2825 Ophites,
770 2755 874 2808 circ
920 2758 1261 2823 scrpentinum
1307 2756 1600 2823 appellatur
1628 2797 1643 2822 ,
1693 2758 1833 2825 quod
1886 2750 2035 2813 more

469 2824 732 2895 serpentis
760 2839 855 2893 per
883 2826 1057 2895 varios
1103 2828 1263 2883 veluti
1317 2826 1482 2887 flexus
1530 2839 1591 2878 ac
1632 2824 1880 2885 recursus
1914 2843 2034 2895 pro-

467 2893 759 2965 grediatur.
817 2894 1126 2960 Infretiuens
1175 2896 1312 2965 apud
1349 2898 1551 2960 priscos
1584 2898 1682 2949 ltoc
1709 2912 1878 2965 genus
1907 2893 2030 2950 car-

467 2963 668 3016 minum
724 2975 858 3023 erat,
909 2976 967 3017 ut
1008 2963 1379 3018 animadvertit
1433 2965 1610 3016 Brow.
1658 2969 1697 3017 A
1747 2964 2033 3021 Fortunato

469 3042 755 3101 usurpatur
802 3034 931 3085 alias
980 3048 1210 3101 quoque,
1267 3047 1456 3100 nempe
1503 3047 1619 3099 cap.
1669 3031 1726 3098 2,
1774 3035 1862 3087 lib.
1915 3050 2029 3090 vin.

470 3098 665 3173 Paulus
689 3105 812 3173 item
832 3098 1085 3173 diaconus
1105 3098 1344 3170 ejusdem
1370 3098 1551 3156 forma:
1574 3098 1637 3155 ac
1664 3106 1816 3157 metri
1842 3119 2027 3173 poema

470 3169 680 3240 scripsit
732 3172 779 3223 in
835 3172 1037 3224 laudem
1087 3169 1254 3226 sancti
1308 3173 1598 3233 Benedicti,
1655 3174 1793 3237 quod
1842 3169 2021 3228 exstat

471 3214 625 3311 ηιμ-Ἰ,
662 3255 776 3310 cap.
808 3240 893 3302 ιδ,
924 3241 1159 3309 ejusdem
1204 3243 1303 3311 ορ.
1334 3214 1685 3309 Apollinaris“
1709 3260 1834 3297 vero
1862 3214 2021 3299 Sido:
2043 3214 2091 3279 ο

472 3306 613 3373 niu's,
646 3306 741 3362 lib:
769 3326 876 3375 vm,
909 3306 1063 3380 epist.
1094 3312 1181 3373 11,
1211 3306 1275 3366 de
1309 3306 1612 3378 Lampridio
1644 3324 1791 3380 poeta
1824 3326 1876 3367 et
1906 3330 2020 3368 ora-

471 3385 586 3432 tore
624 3382 882 3444 scribens,
919 3382 965 3433 id
997 3396 1163 3449 genus
1192 3384 1487 3435 carminum
1522 3387 1841 3435 mentionem
1875 3383 2018 3446 facit,

471 3460 663 3519 vocans
691 3463 783 3502 eos
808 3451 971 3519 elegos
997 3452 1248 3515 echoicos,
1282 3453 1331 3502 in
1362 3452 1549 3517 QUIDUs
1580 3461 1629 3503 et
1660 3452 2019 3518 Lampridium

470 3518 633 3573 refert
670 3518 830 3575 fuisse
870 3529 1158 3577 versatum.
1192 3520 1451 3575 Echoicos
1478 3530 1655 3574 autem
1684 3520 1893 3574 videtur
1920 3537 2019 3575 no-

1201 371 1511 429 VENANTII
1554 375 1707 429 HON.
1747 373 1951 429 CLEM.
1997 374 2391 433 FORTUNATI
2432 380 2715 438 OPERUM
2754 382 2930 439 PARS
2971 384 3013 441 I.
3591 386 3661 445 lﬁ

2032 562 2035 565 γ
2078 493 2126 547 Α
2156 490 2258 547 Fer
2285 496 2550 562 patienter
2573 510 2706 551 onus
2734 513 2803 553 ne
2835 507 2887 553 te
2918 500 3002 569 pia
3034 498 3243 553 sarcina
3275 501 3445 566 lasset,

2226 586 2376 641 Unde
2407 598 2588 659 manet
2615 592 2849 657 requies,
2881 589 2961 645 fer
2987 591 3257 661 patienter
3282 606 3429 645 onus.

2152 676 2391 731 Subdere
2428 679 2565 733 colla
2608 680 2784 745 decet,
2830 684 2949 749 quia
2994 693 3119 737 sunt
3148 684 3270 751 juga
3302 684 3463 737 dulcia
3485 686 3650 755 Christi,

2222 769 2338 834 Quo
2370 783 2671 824 mereamur
2697 787 2876 840 opem,
2909 774 3140 829 subdere
3170 775 3305 828 colla
3328 776 3495 831 decet.

2150 860 2248 927 Qui
2273 877 2365 914 sua
2394 878 2513 915 rura
2539 864 2687 929 colit,
2718 866 2849 919 solet
2881 866 3069 921 horrea
3103 868 3261 935 plena
3293 878 3481 933 tenere,

2221 954 2326 1007 Nec
2350 954 2564 1022 jejunus
2597 956 2719 1020 erit,
2752 959 2840 1025 qui
2868 971 2959 1009 sua
2989 974 3109 1011 rura
3139 961 3290 1013 colit.

2148 1043 2249 1099 Per
2276 1060 2420 1100 mare
2450 1024 2607 1100 nauta
2630 1024 2799 1114 volat,
2832 1064 2936 1117 quo
2968 1050 3127 1102 multa
3164 1051 3382 1117 pecunia
3411 1065 3596 1109 crescat.

2217 1136 2486 1192 Mercibus
2509 1146 2566 1192 ut
2595 1140 2826 1207 placeat,
2860 1155 2951 1208 per
2976 1154 3124 1196 mare
3148 1156 3307 1196 nauta
3336 1144 3486 1198 volat.

2146 1229 2262 1283 Non
2304 1229 2458 1283 timet
2484 1230 2570 1284 ille
2601 1245 2803 1295 amem,
2832 1231 2977 1286 rabie
3006 1234 3255 1287 turbante
3286 1236 3533 1301 promllte,

2218 1322 2287 1376 Ut
2314 1325 2548 1378 lucretur
2572 1338 2720 1391 opes,
2753 1339 2855 1378 non
2887 1328 3039 1378 timet
3066 1325 3154 1380 ille
3187 1342 3391 1380 necem.

2120 1404 2294 1469 'Miles
2326 1415 2391 1468 ad
2430 1428 2574 1468 arma
2604 1416 2766 1481 venit,
2815 1430 3062 1483 quaerens
3090 1432 3184 1486 per
3210 1418 3427 1473 vulnera
3456 1419 3644 1487 palmam,

2219 1508 2285 1561 Ut
2317 1492 2495 1562 redeat
2520 1508 2705 1569 victor,
2733 1509 2884 1563 miles
2906 1511 2971 1563 ad
3000 1526 3150 1565 arma
3181 1513 3344 1566 venit.

2150 1592 2410 1653 e'Priemia
2431 1615 2581 1654 sume
2607 1602 2797 1666 libens,
2823 1602 2950 1654 mihi
2976 1612 3030 1655 tu
3054 1618 3291 1671 quoque,
3312 1603 3461 1658 chare
3479 1605 3643 1669 sodalis,

2169 1720 2177 1727 ν
2219 1690 2367 1745 Unde
2396 1692 2689 1760 triumphus
2718 1693 2842 1757 erit,
2874 1694 3055 1761 pnelia
3087 1709 3241 1749 sume
3268 1694 3446 1748 libens.

2142 1782 2392 1851 Quisquis
2418 1796 2599 1837 amore
2628 1783 2789 1845 venit,
2821 1785 2987 1837 nescit
3019 1799 3077 1836 se
3111 1785 3251 1837 ferre
3279 1784 3520 1848 laborem,

2065 1832 2117 1896 Β
2214 1874 2380 1928 Nemo
2402 1875 2579 1929 labore
2598 1875 2763 1943 jacet,
2791 1873 3033 1942 quisquis
3054 1888 3241 1927 amore
3266 1874 3421 1927 venit.

2141 1963 2390 2019 Carmina
2422 1981 2580 2036 parva
2606 1966 2801 2027 ferens,
2837 1966 2925 2019 tibi
2955 1965 3132 2019 debita
3164 1966 3327 2019 reddo
3356 1964 3541 2030 salutis,

2213 2056 2319 2111 Des
2347 2058 2587 2124 meliora,
2618 2070 2824 2127 precor,
2855 2060 3094 2113 carmina
3122 2074 3278 2129 parva
3303 2059 3487 2115 ferens.

2141 2190 2365 2251 minare,
2420 2189 2561 2260 quod
2612 2191 3044 2254 hemistichium,
3090 2189 3229 2253 quod
3274 2190 3375 2258 jam
3427 2200 3644 2260 sentient,

2140 2261 2274 2315 echo
2295 2261 2358 2313 ad
2390 2258 2573 2321 instar,
2606 2260 2927 2314 audientium
2960 2261 3177 2313 auribus
3214 2264 3396 2312 iterum
3420 2258 3638 2312 reddatur.

2139 2329 2449 2384 Sirmondus
2484 2331 2661 2398 (quem
2685 2329 2849 2397 vide),
2874 2330 2927 2382 in
2956 2330 3092 2383 notis
3114 2329 3178 2382 ad
3211 2328 3492 2388 Sidonium,
3519 2328 3643 2380 refert

2141 2400 2205 2452 ad
2235 2401 2369 2452 hanc
2398 2414 2508 2451 rem
2557 2400 2838 2452 distichum
2887 2401 2954 2451 de
3003 2400 3168 2461 Echo,
3224 2414 3287 2449 ex
3324 2399 3648 2463 epigrammate

2139 2468 2403 2530 Pentadii,
2430 2468 2570 2536 quod
2599 2470 2663 2521 de
2688 2470 2817 2523 acris
2845 2470 3063 2520 adventu
3094 2468 3320 2521 confecit
3339 2468 3493 2533 elegis
3510 2464 3646 2519 echoi-

2138 2539 2238 2603 cis,
2272 2548 2604 2607 excerptum.
2638 2536 2783 2591 Habe
2801 2551 2931 2589 vero
2962 2536 3106 2590 illum
3134 2552 3147 2589 :

2263 2648 2361 2712 Per
2382 2661 2495 2698 cava
2519 2661 2633 2712 saxa
2658 2656 2793 2698 sonat
2814 2651 3053 2712 pecudum
3076 2650 3336 2711 mugitibus
3352 2647 3489 2705 Echo,

2261 2711 2468 2777 Voxque
2492 2709 2685 2774 repulsa
2706 2709 2835 2773 iugis
2856 2725 2945 2770 per
2968 2724 3085 2761 cava
3109 2709 3225 2761 saita
3246 2719 3395 2761 sonat.

2136 2822 2343 2897 Cestith
2388 2822 2593 2897 Rhetor
2615 2824 2750 2892 apud
2783 2824 3040 2897 Senecam
3085 2821 3314 2897 Patrem,
3342 2822 3378 2873 1.
3413 2836 3497 2897 vn,
3534 2835 3642 2897 coa-

2136 2904 2274 2948 trov.
2299 2894 2351 2959 7,
2384 2891 2727 2961 repetitiones
2755 2893 3013 2958 ejusmodi
3046 2891 3127 2944 vel
3153 2892 3204 2943 in
3234 2894 3396 2944 soluta
3426 2891 3645 2961 oratione,

2137 2968 2277 3034 ἠχὼ,
2309 2960 2449 3034 echo,
2482 2960 2798 3034 appellabat,
2831 2972 2874 3012 et
2906 2960 3533 3034 pronuntianti__disripnlo
3566 2969 3647 3034 ita-

2138 3026 2226 3085 tim
2268 3026 2582 3083 exclamabat
2609 3046 2624 3083 :
2651 3035 2720 3100 μή
2765 3026 2852 3087 ιιέήν
2894 3026 3033 3100 ἠχώ.
3081 3030 3219 3099 Lege
3251 3029 3423 3089 Sirm.,
3451 3029 3499 3079 in
3527 3026 3644 3095 prief.

2136 3104 2414 3225 100°0chet
2453 3171 2504 3225 in
2549 3169 2782 3224 editione
2820 3170 3056 3224 Broweri
3105 3171 3323 3239 legatur,
3350 3168 3419 3239 ‘_ut
3465 3168 3540 3219 hic
3577 3180 3647 3217 ero

2127 3258 2367 3315 pressum
2396 3250 2496 3315 est,
2531 3255 2635 3315 non
2654 3241 2968 3315 dubitamus
3000 3237 3541 3315 tameit‘quinPra’lt'a,
3565 3250 3646 3288 non

2124 3310 2254 3370 vero
2290 3312 2512 3365 Pt'temia
2553 3312 2622 3365 sit
2654 3311 2964 3380 legendum,
2998 3321 3055 3365 ut
3086 3310 3288 3363 initium
3326 3310 3530 3380 hujusce
3552 3322 3647 3358 ver-

2124 3400 2216 3439 sus
2258 3381 2579 3449 respondeat
2626 3378 2757 3447 parti
2804 3388 3085 3447 postrema!
3128 3379 3401 3449 sequentis.
3442 3378 3648 3449 Certect

2127 3442 2402 3507 Fabricius
2434 3452 2483 3501 in
2510 3442 2843 3502 Collectione
2870 3459 3106 3502 veterum
3139 3442 3274 3513 poet.
3303 3448 3483 3499 Christ.
3513 3442 3641 3494 edidit

2128 3522 2362 3589 prmmia,
2397 3534 2501 3571 non
2534 3519 2727 3584 praelia,
2762 3518 2897 3571 sicut
2927 3527 2979 3570 et
3012 3516 3184 3570 Paris.
3215 3517 3331 3570 edit.

469 3656 3641 3691 OM

1676 3804 1977 3882 LIBER
2029 3801 2504 3923 QUARTUS

974 4062 1197 4120 CAPUT
1242 4061 1519 4120 PRIMUM.

470 4171 793 4245 Epitaphium
841 4171 1075 4245 Et'enteri
1127 4172 1425 4245 [Eumer-ii,
1456 4171 1690 4244 Eumeri]
1738 4176 1761 4203 “
1811 4178 2033 4244 episcopi

943 4242 1153 4295 civitatis
1184 4242 1520 4297 Namnetirw.

469 4376 831 4449 [Evemerum,
881 4372 1284 4449 Namnetensem
1319 4374 1656 4449 episcopum,
1684 4376 1859 4429 laudat
1886 4391 2027 4431 mor-

539 4457 706 4511 tuum,
758 4446 826 4499 ob
871 4447 1196 4499 nobilitatem
1242 4447 1474 4513 generis,
1528 4448 1594 4496 ob
1649 4447 1916 4501 leuitatem
1968 4462 2032 4501 ac

534 4516 991 4571 mansuetudinem
1027 4516 1209 4583 animi,
1246 4516 1313 4568 ob
1342 4514 1774 4582 hospitalitatem,
1827 4517 2032 4570 miseri-

540 4587 798 4651 cordiam,
848 4585 1250 4639 beneficentiam
1300 4586 1351 4639 in
1394 4599 1674 4654 pauperes,
1735 4601 1916 4639 curam
1971 4601 2032 4654 ac

541 4658 861 4725 diligentiam
897 4658 948 4708 in
977 4664 1223 4723 argrotos,
1257 4653 1673 4726 munificentiam
1706 4656 1758 4708 in
1792 4653 2033 4728 templa.)

518 4790 717 4846 uamvis
745 4800 933 4845 cuncta
960 4788 1113 4842 avido
1142 4788 1419 4857 rapiantur
1450 4788 1515 4841 ab
1534 4790 1672 4843 'orbe
1705 4790 1905 4856 volatu,

539 4869 787 4937 Attamen
816 4879 1054 4936 extendit
1077 4882 1179 4932 vita
1206 4878 1355 4933 beata
1385 4880 1549 4933 diem.
1950 4862 1954 4869 ’

470 4974 577 5028 Nec
605 4975 852 5025 damnum
885 4970 951 5024 de
978 4970 1079 5022 line.
1111 4971 1267 5037 capit,
1303 4970 1383 5022 cui
1415 4970 1581 5038 gloria
1615 4969 1741 5023 vivit
1772 4989 1782 5022 :

541 5064 926 5131 [Eternumquc
954 5061 1124 5114 locum
1153 5062 1346 5114 missus
1375 5061 1439 5125 ad
1469 5071 1605 5112 astra
1638 5069 1800 5115 tenet.
1858 5084 1863 5093 ι

474 5158 583 5208 Iloc
616 5156 770 5222 igitur
804 5153 1004 5207 tumulo
1037 5153 1321 5217 requiescit
1350 5152 1642 5205 Evemerus
1669 5151 1694 5189 ι)
1726 5154 1884 5210 almo.

541 5246 640 5299 Per
675 5261 828 5312 quem
861 5244 1171 5314 pontificum
1202 5244 1369 5311 surgit
1397 5245 1605 5312 opimus
1638 5243 1822 5296 honor.

542 5434 570 5462 ἰ
594 5424 871 5483 Eumerus,
921 5421 1033 5475 sive
1056 5420 1385 5481 ‘Evemerus,
1418 5419 1667 5473 decessor
1715 5420 1815 5473 fuit
1845 5420 2034 5474 Felicis

472 5493 867 5553 Namnetensis,
910 5490 975 5543 de
1003 5506 1107 5557 quo
1137 5491 1331 5558 sapius
1359 5489 1522 5558 locuti
1550 5503 1754 5545 sumus.
1792 5490 2035 5544 Interfuit

471 5568 698 5620 concilio
743 5556 1107 5615 Aureliane’nsi
1136 5577 1192 5624 ιι,
1220 5556 1306 5611 an.
1336 5556 1459 5622 533,
1486 5569 1538 5611 et
1567 5574 1633 5623 tv,
1684 5559 1865 5614 habito
1895 5578 2032 5614 anno

472 5636 593 5687 541.
618 5634 762 5688 Obiit
785 5647 921 5686 anno
952 5629 1076 5694 549,
1112 5632 1191 5682 vel
1215 5628 1283 5681 55
1304 5634 1339 5691 i,
1366 5644 1484 5680 cum
1519 5628 1925 5683 Namnetettsem
1955 5647 2030 5687 se.

475 5708 591 5759 dem
616 5705 833 5768 adeptus
857 5703 1040 5755 fuisset
1066 5715 1203 5768 anno
1226 5698 1349 5761 55f,
1382 5708 1436 5751 ιιι
1463 5700 1607 5765 ponit
1631 5700 1891 5754 Cointtus.

544 5772 569 5808 δ
602 5767 765 5825 Codd.
799 5773 903 5826 duo
934 5772 1076 5841 νειμ,
1112 5767 1384 5821 Eunterius
1418 5771 1571 5821 almo.

2145 4061 2439 4118 Stemmate
2461 4070 2487 4102 ο
2517 4060 2800 4115 deductum
2828 4056 2995 4130 fulget
3018 4054 3045 4096 ἀ
3072 4057 3139 4113 ab
3158 4059 3348 4128 origine
3373 4056 3578 4121 culmen,

2212 4154 2281 4207 Et
2306 4153 2510 4208 meritis
2533 4152 2743 4221 priscos
2767 4165 3008 4206 crescere
3036 4149 3159 4206 fecit
3180 4164 3317 4206 avos.

2144 4242 2369 4296 Emicuit
2390 4242 2597 4311 populis
2627 4243 2895 4310 geminum
2928 4242 3273 4294 memorabile
3299 4239 3492 4301 donum,

2213 4332 2339 4386 Inde
2360 4332 2525 4401 gradu
2547 4331 2733 4398 judex,
2760 4332 2883 4384 hinc
2912 4332 3109 4399 pietate
3142 4340 3305 4398 pater.

2139 4423 2318 4478 Dulcis
2349 4423 2401 4477 in
2433 4424 2665 4491 eloquio,
2700 4421 2937 4491 placidus
2966 4423 3323 4504 moderamine
3347 4434 3497 4483 sacro,

2206 4515 2263 4571 In
2291 4516 2442 4587 cujus
2468 4530 2629 4570 sensu
2656 4516 2885 4583 perdidit
2916 4516 2990 4569 ira
3020 4516 3215 4569 locum.

2136 4608 2368 4664 Alterius
2397 4620 2570 4663 motus
2597 4608 2816 4678 patienti
2845 4619 3063 4676 pectore
3095 4608 3237 4671 vicit,

2208 4699 2276 4753 Ut
2298 4699 2486 4755 levitas
2510 4699 2668 4762 laesit,
2700 4700 2803 4750 hoc
2833 4697 3088 4764 gravitate
3120 4696 3257 4749 tulit.

2134 4788 2187 4842 Si
2214 4791 2333 4858 quis
2363 4790 2430 4843 ab
2458 4788 2692 4845 externis
2722 4795 2746 4823 ε
2770 4789 3073 4857 properavit
3101 4788 3311 4842 sedibus
3336 4786 3519 4852 hospes.

2207 4882 2325 4935 Mox
2353 4882 2490 4949 apud
2520 4881 2661 4932 bunc
2686 4881 2924 4948 proprios
2953 4882 3116 4933 sensit
3149 4880 3335 4953 habere
3364 4878 3497 4928 lares.

2136 4972 2235 5028 Hic
2260 4973 2502 5026 habitare
2537 4969 2553 5007 ί
2590 4972 2775 5025 volens
2804 4973 2983 5041 patriis
3016 4971 3164 5024 rudis
3194 4969 3336 5023 exsul
3360 4968 3417 5020 ab
3436 4964 3546 5024 oris.

2205 5061 2408 5117 Oblitus
2439 5070 2695 5125 veterem,
2728 5060 2883 5127 hujus
2915 5075 3121 5124 arnore,
3153 5071 3367 5129 patrem.

2136 5151 2340 5206 Gaudet
2368 5162 2418 5205 et
2451 5150 2659 5216 arrisit;
2696 5150 2883 5219 probat
2912 5152 2956 5202 is
2984 5164 3043 5203 se
3072 5164 3290 5205 cernere
3314 5150 3516 5203 flentem.

2207 5244 2438 5299 Alterius
2465 5243 2725 5313 lacrymas
2754 5255 2874 5294 mox
2902 5240 3027 5295 facit
3057 5256 3177 5297 esse
3207 5256 3341 5294 suas.
3486 5240 3489 5245 ⁴

2211 5431 2230 5456 ο
2258 5419 2423 5475 Codd.
2471 5421 2593 5473 item
2639 5419 2743 5473 duo
2796 5416 2911 5474 Vat.
2943 5428 2997 5474 et
3031 5420 3172 5473 Edit.
3204 5418 3383 5483 Paris,
3411 5420 3627 5467 ucturum

2137 5490 2359 5553 deducit,
2387 5492 2565 5559 fulget,
2595 5500 2695 5544 etc.

2206 5561 2231 5597 ά
2263 5562 2400 5612 fidit.
2434 5561 2561 5631 Ven.
2592 5571 2644 5613 et
2674 5562 2866 5625 ParisL,
2899 5561 3099 5629 fulgens
3124 5562 3185 5613 ab
3211 5563 3403 5631 origine.

2168 5639 2232 5716 ,_.
2266 5631 2434 5716 Q°dd°
2479 5630 2584 5683 du“
2622 5631 2767 5696 “IL,
2814 5636 2855 5684 si
2895 5641 3130 5683 extentus
3176 5630 3378 5697 propriis
3423 5634 3605 5693 proptr!

2135 5711 2235 5806 nl"
2252 5711 2407 5824 θὲῗὶῖι.
2441 5768 2600 5837 Ven.,
2632 5773 2714 5824 hic
2742 5772 2989 5824 habitasse
3017 5772 3183 5823 ralem
