3952 6222
320 335 429 394 iet

319 451 502 523 Cujus
525 453 590 505 ab
610 451 819 518 eloquio
842 458 1020 503 nectar
1047 463 1138 516 per
1170 448 1325 500 verba
1356 444 1572 512 ﬂuebat,

408 546 661 598 \‘inceres
706 553 758 595 ut
789 541 971 595 dulces
1012 556 1104 606 ore
1146 542 1346 606 rigante
1378 537 1541 591 favos.

324 635 614 690 Nudsrum
651 644 703 687 ttt
732 631 892 686 vestis
920 647 1059 697 eras,
1096 631 1320 700 algentis
1349 630 1590 688 amictus,

329 772 344 776 _
403 727 508 791 Qui
541 725 605 779 ad
637 733 720 778 tua
751 730 885 777 tectu
914 723 1073 790 fugitu
1105 762 1120 786 ,
1147 729 1314 774 tectus
1342 727 1399 775 et
1426 718 1537 786 ipse
1561 716 1715 770 redit.

326 812 562 868 Divitias
587 827 769 868 omnes
804 812 1014 880 inopum
1036 811 1132 864 sub
1157 819 1335 865 ventre
1374 806 1577 862 locasti.

414 904 566 960 Unde
596 903 687 957 tibi
719 917 928 973 semper
957 903 1072 954 viva
1105 900 1298 956 talenta
1327 909 1562 954 manent.

332 997 602 1053 Esuriens
640 997 872 1063 epulum,
902 995 1087 1047 sitiens
1118 1001 1168 1048 to
1206 1005 1417 1047 sumere
1447 999 1650 1058 potum,

407 1089 640 1144 Cernere
681 1095 731 1140 te
759 1086 948 1139 meruit
975 1083 1160 1146 tristis,
1205 1090 1260 1136 et
1290 1080 1440 1135 exsul
1470 1093 1647 1148 opem.

328 1175 576 1245 lmplesti
621 1173 847 1244 propriis
879 1174 1138 1226 viduatam
1170 1169 1196 1208 δ
1222 1171 1424 1225 civibus
1455 1167 1658 1231 urbem,

411 1267 779 1334 Videruutque
806 1279 953 1331 suos,
987 1273 1038 1317 te
1072 1263 1386 1324 redimente,
1423 1261 1581 1314 laris.

324 1363 515 1426 Quam
544 1371 564 1398 ε
596 1358 747 1427 lupus
769 1373 795 1411 a
819 1355 1040 1412 stabulis
1065 1357 1277 1419 tulerat,
1303 1353 1582 1408 frendente
1600 1348 1625 1388 ἀ
1649 1348 1852 1417 rapina,

413 1448 496 1504 τε
521 1457 731 1518 pastore
755 1447 900 1519 gregi
929 1454 952 1482 ο
981 1445 1187 1500 reddita
1219 1443 1419 1513 plaudit
1449 1443 1581 1497 ovis.

329 1539 569 1606 Templa
599 1547 785 1595 exusta
826 1539 964 1593 celer
989 1537 1250 1592 revocasti
1279 1532 1299 1573 τ
1327 1533 1379 1589 in
1405 1531 1635 1589 culmine
1671 1530 1864 1598 prisco,

417 1629 555 1684 Hinc
595 1639 680 1684 tua
724 1628 813 1682 sed
848 1627 994 1682 cmlis
1025 1633 1126 1680 stat
1155 1627 1272 1680 sine
1303 1625 1418 1677 labe
1446 1623 1653 1676 domus.

337 1719 472 1789 Ipse
514 1720 590 1774 his
619 1729 811 1774 octono
855 1717 1030 1771 vixisti
1071 1717 1375 1785 incorpore
1403 1714 1589 1779 lustro,

415 1811 567 1868 Nunc
597 1811 689 1867 tibi
717 1825 811 1880 pro
833 1811 1034 1865 meritis
1062 1818 1162 1863 stet
1191 1817 1216 1856 ε
1249 1806 1364 1862 sine
1394 1807 1497 1863 line
1534 1807 1668 1862 dies.

945 1916 1170 1971 CAPUT
1220 1916 1308 1970 IX.

422 2008 757 2083 Epitaphium
784 2010 978 2083 Leontii
1011 2011 1036 2045 ιι
1057 2010 1289 2083 episwpi
1319 2009 1585 2062 anterioris
1624 2007 1838 2060 civitatis

923 2076 1338 2149 Burdcgalensis.

329 2167 655 2242 [Lemnium
711 2167 972 2242 seniorem
1003 2206 1018 2228 ,
1061 2166 1357 2242 _Bnrdigalm
1403 2165 1708 2242 episcopum
1737 2204 1752 2229 ,
1797 2162 1906 2242 jam

422 2239 529 2294 vita
559 2239 818 2300 iunctum,
852 2235 1028 2289 laudat
1060 2235 1160 2290 hoc
1187 2238 1440 2296 carmine,
1471 2236 1524 2288 in
1565 2249 1670 2302 quo
1706 2244 1760 2287 et
1801 2234 1910 2302 ple-

424 2309 509 2363 bis
552 2322 675 2378 erga
720 2305 992 2362 Leontium
1025 2320 1281 2378 amorem,
1323 2304 1668 2378 desiderium,
1714 2317 1911 2378 memo-

421 2381 579 2441 riam,
611 2371 711 2432 ulla
751 2389 872 2447 cum
899 2376 1122 2447 egregiis
1163 2376 1326 2444 ipsius
1374 2373 1576 2429 Leontii
1608 2371 1909 2437 virtutibus,

421 2444 803 2517 commendat.]

341 2533 558 2592 Ultima
585 2535 602 2573 ι
638 2551 756 2589 sors
782 2535 938 2588 avido
961 2535 1193 2604 graviter
1222 2539 1523 2605 pr0peravit
1553 2536 1715 2599 hiatu,

430 2625 701 2681 Pastorem
728 2623 962 2693 rapiens,
991 2625 1079 2692 qui
1113 2624 1209 2677 fuit
1234 2640 1378 2676 arma
1409 2627 1422 2673 t
1463 2626 1654 2693 gregis.

337 2715 471 2772 Hoc
491 2715 743 2771 recubant
769 2715 970 2769 tumulo
997 2713 1280 2769 venerandi
1312 2713 1551 2768 membra
1577 2712 1786 2780 Leonti,

427 2806 558 2874 Quo
574 2809 721 2862 stetit
746 2807 997 2862 eximium
1034 2807 1332 2874 pontiﬁcale
1360 2816 1540 2874 caput.

340 2898 525 2966 Quem
565 2898 712 2968 plebs
757 2906 946 2953 cuncta
985 2912 1204 2968 gemens
1241 2896 1462 2951 confusa
1513 2911 1640 2952 voce
1670 2897 1911 2965 requirit,

434 2989 564 3043 Iiinc
593 3003 742 3057 puer,
775 2987 898 3042 hinc
926 2989 1136 3057 juvenis
1162 2985 1340 3053 deﬂet,
1370 2997 1421 3040 et
1448 2986 1570 3041 inde
1598 3001 1774 3043 senes.

346 3071 663 3134 Defensoris
681 3091 836 3147 opem
865 3077 952 3131 hic
977 3077 1147 3131 omnis
1186 3076 1411 3145 perdidit
1440 3085 1590 3142 aetas,

438 3165 501 3219 Et
526 3174 775 3234 quantum
806 3163 991 3230 coluit,
1020 3178 1158 3223 nunc
1192 3163 1532 3232 lacrymando
1555 3154 1736 3218 docet;

347 3255 528 3310 Nemo
553 3255 688 3322 valet
716 3256 869 3311 siccis
894 3255 1060 3310 oculis
1098 3270 1392 3310 memorare
1415 3258 1702 3324 sepultum,

435 3347 533 3414 Qui
575 3355 766 3408 tamen.
797 3349 848 3402 in
879 3347 1071 3416 pepqu
1101 3347 1226 3400 vivit
1247 3360 1434 3402 amore
1460 3347 1566 3418 pio.

352 3439 639 3509 Egregius
664 3435 793 3493 nulli
832 3438 902 3493 de
945 3439 1222 3493 nobilitate
1249 3439 1533 3503 secundus,

451 3530 677 3585 Moribus
698 3529 960 3583 excellens
984 3531 1211 3583 culmine
1253 3531 1449 3596 primus
1477 3538 1607 3583 erat.

435 3647 468 3720 of
500 3633 632 3692 Co‘d.
663 3636 811 3691 Unus
857 3635 998 3701 Vat.,
1028 3643 1081 3690 et
1105 3611 1239 3689 Ven.
1273 3633 1436 3698 Edit.,
1464 3635 1550 3701 qui
1575 3633 1643 3686 ad
1675 3641 1766 3686 tua
1796 3643 1922 3688 tecta

435 3709 488 3758 .L

359 3709 475 3814 [mh
510 3773 722 3842 Videtur
746 3776 830 3829 hic
853 3775 1088 3831 indicare
1120 3774 1441 3829 Furtunatns
1462 3774 1920 3829 Petrocoricenses

365 3847 523 3901 cives
546 3847 599 3899 in
619 3844 792 3914 aliqua
821 3845 940 3898 belli
971 3845 1260 3898 oil‘ensione
1289 3855 1342 3898 et
1365 3844 1922 3914 calaniitatecaptivos

361 3913 1003 3976 abhostibusadductos,
1053 3929 1144 3982 per
1186 3914 1544 3982 Cbrnnopium
1593 3913 1914 3980 redemptos,
1997 3926 2002 3931 '

363 3987 643 4052 ac’patrias
675 3996 783 4037 sute
807 3983 1038 4035 redditos
1056 3981 1245 4052 fuisse.
1262 3982 1329 4052 ild
1358 3981 1831 4052 refertbrovverus
1854 3984 1918 4033 ad

361 4048 666 4109 Gothorum
722 4054 1040 4117 irruptiones
1083 4051 1135 4103 in
1179 4048 1406 4113 Gallias,
1453 4049 1542 4116 qui
1584 4048 1918 4116 Aquitaniam

363 4123 649 4190 vicinaque
675 4122 789 4174 loca
826 4120 1191 4188 depraedantes
1237 4120 1537 4190 vexabant.‘
1569 4120 1742 4190 Atque
1789 4134 1919 4172 sen-

364 4188 594 4246 tentiam
616 4205 763 4244 suam
795 4192 1070 4244 conlirmat
1103 4191 1406 4245 testimonio
1443 4188 1644 4242 Sidonii
1689 4190 1778 4244 lib.
1823 4204 1917 4256 vu,

363 4261 534 4328 epist.
575 4261 630 4324 6,
663 4261 748 4313 ubi
779 4259 913 4314 inter
943 4270 1161 4314 caeteras
1192 4261 1368 4325 urbes,
1388 4273 1416 4312 a
1449 4258 1636 4313 Gothis
1676 4260 1918 4325 al’ilictas,

370 4333 744 4385 Petrocorium
775 4345 984 4396 quoque
1012 4339 1267 4382 recenset.

453 4408 476 4438 °
513 4399 651 4454 Edit.
687 4398 842 4461 Ven.,
869 4414 1013 4462 quem
1041 4397 1211 4461 lupus.

450 4467 476 4506 ά
501 4468 654 4532 lbid.,
669 4529 672 4534 ‘
687 4470 926 4533 pendente
953 4469 1151 4531 rapina.

454 4546 478 4614 ξ
504 4537 655 4614 [ρὶἀη
685 4546 730 4588 te
755 4545 954 4614 pastore
980 4538 1162 4614 gregis.

459 4595 854 4671 ‘Chro'nopius,
897 4614 957 4657 ut
980 4595 1192 4670 'legitur
1217 4605 1355 4672 apud
1409 4595 1672 4661 Cointium
1723 4607 1786 4660 ad
1828 4624 1914 4662 an.

369 4674 506 4739 530,
531 4674 796 4728 basilicam
825 4675 990 4727 saucii
1023 4674 1299 4727 Frontonis
1323 4676 1565 4739 absolvit,
1591 4692 1650 4730 ac
1667 4676 1780 4741 ejus
1801 4693 1918 4732 cor-

374 4759 481 4812 pus
503 4760 564 4797 ex
585 4755 761 4798 vetere
785 4743 998 4796 aedicula
1022 4744 1281 4795 transtulit
1306 4747 1354 4796 iu
1377 4747 1545 4799 lucum
1571 4747 1915 4801 ornatiorem.

373 4815 514 4880 Quae
538 4815 807 4868 translatio
833 4813 1129 4868 ctrlebratur
1160 4813 1323 4879 pridie
1366 4813 1483 4867 ldus
1510 4814 1790 4869 Octobres.
1821 4816 1917 4871 Hic

372 4895 557 4937 tamen
604 4893 779 4936 exusta
826 4882 1041 4947 templa,
1093 4899 1208 4950 qua:
1258 4894 1502 4937 renovata
1553 4900 1580 4938 a
1623 4887 1922 4951 Clironopio

450 4954 521 5004 nit
551 4952 878 5022 Fortunatus,
911 4954 1150 5005 videntur
1179 4953 1412 5006 iudicare
1443 4955 1686 5008 hostilem
1718 4955 1915 5022 ignem,

363 5016 574 5090 {lanea
598 5016 782 5090 Gothis
811 5023 972 5072 sacris
992 5021 1231 5075 delubris
1271 5022 1540 5090 injecmm.

397 5099 484 5158 Iit!
517 5089 649 5144 Edit.
687 5088 815 5151 Ver;
846 5100 899 5142 et
931 5091 1034 5141 duo
1059 5093 1223 5144 Codd.
1263 5088 1396 5152 Vat,
1430 5103 1499 5145 est
1527 5094 1634 5144 sine
1663 5092 1778 5158 ﬁne.

418 5228 430 5237 _
467 5156 790 5237 {Leontius
821 5158 886 5211 de
911 5174 1013 5237 quo
1043 5161 1122 5212 hic
1153 5161 1486 5237 Fortunatus,
1513 5156 1718 5231 Leontii
1752 5161 1926 5227 junio-

379 5228 462 5293 ris
477 5234 554 5299 '{te
579 5244 681 5296 quo
709 5243 867 5299 supra
891 5227 1102 5293 saepius,
1128 5239 1178 5281 et
1209 5234 1260 5283 in
1289 5246 1400 5297 seq.
1428 5234 1658 5282 carmine
1681 5227 1780 5282 erit
1807 5248 1922 5285 ser-

381 5297 1005 5370 rrtp,"grdecessor__iuit,[ut
1047 5300 1548 5370 ostenditrtiointius
1577 5299 1639 5350 ad
1680 5315 1766 5360 an.
1797 5299 1922 5370 5M,

348 5387 360 5394 -
385 5360 456 5417 tt?
482 5366 548 5420 58
569 5376 617 5419 et
639 5383 750 5436 ειη.
778 5360 911 5420 lium
929 5361 1115 5420 cnncil.
1151 5369 1506 5419 Aurelianensi
1531 5385 1578 5421 tv
1603 5360 1922 5436 interfuisse,

379 5448 453 5508 ac
479 5435 868 5508 subscripsisse,
895 5437 1380 5508 quodicelebratnm
1405 5447 1487 5488 est
1509 5454 1594 5489 an.
1628 5438 1754 5502 5H,
1782 5443 1928 5492 evin-

379 5504 526 5558 citur
548 5504 728 5557 eudem
752 5510 801 5557 in
823 5513 936 5559 loco
957 5521 984 5558 a
1016 5506 1240 5559 Cointto.
1271 5507 1546 5561 Browerus
1572 5510 1759 5560 asserit
1789 5509 1928 5562 hunc

379 5573 550 5627 fuisse
577 5573 849 5628 Leontium
896 5577 961 5628 ad
989 5592 1142 5642 quem
1191 5572 1369 5629 scribit
1421 5574 1667 5629 Sidonius
1709 5578 1860 5643 epist.
1895 5580 1928 5631 5

382 5645 480 5698 lib.
523 5657 593 5704 vt,
647 5651 700 5697 et
745 5645 809 5696 de
848 5660 951 5713 quo
989 5648 1214 5711 loquitur
1261 5647 1416 5712 e'pist.
1451 5647 1635 5699 ὁτιή).
1677 5660 1790 5709 vn;
1837 5647 1928 5701 sed

384 5727 571 5767 errore
600 5713 816 5775 fallitur,
853 5728 971 5766 cum
1015 5715 1102 5767 ille
1146 5715 1208 5767 ad
1253 5731 1406 5783 quem
1437 5717 1697 5772 {Sidonius
1748 5717 1932 5770 seribit

295 5807 298 5810 ~
387 5785 533 5836 esset
577 5785 918 5867 Argatensis,
949 5795 1052 5838 non
1083 5783 1484 5853 Burdegalensts
1526 5787 1823 5853 episcopus,
1872 5797 1930 5840 ut

1528 327 2019 394 MISCELLANEA.
2046 330 2105 369 έ-
2123 328 2250 383 LIB.
2290 326 2353 382 ιν

1713 433 1717 439 ’
1921 447 1968 507 Α
1994 439 2087 495 Hic
2115 439 2307 510 pietate
2336 451 2470 492 nova
2490 437 2692 491 cunctis
2719 433 2889 489 minor
2914 446 3034 487 esse
3059 431 3289 494 volebat,

3452 318 3547 379 16?

2063 530 2166 586 Sed
2211 529 2376 600 magis
2407 528 2489 583 his
2519 528 2722 584 meritis
2753 538 2805 582 et
2833 526 2934 581 sibi
2966 524 3132 593 major
3161 532 3299 579 erat.

1994 624 2106 691 Quo
2147 634 2403 691 prasente
2434 622 2574 688 viro,
2607 619 2804 684 meruit,
2836 617 3097 672 discordia
3128 630 3332 684 pacem,

2068 717 2294 786 Expulsa
2321 715 2488 781 rabie,
2513 714 2673 770 corda
2706 711 2898 783 ligabat
2923 725 3090 764 amor.

2000 809 2254 863 Ecclesia:
2295 793 2459 860 totum
2491 804 2752 859 concessit
2793 803 2844 856 in
2871 800 3059 855 ordine
3103 811 3342 865 censum,

2069 899 2132 952 Et
2157 899 2338 952 tribuit
2367 896 2597 959 Christo,
2627 893 2767 964 quod
2813 892 2910 946 fuit
2939 900 3060 946 ante
3088 905 3261 946 suum.

2001 989 2076 1044 Ad
2108 1003 2264 1056 quem
2298 1003 2495 1056 pauper
2529 1001 2707 1055 opem,
2742 984 2967 1054 pretium
3004 983 3244 1050 captivus
3277 980 3520 1047 habebat,

2075 1079 2183 1132 Hoc
2231 1077 2500 1146 proprium
2529 1073 2949 1151 reputanslquod
2979 1073 3219 1139 capiebat
3245 1085 3428 1141 egens.

2000 1167 2168 1236 Cujus
2191 1167 2258 1223 de
2289 1168 2444 1222 terris
2471 1167 2713 1236 migravit
2742 1166 2806 1218 ad
2832 1173 2975 1218 astra
3005 1165 3241 1227 facultas,

2082 1259 2174 1334 Et.
2187 1260 2300 1328 plus
2331 1260 2430 1314 iste
2459 1259 2568 1313 Deo
2601 1273 2755 1328 quam
2781 1257 2880 1311 sibi
2908 1256 3037 1310 vixit
3069 1257 3245 1309 homo.

2002 1348 2188 1404 Cordis
2219 1349 2270 1403 in
2297 1349 2544 1417 amplexu
2580 1347 2833 1422 retinens,
2876 1355 2928 1400 et
2958 1356 3171 1414 pectore
3203 1345 3433 1416 plebem,

2081 1442 2291 1495 Diceret
2317 1451 2375 1494 ut
2406 1439 2654 1509 populum
2683 1427 2741 1492 se
2767 1451 3047 1514 generasse
3073 1446 3300 1506 patrem.

2009 1533 2242 1600 Namque
2271 1546 2396 1586 suos
2417 1531 2564 1585 cives
2591 1529 2789 1598 placida
2819 1530 2896 1582 sic
2922 1543 3048 1583 voce
3074 1530 3348 1595 monebat,

2073 1622 2412 1678 Conlitereris
2441 1619 2465 1656 ¹ι
2502 1628 2560 1673 ut
2588 1619 2728 1672 hunc
2760 1618 2824 1672 ad
2854 1633 2948 1672 sua
2980 1619 3219 1677 membra
3255 1619 3415 1685 loqui.

2010 1715 2223 1786 Ingenio
2253 1713 2501 1784 vigilans,
2543 1713 2694 1767 dives
2719 1725 2927 1779 quoque
2951 1709 3196 1780 dogmate
3225 1708 3442 1774 Christi,

1938 1793 1984 1853 Β
2084 1812 2146 1866 Et
2178 1810 2374 1866 meruit
2401 1807 2575 1863 studio
2615 1804 2970 1874 multiplicare
2999 1805 3236 1873 gradum.

2008 1901 2229 1971 Largior
2255 1900 2306 1955 in
2332 1899 2486 1955 donis
2511 1897 2701 1952 absens
2723 1897 2824 1950 sibi
2859 1895 3036 1965 junxit
3063 1902 3301 1950 amantes

2087 1994 2151 2048 Et
2191 2008 2295 2059 quo
2326 2007 2430 2045 non
2459 1991 2648 2054 fuerat,
2679 2001 2897 2042 munere
2926 1995 3082 2040 notus
3109 1991 3262 2039 erat:

1977 2155 1981 2160 .
2011 2082 2339 2151 Principibus
2367 2081 2579 2145 cbarus,
2610 2077 2872 2147 bujusque
2899 2090 3048 2129 amor
3077 2075 3260 2130 unicus
3291 2073 3459 2142 urbis,

2082 2172 2357 2226 Festinans
2386 2168 2595 2234 animis,
2641 2165 2889 2219 omnibus
2927 2178 3045 2218 esse
3077 2177 3287 2231 parens.

2014 2266 2198 2320 Lustra
2217 2263 2399 2318 decem
2423 2261 2648 2329 pollens,
2661 2265 2865 2327 septem
2878 2269 3090 2325 quoque
3112 2253 3243 2308 vixit
3264 2252 3317 2306 in
3335 2263 3502 2306 annos
3523 2247 3569 2322 ι,

2084 2355 2201 2408 Mox
2227 2361 2447 2423 urgente
2474 2351 2580 2416 die,
2608 2341 2790 2418 raptus
2817 2347 2882 2402 ab
2909 2345 3040 2401 urbe
3070 2343 3184 2400 fuit.

2014 2447 2117 2505 Sed
2149 2447 2267 2514 quis
2296 2452 2484 2500 cuncta
2511 2448 2686 2506 canat,
2722 2455 2840 2496 cum
2873 2449 2949 2496 tot
2977 2439 3112 2494 bona
3143 2439 3288 2494 solus
3313 2437 3574 2494 habebat?

2082 2541 2230 2594 Nunc
2252 2555 2358 2595 uno
2389 2540 2440 2593 in
2472 2537 2675 2592 tumulo
2704 2536 2937 2605 plurima
2987 2541 3105 2589 vota
3134 2532 3332 2602 jaceat.

2017 2633 2142 2688 Ilaec
2176 2631 2268 2685 tibi
2299 2645 2456 2699 parva
2489 2625 2666 2692 nimis,
2699 2639 2819 2680 cum
2847 2635 2900 2679 tu
2930 2625 3185 2680 merearis
3215 2625 3406 2694 opima,

2084 2721 2327 2776 Carmina
2353 2716 2687 2774 Theodosius
2713 2723 2750 2752 ω
2779 2714 2977 2784 praebet
2999 2728 3178 2768 amore
3205 2720 3347 2768 tuus.

2623 2847 2848 2904 CAPUT
2889 2848 2956 2902 Χ.
3005 2905 3012 2912 ,

2022 2960 2353 3032 Epitaphium
2409 2961 2606 3015 Leontii
2654 2968 2683 2996 ιι
2711 2957 2982 3081 [sequentis
3043 2956 3255 3010 civitatis
3309 2955 3579 3026 θαι-ἀθρα-

2732 3045 2916 3081 ensis».

2732 3045 2916 3084 ensis».

1939 3149 1986 3210 ε
2017 3119 2258 3210 [Leontii
2289 3121 2536 3210 junioris,
2572 3117 3230 3210 Burdigalensis_aiitistis,
3273 3115 3428 3210 iunius
3450 3129 3580 3210 pro-

2091 3186 2328 3260 sequitur
2358 3190 2463 3260 hoc
2503 3186 2787 3260 carmine;
2823 3186 3046 3255 ejusque
3075 3201 3199 3241 cum
3229 3187 3577 3260 nobilitatem,

2099 3255 2206 3314 tum
2227 3259 2393 3400 lanillni
2417 3258 2668 3323 virtutes,
2692 3269 2747 3313 et
2776 3258 2826 3312 in
2860 3270 3114 3326 pauperes
3145 3255 3582 3332 muniﬁcentiam,

2095 3339 2220 3386 exto
2269 3339 2322 3385 tt.

2026 3443 2188 3500 Omne
2220 3443 2413 3498 bonum
2439 3443 2615 3507 velox,
2651 3442 2969 3510 fugitivaque
2997 3439 3186 3509 gaudia
3211 3439 3421 3504 mundi,

2097 3533 2424 3599 Prosperitas
2462 3531 2731 3584 hominum
2763 3545 2919 3598 quam
2951 3529 3058 3582 cito
3084 3537 3236 3596 rapta
3265 3529 3407 3583 volat
3439 3547 3452 3583 :

2023 3645 2251 3699 ostendit
2279 3642 2517 3697 Cointius
2551 3643 2612 3695 ad
2657 3656 2745 3695 an.
2777 3642 2902 3708 5M,
2935 3651 2988 3696 et
3011 3641 3333 3697 Sirmondus
3362 3641 3414 3696 in
3441 3640 3581 3696 notis

2024 3716 2086 3768 ad
2119 3717 2273 3782 epist.
2301 3712 2332 3764 ὅ
2365 3714 2457 3767 lib.
2501 3727 2548 3766 vt
2577 3712 2801 3767 Sidonii.
3352 3755 3370 3782 _.

2109 3787 2120 3822 ¹
2156 3779 2379 3838 Carmen
2445 3782 2579 3852 hoc,
2611 3793 2662 3836 et
2714 3784 2819 3836 duo
2860 3797 3078 3852 conseq.
3119 3782 3308 3838 desunt
3349 3779 3401 3836 in
3447 3779 3580 3835 Ven.

2029 3855 2168 3908 Fdit.
2199 3853 2326 3907 Item
2351 3853 2541 3906 desunt
2570 3851 2623 3904 in
2657 3866 2762 3906 uno
2786 3853 2919 3905 Cod.
2953 3851 3068 3906 Vat.

2098 3925 2112 3972 i
2155 3925 2206 3974 lu
2237 3936 2340 3974 uno
2368 3921 2498 3973 Cod.
2529 3918 2646 3972 Vat.
2675 3934 2795 3971 arca
2824 3921 3019 3987 gregis.

2095 3992 2116 4027 ¹ί
2149 3991 2282 4044 Edit.
2319 3989 2508 4052 Paris.,
2538 3989 2805 4040 testareris.

2101 4059 2117 4098 ι
2162 4061 2215 4112 In
2254 4076 2358 4113 uno
2376 4058 2506 4111 Cod.
2533 4056 2674 4122 Vah,
2702 4058 2821 4111 vixit
2844 4059 2895 4111 in
2920 4061 3090 4112 annis.

2097 4140 2134 4167 ω
2170 4131 2383 4183 Videtur
2423 4128 2740 4182 Fortunatus
2771 4144 2872 4181 non
2903 4141 2996 4180 suo
3023 4128 3236 4184 nomine
3270 4127 3369 4180 hoc
3392 4142 3577 4197 poema

2025 4203 2320 4268 scripsisse,
2351 4198 2442 4252 sed
2472 4198 2710 4263 alterius,
2735 4199 2822 4266 qui
2851 4197 3177 4251 Theodosius
3198 4200 3574 4266 appellare'ur,

2026 4267 2147 4325 cum,
2173 4270 2384 4323 aliunde
2415 4285 2516 4320 non
2561 4278 2764 4321 constet
2817 4268 2867 4319 id
2919 4267 3146 4322 nominis
3174 4268 3424 4323 habuisse
3452 4271 3578 4324 νον-

2027 4351 2286 4406 tunatum,
2321 4339 2610 4406 praesertim
2659 4352 2776 4390 cum
2822 4337 2906 4390 hic
2934 4337 3184 4390 Leontius
3235 4353 3300 4392 ne
3353 4340 3421 4392 de
3453 4339 3583 4392 facie

2025 4410 2231 4478 quidem
2265 4420 2416 4460 notus
2445 4423 2563 4478 esse
2613 4408 2900 4478 Fortunato
2948 4408 3196 4478 potuerit,
3247 4419 3369 4461 ante
3411 4418 3582 4462 morte

1954 4494 2000 4554 ι)
2026 4473 2313 4554 exstinctus
2342 4493 2497 4554 quam
2545 4477 2586 4527 is
2627 4478 2840 4554 veniret
2870 4475 2920 4526 in
2970 4473 3185 4554 Callias,
3237 4490 3357 4554 cum
3383 4486 3576 4554 tamen

2031 4550 2150 4601 huic
2191 4547 2490 4600 Theodosio
2543 4557 2722 4598 nonum
2769 4543 2932 4598 fuisse
2973 4544 3247 4598 Leontium
3279 4546 3579 4600 subindicet

2026 4618 2110 4672 hic
2139 4631 2322 4668 versus
2348 4632 2359 4666 :

2145 4686 2354 4733 Carmina
2373 4684 2670 4733 Theodosius
2696 4683 2898 4744 praebet,
2918 4695 3082 4732 amore
3107 4689 3232 4733 tuus.
3288 4708 3296 4715 -

2026 4747 2153 4799 Vide
2199 4745 2592 4814 qum_diximus
2643 4763 2789 4798 nntn.
2826 4746 2842 4795 ι
2885 4746 3012 4798 Vitas
3066 4745 3358 4798 Fortunati.
3413 4745 3576 4814 Ρωτο

2027 4813 2229 4870 Leontii
2280 4813 2468 4869 festum
2519 4816 2707 4869 colitur
2735 4816 2870 4882 apud
2923 4814 3340 4882 Burdegaleuses
3372 4830 3442 4868 xu
3472 4813 3576 4867 Ka-

2027 4886 2207 4938 lendas
2239 4885 2592 4952 Septembris.

2096 4963 2121 4990 ιι
2166 4955 2237 5006 De
2280 4957 2376 5006 hoc
2407 4955 2624 5006 Leontio
2680 4954 2826 5020 plura
2874 4952 3124 5016 diximus,
3151 4968 3271 5020 cap.
3305 4953 3391 5017 15,
3423 4953 3511 5005 lib.
3540 4968 3579 5019 t,

2026 5041 2141 5094 quin
2166 5024 2303 5076 vide.
2326 5023 2547 5085 Mortem
2573 5023 2774 5076 Leontii
2807 5023 2968 5094 refert
2995 5023 3234 5076 Cointius
3256 5025 3319 5075 ad
3338 5037 3425 5076 an.
3451 5021 3577 5086 567,

2031 5091 2129 5148 hoc
2152 5094 2340 5146 ductus
2372 5103 2658 5156 momento,
2689 5091 2827 5158 quod
2857 5093 2899 5146 is
2929 5107 3096 5146 annos
3125 5093 3234 5146 fere
3253 5099 3405 5144 natus
3435 5101 3582 5145 octo-

2027 5165 2196 5217 decim
2234 5161 2502 5228 prufectus
2530 5161 2598 5216 sit
2625 5161 2688 5212 ad
2722 5161 2912 5214 bellum
2961 5161 3328 5228 Hispaniense.
3359 5161 3580 5216 iuvenis

2027 5233 2220 5301 quippe
2248 5241 2380 5301 erat,
2425 5248 2486 5285 ac
2529 5244 2625 5301 nec
2651 5231 2773 5282 dum
2807 5245 3026 5301 uxorem
3053 5230 3295 5301 duxerat1
3327 5230 3456 5284 Illud
3491 5245 3585 5281 au-

2030 5299 2134 5354 tem
2166 5300 2360 5353 bellum
2390 5299 2724 5354 referendum
2763 5308 2844 5353 est
2879 5299 2942 5352 ad
2989 5313 3073 5352 an.
3104 5299 3229 5352 551.
3261 5299 3392 5354 Cum
3427 5301 3583 5367 igitur

2029 5372 2072 5424 is
2093 5386 2155 5425 ex
2183 5371 2479 5424 testimonio
2507 5369 2775 5422 Fortunati
2805 5369 2990 5422 vixerit
3018 5383 3183 5422 annos
3214 5385 3319 5436 Ltv,
3342 5369 3580 5437 ejusdem

2031 5442 2204 5492 obitus
2229 5442 2279 5490 iit
2309 5455 2394 5492 an.
2444 5439 2543 5492 567
2592 5439 2827 5492 incurrit.
2873 5437 2991 5490 Haec
3036 5439 3295 5492 Cointius.
3348 5440 3580 5490 Praeerat

2031 5508 2278 5562 Leontius
2306 5510 2553 5566 Ecclesia:
2599 5507 2955 5574 Burdigalensi
2981 5510 3046 5560 ad
3071 5525 3159 5561 an.
3202 5506 3323 5570 5w,
3351 5522 3455 5571 quo
3488 5521 3581 5574 per

2032 5579 2609 5646 legatumisubscripsit
2657 5577 2861 5645 synodo
2914 5576 3271 5642 Aurelianensi
3305 5592 3353 5640 v,
3404 5585 3457 5646 et
3488 5591 3579 5645 sy-

2035 5645 2172 5728 nodo
2202 5645 2522 5728 salllmiellsi
2555 5647 2894 5728 prteiuit.sub
2914 5646 3224 5728 Cha-ribellto
3252 5661 3373 5728 rege
3399 5645 3462 5699 ad
3493 5660 3580 5728 an:

2034 5715 2160 5778 502,
2191 5728 2244 5768 ut
2301 5727 2445 5782 putat
2485 5711 2742 5771 Cointius.
2787 5714 2984 5768 Colitur
3027 5715 3111 5770 hic
3157 5711 3408 5770 Leontius
3445 5711 3583 5782 apud

2038 5785 2440 5854 Burdigalenses
2468 5803 2570 5840 xvn
2598 5783 2817 5840 Kalend.
2845 5783 2968 5838 Dec.
