3952 6222
155 340 246 398 165

207 541 621 608 Commissaque
641 535 828 589 domus
855 548 1096 588 crescere
1126 532 1243 587 fecit
1279 545 1423 599 opes.

150 635 427 705 Presbyter
456 631 576 686 inde
606 644 758 684 sacer
785 629 979 682 mansit
1003 626 1318 681 venerabilis
1347 623 1460 677 orbi
1484 633 1530 675 ιι.

210 727 544 795 Servilioque
569 723 680 784 Dei,
714 721 879 776 libera
902 719 1005 772 vita
1031 716 1148 771 fuit.

150 819 424 890 Orphanns
446 817 529 870 hic
558 824 782 884 patrem,
815 811 981 866 viduae
1009 809 1198 865 solatia
1228 807 1440 872 deflent,

219 909 370 965 clude
402 906 564 973 magis
593 905 740 970 caelis
764 903 953 973 gaudia
983 916 1105 956 vera
1140 910 1300 956 tenet.

151 1001 454 1054 Pontiticem
485 995 509 1035 δ
539 998 770 1068 genitum
820 995 961 1050 videt
993 995 1114 1064 hinc
1151 994 1216 1048 de
1245 1005 1463 1046 munere
1491 990 1708 1058 Christi,

217 1089 418 1158 Raptus
447 1087 514 1143 ab
543 1086 672 1142 orbe
695 1085 926 1156 quidem,
959 1084 1111 1139 laetus
1139 1083 1203 1137 ad
1229 1092 1368 1138 astra
1395 1080 1549 1136 redit.

738 1197 959 1253 CAPUT
988 1196 1122 1251 XIV.

577 1290 900 1363 Epitaphium
931 1300 952 1327 ε
981 1287 1216 1342 Prwsidii
1243 1285 1288 1338 ἀ.

159 1403 492 1479 [Praesidium
519 1402 785 1479 abbatem,
816 1401 899 1479 ob
909 1399 1165 1479 doctrinae
1197 1395 1636 1479 sanctitaten't,net
1663 1394 1713 1449 in

1307 323 1811 384 MISCELLANEA.
1855 351 1926 365 —-
1966 321 2090 376 LIB.
2134 317 2190 373 IV

151 468 254 524 ιρεθ
278 447 568 504 Palatinam
601 443 736 498 rexit
763 439 1085 496 moderatius
1117 441 1316 505 aulam,
1740 440 1801 494 Α,

3276 310 3377 370 166

2400 444 2624 502 CAPUT
2657 445 2796 500 XVI.

2327 583 2660 653 Epitaphium
2690 582 2864 635 Attici.
2961 595 2964 600 '

1813 721 2024 795 [Attici,‘
2048 719 2266 795 qui_jam
2313 717 2462 795 senio
2490 716 2766 795 confectus
2792 715 3035 795 obierat,
3072 716 3227 770 funus
3256 730 3381 795 pro-

1883 786 2117 862 sequitur
2145 790 2242 844 bnc
2266 787 2601 862 carntine,_et
2625 787 2741 856 ejus
2770 786 3127 855 eloquentiam
3148 788 3382 862 prodeo:

1886 857 2117 929 tiainque
2139 901 2153 923 ,
2186 858 2486 914 tota'Gallia
2515 859 2771 929 illustrem
2792 898 2804 917 ,
2841 866 2952 929 tum
2981 857 3190 929 generis
3229 857 3381 912 uobi-

1886 927 2104 996 litatem,
2131 929 2445 995 doctrinam,
2469 928 2800 1001 sapientiam,
2827 927 3104 1001 pietatem,
3123 927 3176 1001 in
3193 941 3374 984 sacras

1883 1005 2026 1058 aedes
2055 1010 2107 1059 et
2135 1015 2395 1071 pauperes
2423 999 2861 1061 muniﬁcentiam,
2893 997 3118 1053 extollit.
3124 997 3142 1070 j

1816 1111 2068 1181 Quamvis
2103 1112 2255 1180 longa
2284 1109 2399 1164 seni
2443 1108 2663 1164 ducatur
2693 1109 2744 1163 in
2775 1108 2961 1164 ordine
2991 1109 3096 1163 vita
3120 1148 3138 1177 ,

1886 1203 2014 1258 Cum
2041 1203 2181 1259 venit
2207 1208 2508 1258 extremum
2530 1241 2545 1266 ,
2579 1200 2653 1255 nil
2682 1201 2822 1256 valet
2847 1214 2964 1257 esse
2991 1201 3100 1257 diu.

1819 1296 1925 1354 Sed
1958 1299 2080 1369 quia
2109 1312 2265 1353 nemo
2302 1296 2472 1368 fugit,
2507 1296 2604 1352 nisi
2634 1305 2826 1352 terram
2853 1303 2993 1352 terra
3025 1294 3318 1365 recondat,

1893 1391 2032 1460 Lege
2059 1391 2158 1447 sub
2188 1390 2287 1445 hac
2311 1429 2326 1451 .
2355 1399 2575 1445 cunctos
2604 1403 2721 1444 sors
2759 1389 2893 1457 rapit
2917 1403 3017 1444 una
3045 1381 3204 1446 viros.

218 1489 382 1558 grege
421 1489 516 1558 suo
561 1464 791 1526 curando
830 1470 1152 1558 diligentiam
1202 1482 1262 1523 ac
1306 1464 1714 1540 sollicitudinem

1867 1483 2009 1542 elsus
2041 1483 2094 1537 in
2124 1484 2224 1537 hoc
2268 1481 2449 1536 humili
2482 1481 2684 1536 tumqu
2724 1481 2866 1551 jacet
2898 1483 3100 1539 Atticus
3130 1481 3248 1549 ille.

217 1543 341 1614 Ῑαῐιῐ
362 1552 626 1598 mortuum
649 1543 999 1596 commendat.

161 1656 265 1712 Vita
304 1655 480 1711 brevis
503 1656 799 1719 hominum,
829 1655 920 1707 sed
951 1658 1053 1708 non
1081 1653 1254 1707 brevis
1276 1654 1361 1707 illa
1390 1653 1619 1722 piorum,

221 1749 354 1804 Dum
388 1751 644 1818 migrante
672 1748 758 1801 die
783 1746 1112 1815 prosperiora
1135 1755 1333 1802 tenent.

157 1840 247 1908 Qui
277 1855 525 1897 meruere
549 1840 712 1911 magis
738 1841 804 1895 de
829 1846 1043 1895 carcere
1071 1838 1246 1893 carnis
1267 1845 1474 1904 euntes,

221 1934 348 1990 Post
380 1935 623 1990 tenebras
655 1933 852 1997 mundi,
886 1932 1000 1998 luta:
1029 1929 1414 2001 perenne‘frni.

157 2026 228 2084 Ex
253 2028 447 2097 quibus
470 2028 552 2083 hic
576 2028 836 2084 recubans
861 2025 1060 2081 meritis
1091 2023 1375 2079 Prtesidius
1399 2021 1572 2087 almis,

219 2116 395 2172 Carne
419 2127 557 2172 tenet
586 2119 861 2181 tumulum,
894 2117 1112 2184 spiritus
1145 2124 1168 2150 θ
1199 2115 1318 2185 igne
1349 2113 1549 2181 polum.

161 2205 373 2261 Pectore
395 2206 463 2261 de
494 2207 706 2275 proprio
737 2205 930 2260 Christi
959 2217 1211 2274 reSponsa
1242 2202 1480 2272 rigando,

224 2300 502 2355 Mullorum
533 2298 785 2354 exstinxit
815 2297 960 2372 fonte
1007 2284 1209 2368 lluente‘
1233 2292 1399 2348 sitim.

165 2391 388 2447 lnvitans
421 2390 676 2447 instanter
701 2405 831 2446 oves
861 2389 926 2443 ad
969 2401 1159 2457 pascua
1190 2384 1368 2455 Regis,

229 2483 729 2538 Distribuit'duleem
765 2480 1009 2535 fratribus
1036 2493 1130 2533 ore
1161 2477 1350 2532 salem.
1614 2535 1619 2541 ,

157 2569 285 2629 Nam
309 2573 516 2640 quoties
549 2572 837 2625 monachus
868 2571 1068 2639 peccati
1100 2577 1182 2626 est
1210 2569 1428 2624 vulnere
1461 2568 1614 2634 fixus,

205 2663 418 2720 Missus
444 2662 506 2716 ad
547 2661 804 2716 artiﬁcem
837 2659 857 2699 ῐ
889 2668 1034 2714 certa
1059 2659 1262 2714 medela
1292 2649 1408 2712 fuit.

174 2753 273 2809 Ibat
294 2753 357 2807 ad
381 2753 626 2808 abbatem
657 2751 935 2817 famulans,
970 2749 1314 2820 sanctumque
1336 2746 1665 2819 magistrum,

239 2845 535 2916 Discipulos
560 2843 790 2910 humilis,
815 2845 904 2914 qui
929 2841 1028 2896 fuit
1057 2851 1178 2896 ante
1206 2849 1433 2897 tumens.

177 2937 382 2994 Talibus
409 2939 598 2994 ofﬁciis
623 2938 853 2992 intentus
878 2950 1059 2990 amore
1087 2934 1364 3000 Tonantis,

241 3030 377 3086 Inter
401 3039 456 3086 et
483 3028 762 3110 Angelicos
794 3037 819 3076 ε
849 3027 1011 3097 fulget
1042 3027 1242 3082 honore
1270 3026 1484 3082 choros.

730 3219 741 3230 ,
775 3159 994 3216 CAPUT
1017 3159 1129 3215 XV.

530 3251 860 3320 Epitaphium
889 3249 1131 3318 Boholcni
1157 3250 1376 3303 diaconi.

176 3364 516 3439 [Bobnlennm
544 3363 1188 3439 diaconum,dum_somno
1207 3361 1461 3439 indulget,
1487 3375 1516 3414 a
1539 3343 1733 3439 sicario

327 3439 431 3492 ictu
456 3436 660 3491 securis
689 3436 942 3499 occisum,
969 3434 1126 3489 deflet
1157 3433 1254 3488 hoc
1282 3429 1560 3502 carmine.)

179 3547 467 3604 lnnumeris
491 3546 761 3604 hominum
789 3545 1024 3614 subjecta
1047 3553 1128 3599 est
1152 3544 1255 3598 vita
1288 3542 1519 3612 periclis,

244 3639 465 3693 Casibus
493 3647 546 3689 et
575 3635 734 3688 variis
759 3647 876 3687 sors
897 3632 1110 3686 inimica
1139 3629 1348 3700 premit.

180 3728 302 3784 Nam
327 3725 630 3782 recubando
653 3726 806 3778 thoro
838 3722 1134 3778 Bobolenus
1167 3719 1190 3758 δ
1227 3722 1428 3775 honore
1458 3718 1696 3784 diaconi,

246 3818 376 3872 Dum
409 3817 597 3871 fruitur
615 3829 824 3882 somno,
855 3829 997 3869 mors
1029 3814 1161 3883 rapit
1189 3821 1297 3867 atra
1330 3813 1519 3866 virum.

182 3906 352 3962 Hostis
380 3907 436 3961 in
467 3906 672 3962 insidiis
701 3921 908 3973 securo,
943 3905 1087 3960 caade
1109 3909 1330 3970 sec‘uris,

247 3999 552 4056 Percutiens
585 3998 879 4061 cerebrum,
910 3998 1032 4049 fecit
1057 3996 1205 4049 obire
1223 3993 1364 4046 dolo.

181 4091 290 4156 Dic,
323 4093 416 4144 tibi
441 4089 564 4158 quid
590 4088 802 4155 prodest
831 4086 1002 4140 scelus
1032 4086 1130 4138 hoc
1158 4083 1453 4154 peragendo
1479 4081 1739 4138 nefande?

247 4180 337 4235 Ille
364 4165 477 4234 Deo
505 4180 652 4241 vivit.
689 4189 743 4233 tu
772 4180 1023 4234 moriture
1053 4177 1213 4247 peris.

182 4270 422 4343 Martyris
452 4272 467 4308 ί
500 4272 590 4326 ille
617 4271 778 4327 decus
805 4271 1017 4334 meruit,
1053 4278 1105 4324 tu
1133 4270 1321 4335 damna
1355 4268 1606 4333 latronis;

252 4361 384 4416 Hinc
415 4361 515 4416 sibi
543 4360 716 4430 palma
744 4362 934 4428 placet,
961 4360 1050 4414 sed
1081 4344 1171 4412 tibi
1202 4374 1353 4426 poena
1386 4368 1582 4413 manet.

257 4591 281 4618 ι
305 4579 458 4635 Unus
487 4576 615 4630 Cod.
651 4574 788 4641 Vat,
811 4577 1099 4630 venerabilis
1128 4576 1258 4631 orbe.

251 4651 278 4688 ιι
305 4650 456 4703 Licet
508 4647 627 4701 hinc
672 4647 932 4712 cottjicere
971 4661 1156 4715 poema
1207 4646 1341 4701 istud
1385 4647 1738 4715 conscriptum

189 4720 349 4775 fuisse
379 4734 539 4772 suasu
587 4719 666 4770 vel
711 4719 991 4770 occasione
1017 4718 1246 4784 episcopi
1274 4716 1511 4783 alicujus,
1557 4732 1743 4772 recens

191 4790 440 4846 Ecclesia:
463 4788 703 4855 regendas
726 4785 974 4855 prmfecti,
1017 4787 1162 4852 cujus
1197 4789 1330 4843 forte
1355 4788 1496 4841 clero
1519 4785 1744 4842 Servilio

194 4867 457 4928 ascriptus
481 4861 605 4912 olim
633 4865 821 4912 luerat.

203 4930 210 4938 “
263 4943 283 4970 c
309 4925 468 4982 lit-est
499 4930 595 4982 hoc
619 4941 830 4986 cannea
859 4928 909 4980 in
934 4925 1058 4981 Ven.
1095 4926 1233 4981 Edit.
1255 4937 1309 4982 et
1338 4941 1439 4981 uno
1466 4925 1593 4982 Cod.
1626 4927 1745 4983 Vat.

269 4999 291 5036 ίῖ
325 5001 378 5051 tn
411 5013 515 5050 uno
546 4997 675 5049 Cod.
704 4997 868 5050 Vatie.
908 4998 983 5051 sic
1015 4997 1200 5064 legitur
1228 4996 1499 5066 epigraph.
1529 5016 1539 5049 :
1576 4997 1755 5066 Epita-

199 5069 373 5141 phium
401 5068 581 5141 domus
610 5065 842 5141 Pro-ridi.

273 5149 296 5176 °
333 5139 476 5194 Edit.
537 5137 725 5197 Paris.,
759 5137 1011 5204 ﬂuminis;
1042 5137 1094 5190 in
1119 5153 1306 5207 κιαι-ε..
1333 5139 1560 5202 spiritus.

273 5207 291 5247 π
330 5211 463 5272 llinc
485 5207 791 5276 intelligitur
823 5207 1130 5260 Pt-a-sidiutn
1159 5210 1398 5262 abbatem
1427 5207 1586 5260 fuisse
1608 5209 1758 5274 ;,cni-

201 5293 315 5332 natn
347 5294 476 5333 vero
515 5277 834 5330 tmmusterio
875 5288 1148 5346 praeesset,
1202 5279 1454 5331 incertum
1506 5287 1604 5337 est,
1638 5293 1754 5331 cum

204 5351 300 5402 hoc
325 5347 522 5403 nomen
563 5347 776 5400 minime
806 5361 1048 5400 neutri-at
1092 5349 1142 5402 in
1187 5348 1446 5416 ()atalogis
1494 5347 1751 5401 Ahbatum

207 5419 368 5490 Regni
391 5419 576 5473 Gallirc
600 5435 611 5490 ς
644 5419 778 5486 quod
808 5433 903 5485 ego
923 5417 1132 5490 quidem
1161 5418 1296 5471 scire
1323 5418 1481 5486 potui.

273 5495 298 5558 β
330 5489 470 5542 Edit.
497 5489 686 5551 Parim,
712 5490 961 5558 angelicas
988 5489 1131 5540 inter.

270 5554 297 5628 *_‘
327 5560 472 5628 Edit.
501 5558 659 5626 Ven.,
687 5554 962 5612 BuEOIinus
980 5559 1161 5628 dignus
1181 5556 1386 5611 tranare.

277 5626 293 5663 ί
329 5627 461 5683 llinc
487 5629 608 5699 licet
629 5628 884 5698 suspicari
910 5626 1243 5699 Bobolenum
1285 5638 1485 5699 propter
1502 5628 1756 5697 justitiam

206 5700 450 5755 tuendam
466 5698 550 5752 sic
577 5697 878 5767 percussum
906 5697 1189 5804 interiisse.

1746 1795 1794 1854 B

1757 3142 1806 3205 α

1772 4495 1822 4556 D

1889 1575 1990 1643 Qui
2016 1574 2174 1628 dabat
2203 1574 2415 1644 eloquio
2443 1573 2616 1628 dulcia
2648 1574 2801 1628 mella
2826 1588 2941 1631 suo.

1818 1665 2132 1734 lmpendens
2166 1663 2428 1734 placidam
2461 1663 2611 1718 suavi
2641 1664 3002 1720 modulamine
3042 1665 3302 1744 linguam,

1891 1755 2252 1825 Paciﬁcusque
2280 1767 2405 1809 suus
2433 1768 2608 1809 sermo
2631 1755 2854 1811 medella
2885 1754 2999 1809 fuit.

1822 1844 1982 1916 Cujus
2012 1821 2369 1900 abundantem
2401 1853 2651 1900 venerata
2681 1853 2764 1900 est
2795 1843 2963 1899 Gallia
2994 1860 3206 1903 sensum
3226 1888 3242 1913 ,
3291 1821 3296 1830 κ

1844 1955 1876 1974 ··
1896 1934 2245 2004 Excoluitque
2273 1947 2456 1990 senem
2488 1948 2697 2004 semper
2727 1933 2928 1991 honore
2959 1945 3185 2006 patrem.

1823 2026 2013 2083 Clarus
2044 2027 2109 2082 ab
2139 2026 2388 2097 antiquis,
2421 2040 2544 2097 spes
2574 2027 2863 2082 nobilitatis
2890 2030 3078 2097 opimae
3097 2069 3113 2095 ,

1895 2117 2180 2173 Sufﬁciens
2204 2116 2464 2187 propriis,
2499 2117 2640 2171 nulla
2674 2119 2854 2186 rapina
2887 2118 3006 2174 fuit.

1825 2210 2079 2279 Dogmata
2111 2209 2271 2264 corde
2310 2217 2494 2264 tenens
2517 2251 2530 2275 ,
2563 2209 2748 2279 plenus
2778 2211 2921 2266 velut
2963 2226 3084 2268 arca
3110 2213 3323 2283 libellis,

1895 2298 2173 2376 Quisquis,
2203 2298 2344 2370 quod
2367 2299 2563 2368 voluit,
2595 2300 2737 2357 fonte
2763 2300 2958 2359 ﬂuente
2991 2304 3140 2360 bibit.

1830 2388 2068 2445 Consilio
2097 2392 2328 2459 sapiens,
2363 2391 2540 2446 animo
2567 2392 2704 2461 pius,
2738 2407 2828 2449 ore
2859 2407 3078 2450 serenus
3098 2435 3114 2461 ,

1856 2529 1861 2536 .
1901 2480 2158 2536 Omnibus
2187 2491 2244 2537 ut
2277 2482 2482 2551 populis
2508 2492 2650 2540 esset
2674 2498 2854 2540 amore
2879 2500 3092 2555 parens.

1829 2572 1918 2628 Sic
1946 2561 2338 2628 venerabilibus
2373 2574 2579 2647 templis
2599 2611 2619 2642 ,
2650 2576 2727 2631 sic
2756 2575 2884 2632 favit
2915 2577 2931 2628 i
2969 2579 3182 2649 egenis,

1899 2663 2134 2720 Mitteret
2164 2672 2222 2719 ut
2250 2665 2400 2720 caelis
2423 2704 2438 2730 ,
2469 2679 2600 2736 quas
2628 2677 2941 2738 sequeretur
2965 2686 3115 2742 opes.

2408 2819 2636 2876 CAPUT
2675 2800 2836 2877 xvu.

2173 2932 2510 3006 Epitaphium
2543 2903 2750 2992 Arcadii
2781 2934 2808 2974 ιι
2827 2939 3050 3008 juvenis.

1835 3066 2173 3139 [Arcadium
2207 3069 2384 3141 adhuc
2403 3067 2653 3141 juvenem
2674 3111 2688 3136 ,
2725 3071 3000 3128 immatura
3026 3084 3216 3141 morte,
3247 3091 3402 3132 occu-

2015 3148 2214 3205 patum,
2245 3138 2451 3192 funebri
2479 3139 2714 3194 carmine
2740 3142 3096 3214 cohonestatjj

1836 3225 2010 3282 Omne
2044 3223 2065 3264 ι
2098 3227 2295 3282 bonum
2329 3226 2482 3281 velox
2527 3225 2746 3296 fugitivo
2778 3241 3014 3300 tempore
3040 3238 3266 3307 transit,

1905 3319 2033 3386 Qua
2065 3319 2319 3404 placitura
2343 3318 2513 3385 videt,
2549 3334 2693 3375 mors
2720 3322 2885 3390 magis
2915 3323 2998 3378 illa
3029 3327 3184 3395 rapit.

1841 3408 1938 3465 Hie
1966 3424 2095 3482 puer
2126 3409 2382 3464 Arcadius
2412 3413 2627 3465 veniens
2653 3411 2720 3466 de
2748 3411 2895 3480 prole
2935 3427 3150 3472 senatus
3171 3456 3188 3486 ,

1909 3499 2217 3556 Festinante
2242 3499 2329 3555 die
2358 3510 2540 3569 raptus
2567 3501 2634 3554 ab
2663 3502 2793 3555 orbe
2817 3502 2976 3570 jacet.

1839 3586 2062 3641 Parvula
2093 3588 2246 3656 cujus
2274 3586 2447 3640 adhuc
2491 3588 2642 3641 freno
2671 3601 2732 3642 se
2760 3590 3001 3643 vinxerat
3028 3603 3154 3646 mtas
3180 3635 3195 3662 ,

1908 3677 1975 3734 Ut
2001 3688 2149 3734 tener
2170 3688 2209 3715 ω
2233 3689 2287 3733 et
2315 3681 2466 3735 annis
2492 3690 2734 3750 surgeret
2758 3681 2872 3753 ipse
2901 3697 3081 3740 senex.

1840 3769 2065 3841 Eloquio
2089 3780 2318 3840 torrens,
2350 3773 2529 3841 specie
2557 3773 2795 3830 radiante
2825 3785 3080 3832 venustus
3107 3819 3122 3843 ,

1911 3863 2139 3920 Vincens
2167 3864 2398 3920 artifices
2424 3907 2438 3933 ,
2471 3874 2524 3921 et
2553 3881 2684 3935 puer
2709 3877 2822 3923 arte
2852 3869 3015 3926 rudis.

1839 3958 1954 4023 Quo
1985 3972 2071 4012 me
2100 3957 2269 4013 forma
2298 3958 2440 4024 rapis
2473 3957 2654 4012 laudes
2685 3973 2982 4016 memorare
3005 3962 3240 4030 sepulti?

1911 4047 2130 4119 Singula
2158 4048 2204 4100 si
2237 4061 2522 4112 memores,
2553 4047 2666 4116 plus
2697 4049 3037 4120 lacrymanda
3065 4067 3272 4114 mones.

1851 4137 1958 4196 Sed
1990 4139 2238 4210 quoniam
2268 4139 2412 4195 nulla
2442 4141 2738 4197 maculatus
2764 4143 2921 4200 sorde
2948 4147 3224 4214 recessit;

1911 4231 2054 4287 Nulli
2081 4240 2108 4269 ιι
2140 4232 2343 4287 flendus
2369 4231 2500 4300 erit,
2532 4247 2688 4304 quem
2719 4237 2992 4305 paradisus
3023 4239 3200 4296 habet.

1921 4571 1935 4621 1
1976 4567 2090 4652 Duo
2117 4568 2280 4622 Codd.
2312 4567 2429 4622 Vat.
2455 4609 2470 4634 ,
2501 4568 2572 4621 sic
2603 4569 2751 4638 fudit.
2786 4571 2926 4628 Edit.
2957 4572 3088 4629 Ven.
3111 4615 3124 4642 ,
3152 4579 3225 4632 sic
3253 4580 3430 4651 fulget.

1849 4657 2033 4711 egents.
2071 4710 2074 4711 ν
2283 4695 2286 4701 ε

1922 4711 1943 4746 ιε
1985 4710 2239 4779 Opinatur
2282 4709 2560 4764 Browerus
2623 4712 2762 4768 hunc
2803 4715 3010 4771 Arcadii
3060 4719 3406 4775 Arvernensis

1851 4779 2171 4862 senatorismg
2194 4779 2260 4833 de
2283 4794 2389 4862 quo
2428 4795 2568 4862 saepe
2619 4783 3081 4862 GregorruTuron.
3127 4788 3177 4862 in
3211 4789 3408 4845 llistor.

1857 4848 2069 4927 fratre.)
2103 4848 2476 4927 liliﬂumtuisse.
2534 4850 2640 4906 Sed
2669 4848 2789 4927 curn
2838 4857 2924 4909 ille
2975 4860 3229 4914 Arcadius
3270 4876 3414 4927 pater

1859 4920 2137 4999 Placidinae
2161 4917 2352 4999 fuerit,
2385 4921 2510 4976 olim
2542 4925 2722 4999 uxoris
2750 4925 2988 4999 Leontii,
3017 4929 3251 4999 episcopi
3271 4917 3412 4984 ’Βυτ-

1860 4989 2156 5070 degalensis
2175 5030 2189 5055 ,
2217 4991 2286 5070 ab
2314 4992 2426 5058 ipso
2450 4993 2830 5070 vero-dimissa
2859 4998 2926 5070 ad
2954 4989 3175 5054 tim-549
3240 5001 3414 5054 minus

1862 5060 2141 5136 verisimile
2180 5060 2426 5136 videtur,
2456 5063 2632 5116 fratris
2658 5064 2772 5132 ejus
2797 5107 2811 5131 ,
2845 5067 3014 5121 adhuc
3040 5060 3224 5136 pueri',
3258 5069 3414 5124 funus

1861 5129 2306 5202 deﬂetipotuisse
2335 5145 2362 5183 a
2389 5129 2708 5195 Fortunato,
2747 5129 2834 5202 qui
2858 5138 2922 5190 ad
2951 5129 3145 5191 annum
3177 5129 3311 5202 565,
3361 5150 3416 5193 ut

1862 5217 2002 5270 sazpe
2030 5201 2255 5273 diximus
2279 5242 2293 5266 ,
2339 5214 2552 5257 venerat
2599 5205 2648 5266 in
2674 5201 2900 5273 Callias,
2947 5209 3049 5260 nisi
3087 5205 3222 5263 forte
3253 5201 3416 5265 multo

1865 5283 1979 5345 post
2009 5275 2122 5337 ejus
2154 5271 2349 5345 obitum
2380 5273 2480 5325 hoc
2511 5286 2697 5345 poema
2730 5276 2778 5328 in
2811 5271 3033 5345 gratiam
3076 5278 3356 5335 Placidinaa
3386 5297 3415 5335 a

1866 5342 2149 5394 Fortunato
2176 5343 2536 5395 elucubratum
2566 5343 2724 5397 fuisse
2762 5342 3083 5406 credendum
3107 5359 3206 5404 est.
3236 5350 3412 5404 Malim

1863 5410 2315 5490 i_taque_.illntn_;ex
2354 5412 2564 5466 Arcadii
2609 5424 2781 5468 ortum
2814 5415 3010 5472 familia
3036 5460 3050 5487 ,
3084 5435 3237 5490 quam
3270 5419 3409 5488 ejus.

1859 5481 1976 5534 dem
2006 5479 2168 5534 ﬁlium
2195 5481 2388 5536 dicere.

1937 5553 1952 5588 ι
2003 5553 2157 5604 DeeSt
2184 5551 2493 5620 hocrpoema
2523 5555 2570 5609 in
2606 5556 2736 5612 Ven.
2761 5557 2900 5615 Edit.
2929 5572 2983 5616 et
3012 5576 3116 5615 uno
3145 5561 3276 5617 Cod.
3303 5561 3419 5619 Vat.

1933 5633 1970 5658 ιη
2013 5621 2125 5674 Duo
2156 5621 2321 5676 Codd.
2355 5624 2493 5685 νει..
2529 5638 2579 5678 nt
2611 5633 2794 5680 teneris
2822 5634 2973 5684 mittis

1935 5702 1958 5727 ’λ
2001 5693 2057 5746 In
2087 5706 2190 5745 uno
2219 5691 2346 5746 Cod.
2377 5693 2490 5746 Vat.
2512 5736 2525 5760 ,
2561 5698 2710 5751 uultis
2740 5701 2957 5768 ﬂendus.
