3952 6222
68 339 140 398 63

68 470 204 512 nee
260 469 536 527 perenne
569 455 752 512 fruens
771 499 787 524 ,
820 454 944 511 felix
974 456 1059 510 cui
1089 461 1293 508 mortua
1322 463 1468 504 mors
1496 457 1574 502 est
1593 487 1611 513 ,

103 546 350 611 Quem
389 562 504 602 non
530 561 690 617 pinna
721 547 944 614 premit,
977 545 1084 598 vita
1109 557 1340 610 superna
1373 546 1572 594 manet.

685 636 903 691 CAPUT
941 635 1102 688 XXII.

521 728 852 797 Epitaphium
891 733 916 761 ι
955 726 1291 778 innocentum.

68 818 434 874 [nfantinm
461 834 747 890 puerorum
778 816 1055 890 tumulum,
1085 815 1171 890 qui
1205 827 1330 875 uno,
1357 819 1419 890 out
1446 810 1678 890 videtur,

107 901 333 953 partu
365 878 500 942 ediii
521 929 538 952 .
569 890 702 941 alter
733 886 1013 947 maturius,
1047 878 1398 949 quinquennis
1424 881 1562 953 alter
1584 878 1683 930 de-

105 947 464 1020 éesserat,
495 947 544 1010 et
576 959 629 1010 in
661 957 797 1008 idem
829 953 1162 1019 sepulcrum.
1190 947 1243 1020 in
1274 953 1409 1020 Quod
1441 955 1494 1000 et
1519 947 1683 1020 Mater

105 1039 402 1088 eorum,
431 1011 640 1078 fuerant
663 1023 815 1083 illati,
840 1011 1044 1074 funebri
1067 1011 1308 1073 carmine
1321 1011 1680 1081 cohonestat.]

68 1113 189 1168 Ioc
236 1114 421 1181 jacet
447 1113 501 1167 in
531 1112 733 1166 tumulo
766 1124 872 1187 non
901 1107 1074 1164 ﬂenda
1103 1107 1322 1162 infantia
1353 1103 1569 1157 fratrum
1594 1141 1607 1165 ,

117 1202 498 1268 Quos-tulit
525 1201 784 1254 innocuos
817 1198 919 1252 vita
949 1197 1099 1251 beata
1125 1198 1289 1248 viros.

68 1291 201 1348 lno
246 1302 434 1346 utero
459 1287 630 1360 geniti
650 1327 667 1352 ,
694 1286 856 1342 simili
884 1294 1009 1342 sunt
1035 1293 1177 1340 sorte
1204 1283 1431 1352 sepulti,

123 1380 238 1435 Et
276 1381 494 1450 pariter
521 1387 675 1433 natos
701 1376 791 1431 lux
821 1385 965 1432 tenet
990 1387 1093 1429 una
1120 1373 1277 1429 duos.

68 1481 278 1527 totus
311 1472 469 1527 fonte
495 1484 650 1526 sacro
680 1471 826 1538 prius
857 1468 947 1523 ille
979 1466 1202 1522 recessit
1228 1466 1279 1518 in
1310 1464 1443 1520 albis
1473 1462 1521 1526 δ,

131 1561 289 1617 Iste
321 1575 521 1632 gerens
550 1560 774 1614 lustrum
802 1557 1013 1612 ducitur
1039 1566 1163 1610 ante
1192 1554 1379 1613 Deum.

68 1649 348 1705 homine
377 1651 471 1706 sed
501 1652 702 1718 primus
729 1649 987 1702 vocitatus
1019 1657 1041 1684 ο
1074 1648 1174 1700 rite
1197 1644 1415 1702 Joannis
1433 1683 1447 1707 ,

148 1743 354 1795 Alter
386 1741 639 1796 Patricius
665 1753 882 1794 munere
907 1737 1076 1805 major
1101 1743 1239 1791 erat.

68 1835 154 1887 "e
198 1835 387 1900 cujus
421 1835 609 1887 merito
635 1831 710 1886 sic
737 1827 763 1867 δ
795 1830 1014 1899 plurima
1045 1829 1191 1897 signa
1220 1824 1481 1880 dederunt
1501 1861 1515 1886 ,

68 2011 191 2066 UL-.'

133 1922 414 2002 .Felices
445 1924 667 1988 anima,
696 1935 809 1991 quc
841 1921 922 1989 pia
952 1928 1070 1972 vnta
1097 1917 1298 1972 colunt.

235 2013 414 2067 etiam
445 2011 568 2068 felix
599 2011 822 2080 genitrix
849 2007 1132 2076 requiescit
1161 2019 1345 2060 eorum
1366 2043 1381 2069 ,

151 2102 322 2168 Qua
353 2101 549 2155 meruit
579 2109 728 2168 partu
758 2098 951 2151 lumina
988 2098 1127 2150 ferre
1151 2108 1271 2149 suo.

673 2184 894 2241 CAPUT
932 2183 1115 2238 XXIII.

621 2275 952 2343 Epitaphium
986 2272 1200 2327 Iuliani.

81 2368 456 2442 (lulianum,
499 2367 591 2436 qui
635 2374 983 2442 mercaturan)
1027 2363 1291 2442 quondam
1333 2370 1682 2442 exercuerat,

163 2438 392 2509 deinde
421 2433 610 2509 partas
647 2451 775 2504 epes
812 2435 1065 2509 effunderet
1105 2435 1155 2487 in
1198 2433 1432 2509 hospites
1464 2439 1523 2509 _et
1561 2445 1686 2509 ege-

168 2521 294 2560 nos
316 2546 331 2568 ,
360 2499 469 2573 jam
498 2499 762 2558 mortuum
783 2545 798 2566 ,
834 2505 1007 2557 laudat
1039 2504 1139 2573 hoc
1167 2503 1426 2555 carmine.
1456 2499 1680 2573 Ioannis

173 2574 290 2629 ﬁlii
326 2569 380 2627 in
413 2583 611 2639 patrem
641 2574 974 2639 demortuum
1000 2572 1314 2627 charitatetn
1363 2580 1417 2624 et
1457 2569 1681 2634 diligen-

172 2644 326 2698 tiam
359 2638 741 2710 comiiiendat.]

99 2733 354 2789 Condita
389 2740 412 2764 ε
442 2742 564 2796 sunt
593 2729 792 2783 tumqu
817 2727 1009 2782 Iuliani
1036 2726 1271 2782 membra
1299 2724 1398 2782 sub
1426 2725 1529 2781 isto
1548 2763 1566 2793 ,

180 2822 366 2892 Cujus
396 2822 449 2876 in
480 2825 736 2876 aeternum
766 2821 944 2875 vivere
973 2821 1118 2874 novit
1148 2820 1341 2874 honor.

108 2911 392 2968 Ilercator
423 2910 689 2980 quondam
707 2949 722 2974 ,
754 2923 1040 2964 conversus
1068 2908 1172 2964 ﬂue
1196 2909 1383 2973 beato,

190 3002 409 3070 Raptus
436 3001 504 3054 ab
533 2999 636 3054 hoc
659 3000 854 3054 mundo
879 3000 1100 3054 crimine
1130 2999 1266 3054 liber
1294 2999 1475 3054 homo.

117 3089 361 3160 Collegit
387 3091 608 3146 nimium
626 3129 641 3151 .
672 3088 765 3143 sed
794 3088 990 3156 sparsit
1018 3088 1294 3155 egentibus
1320 3101 1538 3149 aurum,

193 3179 472 3234 Praemisit
501 3186 715 3231 cunctas
733 3213 750 3239 ,
780 3190 911 3245 quas
938 3185 1273 3242 sequeretur,
1306 3190 1454 3245 opes.

125 3269 408 3324 Sollicitus
428 3307 444 3333 ,
475 3281 840 3336 quemcunque
871 3281 1062 3322 novum
1089 3268 1365 3337 conspexit
1397 3267 1417 3306 ί
1448 3269 1502 3324 in
1531 3269 1680 3337 urbe,

199 3359 356 3414 Hunc
385 3359 576 3414 meruit
603 3358 820 3414 veniens
849 3358 997 3413 exsul
1029 3357 1222 3413 habere
1250 3367 1473 3427 patrem.

129 3449 363 3504 Pascere
391 3464 450 3503 se
477 3449 700 3523 credens
727 3447 995 3504 Christum
1023 3449 1124 3503 sub
1151 3464 1380 3517 paupere
1408 3449 1574 3505 forma
1593 3489 1611 3516 ,

210 3543 347 3594 Ante
376 3553 563 3593 omnes
589 3539 730 3607 apud
760 3539 898 3591 hune
924 3538 1147 3606 sumpsit
1173 3552 1372 3607 egenus
1397 3553 1574 3606 opem.

209 3679 238 3741 ς
276 3670 335 3741 In
364 3669 496 3722 Ven.
538 3668 678 3741 Edit.
714 3667 1052 3741 hiebabetur
1091 3669 1314 3741 titulus:
1351 3671 1676 3741 Epitaphium

145 3739 502 3808 Orientiorum.
537 3739 650 3808 Qun
679 3739 932 3792 vocabulo
960 3738 1164 3792 videtur
1192 3739 1453 3808 designari
1487 3738 1676 3797 nomen

141 3809 407 3873 proiirium
461 3805 672 3860 familia:
699 3822 770 3876 ac
803 3808 1011 3875 generis
1047 3823 1077 3862 e
1115 3823 1219 3876 quo
1255 3805 1404 3863 erant
1453 3810 1676 3864 infantes

145 3877 288 3944 pueri
329 3876 407 3929 hic
431 3877 603 3930 deﬂeti
631 3891 660 3928 a
692 3875 998 3929 Fortunato.
1031 3875 1143 3944 Nec
1166 3892 1290 3944 vero
1319 3879 1674 3932 Orientiorum

146 3943 336 3999 nomen
364 3953 475 3997 erat
502 3944 733 4011 ignotum
766 3945 818 3996 in
847 3943 1048 3997 Galliis.
1083 3943 1211 3997 Vide
1240 3944 1404 4005 inl‘ra.
1435 3959 1486 3998 c.
1517 3945 1604 3998 ει.

214 4013 243 4051 ¹³
282 4014 441 4067 Antea
483 4012 749 4079 legebatur
787 4011 1048 4079 Prioritle
1085 4015 1286 4064 recessit
1323 4014 1372 4064 in
1411 4015 1562 4078 alvo;
1611 4028 1677 4068 ex

149 4082 272 4135 Mss.
307 4078 640 4148 antiquisuti
680 4093 818 4132 nunc
857 4078 1045 4148 legitur
1083 4081 1302 4148 restituit
1351 4081 1524 4136 Brow.
1579 4082 1676 4136 Fa-

151 4159 271 4202 vent
306 4147 428 4220 huic
476 4147 785 4220 lect-ionici
841 4147 1232 4220 mss._Codices
1284 4149 1400 4203 Vat.
1452 4165 1676 4220 quorum

151 4231 282 4270 unus
305 4216 454 4268 habet
484 4234 495 4267 :
555 4215 678 4270 Pius
706 4217 791 4269 ille
819 4217 1034 4271 recessit.

223 4297 248 4325 ε
279 4285 330 4338 In
361 4300 461 4340 uno
490 4285 617 4339 Cud.
654 4285 793 4348 Vat.,
823 4288 1085 4344 vocitatur.

221 4356 251 4395 ιι
279 4354 396 4408 Ibid.
421 4394 436 4416 ,
466 4371 520 4407 se
545 4357 781 4420 plurima.

1288 332 1785 406 MISCELLANEA.
1811 361 1884 379 ι·-
1920 336 2048 393 LIB.
2088 339 2175 397 IV.

1713 446 1768 505 Α
1795 444 1901 503 Nec
1928 450 2098 505 solum
2130 451 2377 506 refovens
2400 492 2416 517 ,
2448 451 2540 506 sed
2579 451 2718 507 dona
2748 451 2964 506 latendo
2990 451 3296 508 ministrans
3319 494 3337 518 ,

1709 3094 1762 3161 ο

3238 342 3345 398 170

1864 541 2100 608 Amplius
2130 541 2249 595 inde
2281 542 2482 609 placet,
2511 542 2651 608 quod
2680 537 2958 596 sine‘teste
2983 542 3148 595 dedit.

1792 629 2020 686 Felicem
2048 628 2263 686 sensum
2285 670 2300 696 ,
2332 630 2422 699 qui
2453 631 2628 684 fratris
2657 631 2844 699 migrat
2870 632 2924 685 in
2951 633 3127 686 alvum
3157 633 3342 704 [alvo],

1865 721 1929 773 Et
1961 721 2108 774 vivos
2139 721 2340 789 lapides
2372 720 2634 777 azdificare
2663 730 2852 789 potest.

1789 810 1997 863 Extulit
2029 815 2168 886 hunc
2199 810 2456 864 tumulum
2487 812 2744 878 genitoris
2774 811 2976 866 honore
3001 811 3224 865 Joannis

1863 902 1963 968 Qui
1989 901 2150 956 modo
2180 902 2374 956 divinis
2404 900 2636 970 fungitur
2664 900 2854 975 officiis

1791 992 2033 1057 Qualiter
2068 992 2150 1045 hic
2181 993 2304 1044 vivo
2331 991 2558 1046 serviret
2585 1005 2766 1044 arnore
2796 992 3030 1058 parenti.

1858 1078 1990 1133 Cum
2021 1081 2125 1132 nati
2159 1082 2326 1136 nia’las
2355 1082 2467 1148 ipsa
2497 1079 2736 1132 sentilcra
2766 1079 2933 1132 colit?

2346 1195 2564 1250 CAPUT
2603 1195 2787 1251 XXIV.

2232 1304 2558 1376 Epitaphium
2599 1305 2812 1359 Orientii
2847 1303 2876 1341 ιι

1791 1418 2101 1488 [Orientium
2125 1459 2138 1482 ,
2168 1420 2254 1484 qui
2285 1421 2337 1472 in
2371 1420 2510 1489 regia
2537 1420 2653 1489 aula
2682 1421 2979 1488 principem
3005 1421 3178 1482 locum
3205 1430 3343 1476 obti-

1861 1500 2042 1545 nnerat
2069 1489 2342 1556 dignitatis
2368 1500 2418 1541 et
2443 1488 2648 1555 gratiae,
2681 1491 2786 1542 vita
2817 1489 3049 1543 functum
3073 1491 3248 1543 laudat
3276 1492 3346 1544 ub

1859 1557 2212 1625 prudentiain,
2243 1557 2498 1619 justitiam
2526 1572 2592 1625 ac
2624 1558 3066 1613 moderationem.
3090 1560 3224 1612 Tum
3247 1560 3341 1612 Ni—

1860 1624 2016 1676 Casite
2049 1626 2226 1677 uxoris
2258 1627 2306 1676 in
2340 1624 2571 1677 curando
2603 1625 2774 1676 Mariti
2808 1630 2990 1679 funere
3011 1671 3023 1690 ,
3054 1638 3109 1680 et
3137 1631 3192 1680 in
3216 1627 3338 1692 ejus

1860 1693 2112 1746 memoria
2143 1692 2366 1746 colenda
2394 1733 2408 1754 ,
2443 1691 2860 1746 sollicitudinem
2887 1694 3167 1765 ostendiL]

1714 1768 1762 1830 Β
1790 1782 1901 1839 Νοη
1929 1784 2015 1839 hic
2043 1794 2222 1838 nostra
2250 1784 2338 1837 diu
2371 1792 2451 1838 est
2480 1783 2695 1852 fugienti
2723 1793 2962 1852 tempore
2988 1790 3093 1840 vita
3113 1829 3130 1852 ,

1859 1878 1988 1944 Quae
2015 1876 2113 1931 sub
2143 1876 2246 1932 fine
2275 1876 2420 1931 brevi
2452 1877 2536 1930 vix
2567 1878 2738 1944 venit,
2767 1878 2889 1934 inde
2915 1881 3085 1948 redit,

1791 1965 1930 2020 Ecce
1960 1965 2157 2020 caduca
2189 1967 2368 2020 volant
2398 1968 2673 2034 praesentia
2702 1969 2895 2022 stecnla
2921 1971 3132 2038 mundi,

1863 2056 1981 2108 Sola
2016 2057 2145 2108 fides
2178 2057 2350 2108 meriti
2381 2057 2549 2110 nescit
2578 2057 2777 2110 honore
2805 2059 2962 2113 mori.

1789 2143 2061 2200 Clauditur
2090 2145 2173 2197 liic
2205 2144 2404 2212 pollens
2435 2145 2705 2198 Orientius
2732 2145 2819 2198 ille
2846 2148 3112 2214 sepultus,

1853 2231 1951 2286 Cui
1984 2231 2219 2286 Palatina
2251 2232 2396 2300 prius
2426 2234 2620 2287 mansit
2647 2243 2830 2302 aperta
2856 2235 3060 2290 domus.

1788 2323 2036 2380 Consiliis
2066 2326 2257 2379 habilis
2277 2367 2292 2390 ,
2324 2327 2586 2396 regalique
2615 2328 2828 2382 intimus
2855 2330 3023 2394 aulm,

1859 2415 2097 2469 Obtinuit
2123 2417 2322 2470 celsum
2354 2416 2543 2486 dignus
2573 2419 2622 2471 in
2653 2433 2775 2473 arce
2806 2420 3000 2473 locum.

1793 2502 1886 2558 Vir
1913 2506 2122 2573 sapiens
2143 2548 2157 2572 ,
2190 2507 2399 2573 jusms,
2431 2508 2764 2572 moderatus,
2798 2509 3051 2564 honestus
3070 2549 3086 2573 ,
3115 2522 3339 2568 amatas.

1861 2592 1970 2645 Hoc
1999 2596 2170 2661 rapuit
2200 2597 2416 2656 mundo,
2448 2596 2586 2664 quod
2617 2597 2750 2650 bene
2776 2599 2938 2665 gessit
2968 2599 3127 2653 homo
3157 2599 3202 2652 ί.

1790 2679 2082 2750 Sexaginta
2113 2683 2264 2735 annis
2294 2684 2381 2735 vix
2414 2681 2640 2750 implens
2667 2697 2906 2751 tempora
2937 2686 3108 2753 lueis,

1859 2766 2094 2842 Coniuge
2124 2771 2332 2826 Nicasia
2364 2787 2465 2842 qua
2497 2774 2822 2837 tumulante,
2853 2775 3036 2828 cubat.

1788 2861 1952 2933 Cujus
1981 2873 2159 2917 castus
2190 2878 2339 2918 amor
2368 2866 2493 2918 colit
2523 2865 2634 2934 ipsa
2662 2868 2900 2934 sepulcra
2922 2866 3130 2932 mariti,

1860 2955 1969 3010 Nec
1997 2955 2252 3023 placitura
2284 2955 2522 3020 homini,
2553 2956 2647 3010 sed
2675 2956 2823 3010 dedit
2849 2970 2970 3010 esse
2997 2955 3114 3012 Dei.

2354 3067 2575 3121 CAPUT
2624 3066 2782 3121 XXV.

2036 3153 2372 3226 Epitaphium
2411 3153 2793 3208 Theodecliildis
2833 3155 2850 3204 i
2885 3160 3094 3225 regina.

1786 3242 2256 3317 [Theodecliildem
2284 3245 2517 3313 reginam
2542 3286 2556 3309 ,
2580 3248 2684 3299 vita
2715 3248 2979 3308 functam.
3001 3248 3212 3317 egregie
3237 3251 3342 3305 lau-

1855 3315 1947 3368 dat
1972 3315 2040 3370 ob
2077 3318 2273 3380 regiam
2305 3318 2521 3383 stirpem
2559 3327 2612 3370 et
2637 3317 2984 3378 alfinitatem,
3015 3315 3082 3370 ob
3110 3315 3344 3376 liberali-

1858 3394 2022 3438 tatem
2056 3385 2107 3437 in
2142 3399 2402 3453 pauperes
2433 3394 2486 3439 et
2520 3386 2572 3437 in
2602 3386 2792 3453 templa
2819 3387 3274 3459 muniﬁcentiam]

1785 3474 2037 3540 Quamvis
2068 3475 2239 3528 aetatis
2270 3475 2419 3529 senio
2453 3474 2478 3511 ιι
2507 3475 2615 3542 jam
2647 3476 2876 3529 flecteret
2900 3492 3096 3541 annos,

1855 3563 2243 3632 Multorumque
2275 3572 2451 3618 tamen
2480 3577 2601 3631 spes
2630 3564 2736 3616 cito
2763 3574 2910 3631 rapta
2936 3566 3055 3618 fuit.

1783 3676 1955 3739 tionis,
2003 3675 2056 3727 id
2090 3684 2162 3729 est
2202 3675 2418 3743 pastoris
2459 3677 2623 3728 ouium
2665 3676 2844 3742 ﬁliam,
2873 3677 3070 3730 nomine
3099 3675 3338 3734 Theode-

1783 3745 2016 3816 eltitdijm.
2058 3744 2142 3798 cui
2187 3745 2403 3816 proinde
2434 3745 2579 3816 n_ullo
2619 3748 2873 3816 modoea
2899 3757 3191 3816 congruunt
3220 3765 3339 3813 qua:

1783 3814 2042 3884 de_stirue
2063 3829 2124 3867 sc
2154 3813 2423 3868 nobilitate
2450 3814 2854 3870 Tlieodeehildis
2879 3817 2964 3871 hic
2989 3813 3339 3884 pradicantur

1782 3895 1814 3935 a
1837 3882 2142 3936 Fortunato.
2633 3899 2636 3901 ·
2711 3908 2714 3912 ’
2992 3882 3003 3884 ⁷

1852 3951 2122 4019 Cuintius,
2151 3949 2216 4019 ad
2245 3965 2335 4002 an.
2369 3949 2500 4012 504,
2532 3967 2586 4004 n.
2619 3951 2652 4004 5
2679 3961 2734 4003 et
2761 3967 2910 4019 seqq.
2937 3993 2954 4015 ,
2983 3968 3161 4008 censet
3198 3956 3333 4012 duas

1766 4031 1901 4079 esse
1940 4017 2367 4089 Theodeclnldas
2397 4034 2460 4072 ex
2495 4021 2636 4087 regio
2665 4035 2855 4088 genere
2875 4017 3288 4084 distinguenda:
3313 4065 3332 4089 ,

1782 4102 2001 4152 quarum
2042 4089 2218 4141 senior
2244 4085 2489 4141 ClodoVei
2521 4085 2696 4154 regis,
2728 4090 2904 4152 jttniur
2929 4106 3057 4142 veru
3087 4085 3333 4145 Theode;

1784 4157 1879 4227 rici
1907 4157 2008 4210 lilia
2037 4157 2211 4227 fuerit,
2239 4171 2300 4210 ac
2324 4157 2541 4224 proinde
2569 4159 2815 4211 Clodovei
2846 4161 3031 4224 nepti»
3061 4159 3135 4212 De
3161 4162 3332 4227 prima

1785 4223 1884 4278 hoc
1913 4226 2068 4278 funeb
2099 4241 2128 4277 e
2159 4223 2342 4292 poema
2373 4227 2733 4280 elucubratum
2765 4223 2927 4280 fuisse
2953 4244 2983 4281 a
3015 4223 3333 4283 Fanni-nato.

1855 4293 2000 4346 Haud
2032 4292 2131 4347 erit
2159 4295 2252 4345 alis
2283 4309 2338 4346 re
2365 4308 2426 4347 ac
2457 4296 2721 4362 proposito
2750 4307 2931 4356 nostro
2951 4337 2968 4361 ,
2999 4299 3179 4364 paucis
3207 4314 3334 4351 exa-

1784 4360 1987 4415 minare
2013 4371 2274 4415 momenta
2301 4365 2489 4432 quibus
2505 4360 2677 4433 utitur
2703 4360 2960 4417 Cointius.
2992 4360 3042 4416 Is
3070 4383 3196 4432 ergo
3225 4369 3336 4433 pri-

229 4432 252 4458 °
289 4425 338 4477 In
370 4423 498 4477 Ven.
532 4417 669 4477 Edit.
700 4431 753 4476 et
780 4438 880 4476 uno
907 4421 1037 4477 Cod.
1065 4420 1234 4477 Vatic.
1264 4423 1414 4478 deest
1441 4423 1538 4480 hoc
1563 4438 1681 4479 car—
1707 4417 1764 4479 D
1789 4445 1929 4483 mum
1961 4443 2180 4484 conatur
2211 4417 2463 4496 Procopio
2494 4431 2648 4483 fidem
2677 4434 2960 4498 derogare,
2993 4417 3335 4498 ᾳιιίξσιίεοῖῖν

163 4507 390 4612 “ein-Duo
418 4557 584 4612 Codd.
614 4555 757 4623 Vat.,
790 4562 1042 4627 prospexit
1071 4561 1122 4613 in
1153 4565 1290 4613 urbe.

231 4637 254 4674 ι
288 4626 432 4699 Greg.
463 4627 696 4699 Turrim,
733 4626 822 4681 lib.
854 4630 917 4681 de
951 4629 1078 4699 Vitis
1106 4627 1242 4693 PP.,
1275 4644 1324 4682 c.
1357 4629 1418 4691 8,
1450 4645 1595 4684 num.
1627 4633 1683 4699 6,

164 4698 467 4766 mentionem
488 4698 622 4766 iacit
647 4697 714 4749 de
742 4700 962 4764 quodam
1003 4697 1206 4750 Joanne
1238 4699 1542 4766 presbytero
1571 4697 1681 4753 Tu;

164 4780 300 4831 ron.,
323 4765 402 4833 qui
429 4765 554 4817 olim
581 4775 952 4826 mercaturam,
984 4773 1035 4816 ut
1069 4767 1256 4819 ibidem
1290 4765 1496 4829 narrat,
1529 4783 1683 4822 exer-

168 4844 361 4897 cuerat,
389 4847 629 4887 asserens
671 4834 909 4887 eumdem
954 4833 1013 4883 ab
1059 4835 1177 4886 urbe
1223 4834 1526 4887 Massi/iensi
1570 4855 1683 4890 cum

171 4903 439 4954 commercio
467 4903 810 4970 negotiationis
837 4916 943 4954 sua:
968 4901 1090 4954 olim
1121 4904 1353 4955 rediisse.
1385 4905 1679 4959 Admodum

171 4970 404 5025 credibile
441 4979 522 5020 est
561 4970 698 5037 hunc
734 4971 975 5025 eumdem
1005 4985 1121 5023 esse
1151 4972 1215 5023 de
1242 4985 1343 5037 quo
1375 4973 1461 5024 hic
1493 4974 1680 5026 Fortu-

175 5049 342 5104 natus,
365 5038 450 5104 qui
479 5035 681 5090 scilicet
708 5051 737 5089 a
769 5040 983 5106 pueritia
1031 5050 1240 5092 secutus
1263 5035 1469 5092 'Juliani
1511 5044 1682 5096 Patris

178 5108 441 5163 institutum
465 5149 478 5171 ,
510 5114 687 5172 postea
717 5120 998 5161 conversus
1027 5122 1144 5161 cum
1173 5109 1324 5160 Patre
1344 5146 1360 5172 ,
1389 5107 1680 5165 'I‘uronensi

177 5178 307 5232 clero
332 5175 577 5240 ascriptus
606 5171 780 5227 fuerit.

244 5243 266 5313 If
294 5244 341 5313 In
367 5257 468 5313 uno
496 5241 625 5313 03d.
657 5241 777 5296 Vat.
803 5260 816 5294 :
849 5243 1174 5313 Epitaphium
1207 5244 1478 5298 Morientii.

249 5311 265 5350 ι
293 5312 511 5381 InVVen;
528 5310 692 5381 Edit._
695 5313 829 5377 quod
853 5312 974 5364 bene
1001 5310 1149 5381 gessit
1177 5315 1339 5367 humi.

248 5382 260 5431 i
303 5380 423 5434 Edit.
468 5377 627 5441 Ven.,
655 5377 1052 5434 Theodechitdtiz.
1081 5412 1149 5423 —
1175 5384 1592 5448 'l‘heodechildis,
1622 5388 1687 5442 de

187 5464 273 5515 qua
307 5449 379 5502 hic
414 5449 639 5516 loquitur
680 5450 1026 5514 Fortunatus,
1072 5451 1283 5505 minime
1327 5453 1686 5509 confundenda

193 5529 257 5574 ast
289 5532 392 5588 cum
431 5517 852 5588 Theodechilde,
892 5533 1052 5572 uxore
1092 5520 1379 5574 Chariberti
1421 5523 1585 5588 regis,
1625 5528 1688 5579 de

198 5600 275 5654 tua
305 5585 445 5652 Greg.
484 5586 681 5654 Turon.
714 5585 803 5654 lib.
838 5600 888 5636 iv
933 5589 1063 5640 Hist.
1092 5589 1306 5652 Franc.,
1350 5606 1396 5644 c.
1439 5585 1525 5644 θὶς).
1572 5585 1690 5646 Ἠαο

199 5651 515 5722 inin-inquit
567 5651 971 5722 (Charibertus)
1024 5667 1070 5708 et
1116 5658 1263 5710 aliam
1293 5651 1536 5725 puellam
1576 5665 1687 5729 api-

427 5734 694 5805 Ρηιοιῖ
724 5745 1128 5810 LXXXVIII.

1791 4500 1856 4553 de
1887 4501 2027 4553 Bello
2053 4500 2232 4563 60th.,
2258 4515 2305 4552 c.
2328 4499 2418 4562 2t),
2443 4498 2651 4565 scripsit
2676 4515 2910 4552 sororem
2937 4502 3291 4556 Theodeberti
3308 4543 3326 4567 ,

1790 4569 1948 4621 filiam
1981 4579 2253 4635 propterea
2282 4568 2588 4637 Iheoderivi
2613 4609 2629 4634 ,
2663 4570 2899 4633 nupsisse
2932 4570 3318 4637 Ilermegiselo.

1792 4637 2083 4688 Varnorntn
2131 4637 2258 4702 regi.
2305 4635 2457 4688 Plura
2510 4639 2704 4703 quippe
2739 4655 2766 4688 a
2811 4638 3029 4692 veritate
3067 4635 3239 4692 aliena
3267 4640 3323 4692 in

1787 4719 1933 4758 suam
1968 4705 2245 4757 Historiam
2289 4713 2463 4757 narrat
2503 4708 2644 4758 illum
2682 4707 2967 4760 intexuisse
2990 4747 3005 4766 .
3035 4722 3100 4760 ac
3139 4752 3156 4772 ,
3188 4709 3328 4762 inter

1788 4783 2014 4843 ca-tera,
2068 4775 2204 4841 quod
2254 4775 2525 4827 Clotildem
2553 4816 2568 4839 ,
2619 4776 2861 4828 Clodovei
2909 4776 3080 4837 ﬂagiti
3126 4778 3349 4843 tiliam,

1789 4842 1980 4912 (quam
2013 4853 2223 4897 sanctus
2252 4843 2470 4912 Gregor.
2495 4845 2715 4905 Turon.,
2743 4845 2830 4894 lib.
2859 4845 2911 4894 :li
2942 4844 3077 4894 Hist.
3107 4844 3324 4912 Praua,

1787 4910 1834 4964 ὁ.
1868 4910 1917 4973 I,
1949 4912 2156 4965 disertus
2185 4910 2548 4964 verbis'relert
2591 4913 2826 4975 nupsisse
2856 4912 3170 4974 Ainalarico,
3205 4911 3322 4964 Wi-

1786 4980 2110 5048 sigothorum
2142 4983 2245 5043 regi
2273 4982 2290 5046 )
2322 4982 2445 5031 item
2475 4979 2824 5032 Tlieodvberti
2864 4995 3099 5032 sororem
3139 4983 3324 5048 appel-

1789 5047 1856 5100 let
1882 5089 1895 5108 ,
1921 5051 2007 5102 lib.
2039 5065 2054 5102 ι
2078 5089 2092 5110 ,
2122 5062 2171 5100 c.
2202 5049 2285 5108 15,
2316 5059 2370 5099 ιιι
2399 5064 2582 5100 mirum
2615 5049 2830 5114 proinde
2854 5065 2956 5100 non
2983 5048 3052 5098 sit
3074 5047 3321 5104 ettmdell

1787 5129 1966 5170 errore
1993 5122 2263 5183 deceptum
2294 5120 2372 5168 vel
2403 5117 2836 5171 Theodechildem
2865 5118 3215 5172 Tlteodeberti
3237 5134 3326 5173 so-

1787 5199 1956 5237 rorem
1989 5187 2203 5246 dixisse,
2234 5202 2346 5252 quic
2378 5189 2529 5238 amita
2564 5185 2734 5238 fuerit.

1860 5251 2053 5306 Deinde
2105 5251 2398 5320 upinioiium
2449 5269 2593 5306 suam
2645 5271 2706 5306 ex
2754 5270 2816 5308 co
2863 5255 3101 5308 Cointius
3141 5259 3325 5309 nititur

1788 5321 2118 5381 confirmare,
2149 5323 2283 5384 quod
2316 5323 2732 5380 'l‘heodechildis.
2773 5326 2815 5373 si
2849 5324 2942 5375 fuit
2968 5326 3322 5378 'l‘lieodel-erti

1789 5407 1959 5450 soror,
1993 5395 2090 5444 lilia
2121 5390 2426 5442 Theoderici
2449 5434 2460 5451 ,
2493 5399 2673 5443 eadem
2703 5392 2860 5458 (ἔρρε.
2894 5394 3020 5445 'I‘ur.
3051 5405 3320 5458 superstes

1788 5461 1945 5512 fuisse
1975 5461 2194 5515 dicenda
2225 5467 2321 5510 est.
2354 5462 2448 5522 Qui
2483 5475 2605 5510 vero
2647 5459 2694 5510 id
2726 5463 2928 5526 potuit,
2973 5476 3092 5513 cum
3139 5461 3326 5512 Fortu-

1865 5664 1886 5700 δέ
1921 5662 2060 5715 Unus
2087 5662 2220 5717 Cod.’
2244 5662 2380 5718 Vah.
2413 5669 2570 5711 tt'tittis
2600 5675 2808 5712 senium.

2873 5749 2908 5800 (ἰ
