3952 6222
118 312 217 369 473

119 426 179 482 Ut
208 426 375 483 dolor
404 430 646 501 acquirat
668 429 829 497 vires,
853 440 973 486 cum
998 426 1172 498 perdit
1198 437 1457 485 amantem
1475 472 1491 498 ,

184 520 328 572 Ante
361 520 588 587 placere
616 519 758 584 facit,
787 519 971 573 durius
1006 518 1129 573 inde
1160 521 1372 587 premit.

115 606 226 661 Heu
257 608 527 679 lacryma:
551 624 751 675 rerum,
776 608 878 663 heu
908 620 1024 662 sors
1047 609 1260 664 inimica
1291 610 1547 679 virorum,

180 699 291 752 Cur
321 701 593 767 placitura
620 699 771 764 facis,
801 712 919 766 qua:
950 698 1175 753 dolitura
1202 701 1343 769 rapis
1355 702 1379 755 τ

113 785 388 840 Vilitliuta
419 789 638 852 decens,
667 786 898 857 Dagaulﬂ
929 787 1087 842 chara
1123 788 1337 858 jugalis,

176 873 453 945 Conjugis
496 876 739 944 amplexu
766 874 1044 929 dissociata
1070 875 1261 944 jacetu

110 966 359 1034 Corpore
387 968 573 1036 juncta
610 967 749 1034 toro,
781 967 897 1036 plus
929 975 1142 1035 pectore
1168 981 1304 1023 nexa
1335 967 1547 1035 marito,

177 1054 351 1112 Lucis
378 1058 434 1111 in
459 1071 649 1113 occasu
669 1058 877 1113 vincula
896 1058 1037 1126 rupit
1062 1070 1231 1113 amor.

107 1142 394 1213 Tempora
421 1147 506 1201 cui
538 1153 775 1213 poterant
802 1152 827 1181 ι
852 1146 1023 1202 adhuc
1052 1146 1107 1202 in
1137 1148 1269 1203 llore
1294 1153 1531 1212 manere,

176 1233 470 1305 Principio
492 1234 520 1273 δ
544 1238 664 1293 vita:
693 1236 809 1291 linis
832 1238 1053 1293 acerbus
1085 1237 1263 1292 habet.

105 1321 400 1392 Sanguine
429 1326 679 1380 nobilium
707 1334 955 1395 generata
985 1325 1221 1380 Parisius
1252 1334 1275 1363 °
1303 1326 1460 1392 urbe,

179 1413 443 1471 Romana
472 1416 674 1482 studio,
694 1416 919 1471 barbara
947 1415 1097 1485 prole
1127 1416 1245 1471 luit.

105 1501 398 1571 ingenium
425 1507 553 1562 mite
579 1506 786 1561 intorva
814 1502 841 1542 ά
866 1505 934 1560 de
961 1513 1118 1575 gente
1146 1505 1412 1570 trahebat,

178 1590 431 1649 Vincere
458 1603 721 1671 naturam,
748 1594 929 1669 gloria
951 1594 1119 1662 major
1143 1604 1278 1649 erat.

107 1680 411 1753 Nunquam
432 1692 622 1740 maesta
643 1696 881 1750 manens,
896 1682 1058 1753 [vultu
1086 1698 1221 1739 nova
1242 1685 1429 1754 gaudia
1448 1692 1684 1755 portans,

178 1773 389 1830 Nubila
418 1775 591 1831 fronte
620 1774 829 1845 fugane,
859 1774 1021 1831 unde
1045 1788 1234 1831 serena
1260 1776 1381 1831 iuit.

108 1862 278 1918 Fudit
311 1865 384 1918 ab
409 1878 505 1920 ore
525 1864 681 1934 jubar
718 1865 924 1934 species
950 1866 1195 1921 redimita
1220 1865 1432 1934 decore,

178 1951 427 2008 Protulit
454 1963 509 2009 et
533 1953 710 2024 radios
736 1954 904 2009 forma
930 1964 1149 2011 venusta
1175 1969 1319 2012 suos.

110 2041 307 2111 Stirpe
330 2057 425 2099 sua
452 2042 682 2112 reliquas
710 2044 975 2112 superavit
1002 2044 1219 2114 pulchra
1247 2046 1474 2115 puellas,

182 2130 261 2186 Et
293 2146 485 2188 crocea
512 2142 539 2171 ο
568 2131 705 2188 facie
734 2133 903 2190 lactea
927 2134 1062 2190 colla
1093 2135 1227 2189 tulit.

111 2218 420 2290 Splendida
450 2233 757 2293 conspectu,
786 2224 992 2279 meliori
1020 2233 1235 2294 pectore
1261 2223 1443 2295 fulsit,

186 2311 368 2382 Digna
396 2312 601 2369 micatis
624 2315 822 2381 animo,
855 2327 953 2370 nec
984 2315 1175 2384 pietate
1201 2316 1400 2371 minor.

113 2402 221 2457 Cal
249 2408 497 2472 quamvis
526 2408 701 2463 nullus
730 2408 828 2464 bac
861 2409 913 2463 in
941 2410 1155 2478 regione
1181 2408 1525 2480 propinquus,

187 2495 468 2565 Obsequio
495 2499 627 2552 iacta
656 2509 739 2555 est
769 2501 1015 2556 omnibus
1040 2506 1140 2556 una
1170 2512 1381 2569 parens.

118 2584 333 2641 Divinis
360 2582 557 2641 intenta
585 2587 762 2651 bonis,
790 2589 1037 2643 alimenta
1067 2590 1393 2654 ministrans,

190 2674 313 2741 Qua
345 2676 591 2733 mercede
616 2676 781 2746 magis
802 2690 861 2732 se
886 2676 1111 2731 satiasse
1136 2677 1297 2734 videt.

123 2766 254 2824 dare
281 2768 406 2825 data
444 2776 565 2839 post
606 2767 806 2826 obitum
855 2770 1055 2827 faciunt
1098 2786 1307 2842 quoque
1346 2772 1527 2828 vivere
1565 2770 1685 2829 fun-

1424 2864 1583 2937 [ctam
1596 2906 1612 2935 ,

194 2947 397 3004 Forma
424 2949 561 3019 perit
588 2949 887 3017 hominum,
913 2966 1035 3017 nam
1064 2953 1338 3009 benefacta
1363 2962 1601 3010 manent.

122 3038 362 3111 Corpora
392 3042 567 3111 pulvis
586 3038 760 3109 erunt,
786 3051 840 3098 et
864 3058 1012 3100 mens
1042 3045 1124 3114 pia
1152 3042 1303 3101 floret
1329 3046 1383 3100 in
1405 3045 1539 3114 arvo,

194 3128 388 3184 Omnia
418 3139 755 3199 praetereunt,
783 3141 974 3201 praeter
993 3148 1173 3189 amare
1202 3128 1385 3190 Deum.

124 3218 380 3289 Orphaua
408 3227 533 3279 tunc
562 3224 693 3277 avita
724 3219 744 3259 ί
772 3222 959 3279 studiis
988 3225 1221 3281 adolevit
1241 3228 1454 3299 opima},

195 3309 365 3380 inque
396 3311 514 3366 loco
542 3320 678 3367 natae
704 3315 876 3393 neptis
904 3315 1085 3370 adulta
1114 3315 1231 3373 fuit.

123 3398 340 3455 Tertius
362 3415 392 3454 a
413 3400 623 3457 decimo
648 3412 708 3458 ut
734 3404 868 3460 hanc
891 3412 916 3453 ι
939 3406 1167 3475 primum
1190 3417 1467 3478 acceperat
1491 3421 1679 3477 annus,

196 3488 447 3542 Traditur
479 3500 661 3556 optato
692 3495 993 3545 consociata
1020 3496 1151 3548 viro.

124 3575 388 3632 Nobilitas
416 3578 470 3629 in
500 3585 656 3645 gente
683 3591 778 3633 sua
804 3579 889 3632 cui
919 3580 1058 3634 celsa
1087 3580 1322 3650 refulsit,

191 3668 369 3735 Atque
390 3665 504 3720 suis
529 3668 731 3723 meritis
756 3667 965 3724 additur
987 3669 1120 3725 alter
1141 3670 1333 3729 honor.

124 3756 310 3813 Dulcis
337 3772 525 3826 ovans,
551 3759 742 3817 alacris
769 3761 955 3817 studiis
982 3770 1167 3818 ornata
1189 3762 1464 3834 juventus,

191 3848 349 3916 Quod
378 3857 567 3924 patura
593 3850 796 3921 nequit,
830 3850 1002 3907 littera
1028 3862 1267 3923 prompta
1306 3854 1472 3910 dedit.

124 3937 255 3995 Tres
288 3954 535 3995 meruere
560 3949 739 3996 tamen
761 3939 928 4010 juncti
956 3950 1233 4011 superesse
1258 3954 1354 4013 per
1387 3954 1597 4010 annos,'

190 4029 559 4101 Conjugioque
586 4046 703 4100 suo,
730 4032 892 4088 corde
918 4032 1112 4103 ligante
1138 4032 1268 4089 t‘rui.

122 4122 298 4184 Ambo
314 4100 486 4193 pares
515 4125 715 4192 animo,
742 4133 887 4190 voto,
917 4100 1031 4194 spe,
1057 4126 1312 4194 moribus,
1340 4100 1483 4193 sctit,

194 4211 586 4283 Certantesque
609 4212 731 4279 sibi,
762 4220 957 4278 mente,
990 4214 1202 4280 decore,
1233 4215 1358 4282 fide,

122 4300 391 4372 Tempore
413 4303 523 4371 jam
546 4309 691 4357 certo
712 4314 794 4356 est
820 4301 981 4355 enixa
1010 4316 1266 4372 puerpera
1297 4305 1517 4374 prolem,

196 4393 403 4459 Damno
426 4390 531 4445 feta
559 4404 675 4455 suo,
707 4402 824 4456 quas
852 4389 1108 4458 pariendo
1136 4389 1292 4457 perit.

119 4562 460 4619 suetudinem
496 4553 777 4631 signiﬁcet.
820 4561 991 4629 Quam
1029 4562 1290 4620 ueritatem
1322 4561 1674 4632 HyperbOreis

119 4633 368 4687 omnibus
388 4646 723 4686 communem
748 4645 809 4686 ac
836 4646 972 4700 pene
1008 4635 1239 4689 nativam
1284 4635 1447 4689 fuisse
1488 4633 1677 4701 asserit

121 4701 310 4758 Sidon.
341 4702 661 4771 Apollinaris
689 4702 740 4756 in
764 4701 927 4756 Anth.
958 4703 1201 4773 inquiens
1227 4723 1238 4756 :
1300 4740 1305 4745 ι

600 4792 601 4795 “
736 4791 970 4842 .....Jacet
989 4804 1086 4843 axe
1104 4792 1195 4844 sub
1220 4802 1345 4844 ursa

209 4853 551 4919 (semianimis,
568 4853 902 4919 membrisque
918 4854 1102 4917 minus,
1122 4858 1188 4907 its
1212 4855 1421 4907 vultibus
1443 4856 1558 4919 lpSis

271 4913 511 4967 Inlautum
528 4913 647 4973 suns
664 4913 835 4967 horror
855 4918 1000 4967 inest.

194 5023 346 5092 Quod
368 5021 847 5094 autem_Vilithuta,
892 5023 1129 5094 quamvis
1158 5032 1279 5079 nata
1307 5024 1541 5091 Parisiis,
1570 5039 1676 5081 non

124 5102 271 5149 esset
294 5108 324 5147 e
350 5102 506 5162 gente
549 5092 1071 5157 Francorum,‘satis
1091 5095 1325 5149 ostendit
1372 5108 1555 5163 versus
1586 5096 1676 5150 ille

126 5163 217 5230 qui
241 5164 396 5232 paulo
426 5169 547 5243 post
573 5163 911 5230 consequitur
938 5165 988 5215 in
1022 5163 1120 5217 hoc
1155 5174 1394 5232 poemate
1420 5182 1428 5215 :

245 5251 564 5314 Culquamvis
581 5250 740 5314 nullus
762 5252 849 5299 hac
878 5254 923 5298 in
946 5253 1149 5313 regione
1174 5258 1480 5313 pmpinquus,

304 5312 552 5375 Obsequio
573 5312 691 5361 facta
714 5321 788 5361 est
805 5312 1029 5368 omnibus,
1049 5328 1141 5361 una
1166 5312 1337 5375 parens
1363 5312 1376 5362 ὲ

199 5391 401 5469 ξξσξᾱίι.
418 5394 576 5469 Ven._,
607 5400 839 5469 poterant
865 5404 911 5449 et
936 5396 1148 5469 ᾳιξξιιιεζ
1155 5396 1291 5469 quod
1324 5398 1671 5469 sequendum.

159 5456 393 5546 “illitos
434 5456 747 5520 .Godl'Vst.
807 5474 861 5521 et
933 5464 1065 5519 Edit.
1098 5456 1307 5532 Paris,
1371 5456 1677 5534 principium

125 5540 394 5654 vuf'Edit.
425 5601 581 5667 γεω,
619 5603 815 5660 Psrisis
844 5606 896 5659 in
916 5604 1055 5660 urbe.

197 5666 222 5706 ιι
252 5668 394 5727 linus
420 5671 552 5727 Cod.
570 5666 574 5667 ⁷
592 5674 730 5743 ναι,
752 5687 899 5731 torva
926 5676 989 5739 de
1008 5684 1169 5751 gente.

1287 310 1781 373 MISCELLANEA.
1810 282 1877 360 σέ-
1914 306 2040 370 Lts.
2080 311 2173 373 tv.

1709 430 1766 492 Α
1792 424 2034 495 Abripuit
2062 435 2296 482 teneram
2325 424 2498 483 subito
2526 438 2671 483 mors
2697 426 2871 483 invida
2898 428 3141 497 turmam,

1662 4394 1667 4401 ’
1700 4424 1754 4485 1)

3229 316 3334 377 171

1857 517 2039 570 Annos
2067 516 2257 586 quippe
2286 512 2316 553 ιι
2339 515 2494 585 duos,
2521 514 2685 572 lustra
2713 517 2943 585 gerendo
2965 518 3087 574 tria.

1790 603 1878 659 Sic
1906 605 2134 658 animam
2162 619 2438 675 generans,
2469 605 2641 659 anima
2668 606 2923 674 spoliatur
2949 616 3003 663 et
3028 607 3163 676 ipsa,

1862 696 2018 762 Spem
2049 698 2255 766 peperit
2279 696 2401 759 luci,
2435 697 2551 750 luce
2581 706 2813 765 negante
2832 697 2956 752 sibi.

1791 786 2104 855 Exemplum
2133 787 2225 841 sed
2252 787 2407 842 triste
2432 787 2572 842 dedit
2601 801 2787 841 secura
2823 786 2841 823 ί
2874 788 3111 856 parenti,

1862 878 2011 933 Unde
2037 878 2207 932 redire
2236 879 2392 944 solet,
2422 878 2599 933 deficit
2625 877 2746 933 inde
2770 891 2955 946 genus,

1789 967 1999 1023 Tertius
2023 982 2139 1023 esse
2166 978 2316 1036 pater
2336 970 2575 1038 cupiens,
2609 970 2711 1023 heu
2733 969 2878 1023 solus
2901 954 3140 1036 habetur,

1854 1044 2109 1111 Crescere
2135 1072 2240 1126 quo
2266 1072 2513 1112 numerus
2537 1057 2734 1122 debuit,
2762 1058 2875 1126 ipse
2905 1060 2922 1107 Ι
2949 1057 3113 1113 cadit.

1788 1143 1919 1199 Nam
1946 1155 2126 1214 partus
2170 1143 2407 1215 [parvus]
2433 1160 2551 1201 cum
2581 1155 2750 1201 matre
2777 1147 2934 1215 perit,
2962 1149 3229 1209 nascendo
3255 1166 3339 1210 se.

1998 1244 2003 1252 ’
2016 1272 2025 1276 ο
3036 1238 3269 1309 [Pluma

1998 1244 2025 1276 ὀ
3036 1236 3273 1311 lilium:

1858 1320 1940 1376 Nil
1967 1320 2125 1375 male
2145 1320 2386 1388 trahens,
2417 1328 2569 1377 natus
2592 1321 2644 1377 in
2672 1336 2765 1379 ore
2788 1325 2952 1382 necis.
3138 1312 3151 1337 '

1790 1409 1911 1465 Plus
1938 1408 2147 1464 fuerant
2167 1410 2287 1476 soli,
2310 1409 2356 1464 si
2386 1419 2508 1466 tunc
2528 1410 2644 1466 sine
2670 1406 2818 1481 prole
2847 1412 3093 1483 fuissent,

1860 1499 2048 1555 Addita
2079 1501 2360 1570 posteritas
2380 1500 2592 1558 abstulit
2614 1503 2668 1557 id
2696 1505 2834 1572 quod
2859 1515 2989 1563 erat.

1788 1588 2033 1646 infaustis
2059 1590 2197 1645 votis
2223 1590 2432 1657 genitus
2451 1590 2518 1646 de
2548 1590 2732 1647 funere
2755 1595 2958 1660 matris,

1856 1676 1924 1733 Et
1948 1677 2175 1750 genitrix
2201 1676 2326 1733 nato
2352 1678 2541 1735 mortis
2567 1680 2715 1750 origo
2740 1679 2859 1739 fuit.

1716 1762 1765 1827 Β
1788 1769 1939 1825 Alter
1962 1771 2013 1823 in
2041 1768 2264 1825 alterius
2289 1770 2473 1825 lethali
2502 1778 2648 1827 sorte
2673 1772 2954 1843 pependit;

1857 1859 2020 1929 Inque
2046 1859 2220 1915 vicem
2249 1859 2351 1915 sibi
2378 1874 2502 1916 mox
2524 1862 2682 1916 ambo
2706 1862 2901 1919 dedere
2926 1880 3130 1922 necem.

1787 1948 1897 2006 Sed
1925 1949 2090 2006 sensit
2114 1949 2356 2020 graviora
2382 1948 2567 2005 dolens
2599 1960 2763 2019 pater,
2791 1962 2951 2023 atque
2979 1958 3219 2027 maritus,

1857 2039 1954 2105 Qui
1985 2037 2163 2108 gemit,
2189 2051 2294 2092 uno
2315 2038 2461 2093 obitu
2485 2052 2544 2093 se
2567 2041 2820 2110 sepelisse
2846 2043 2998 2112 duos.

1786 2125 1892 2181 Pro
1921 2128 2005 2179 vix
2033 2124 2156 2179 dum
2178 2125 2362 2194 genito
2388 2124 2647 2195 lacrymas
2669 2128 2778 2197 jam
2803 2132 2962 2186 solvit
2989 2134 3226 2203 humata,

1858 2217 2005 2273 Vidit
2027 2216 2169 2287 quod
2197 2217 2367 2284 ﬂeret,
2397 2231 2501 2273 non
2531 2217 2670 2287 quod
2699 2219 2919 2276 haberet
2954 2238 3128 2281 amor.

1786 2305 2037 2363 Tristitia:
2060 2306 2325 2361 cumulum
2354 2305 2537 2362 tribuit
2557 2308 2642 2362 cui
2675 2317 2821 2385 rapta
2843 2310 3059 2380 jugalis,

1855 2396 1997 2453 Dans
2024 2396 2206 2467 longas
2232 2398 2489 2468 lacrymas
2517 2392 2761 2468 tempore
2780 2411 2940 2471 nupta
2964 2402 3136 2462 brevi.

1786 2488 2096 2544 Consultum
2122 2499 2297 2544 tamen
2326 2488 2458 2544 illud
2483 2488 2643 2546 habet
2667 2490 2735 2546 de
2761 2486 2993 2565 conjuge
3010 2496 3223 2567 coniux,

1853 2571 1987 2633 Huic
2012 2578 2130 2648 quia
2159 2578 2418 2633 mercedis
2444 2594 2548 2635 non
2574 2591 2826 2637 vacuatur
2851 2598 3005 2653 opus.

1783 2668 1913 2724 Nam
1942 2669 2079 2737 quod
2104 2668 2173 2722 ad
2199 2678 2440 2723 ornatum
2469 2670 2641 2738 potuit
2666 2671 2921 2729 muliebre
2948 2675 3135 2746 videri,

1864 2750 2118 2813 Ecclesiis
2147 2765 2389 2827 prompte
2416 2758 2839 2830 pauperibusque
2861 2763 3024 2820 dedit.

1784 2849 1882 2905 Hic
1909 2836 2053 2905 nulla
2080 2864 2149 2906 ex
2178 2849 2285 2905 illis
2310 2848 2469 2906 rebus
2494 2850 2729 2920 peritura
2755 2853 2987 2924 reliquit,

1856 2939 1924 2996 Ut
1951 2938 2111 2995 modo
2139 2937 2444 3009 praemissas
2469 2940 2619 2997 dives
2648 2940 2870 2999 haberet
2891 2957 3041 3014 opes.

1790 3030 1963 3099 Quam
1992 3030 2129 3086 bene
2156 3029 2496 3097 distribuens,
2525 3030 2640 3088 sine
2666 3046 2726 3088 se
2751 3047 2846 3089 sua
2868 3035 3037 3091 noluit
3060 3050 3198 3106 esse,

1855 3124 1985 3178 Nam
2013 3138 2131 3193 quae
2156 3116 2301 3192 larga
2327 3120 2353 3160 ¹ι
2374 3123 2542 3189 dedit,
2572 3124 2686 3181 hac
2713 3126 2871 3181 modo
2900 3127 3052 3196 plena
3081 3130 3248 3188 metit.

1783 3214 2030 3272 Condidit
2057 3229 2184 3285 ergo
2207 3214 2310 3271 sibi
2338 3213 2592 3285 quidquid
2621 3218 2859 3287 porrexit
2885 3220 3083 3289 egenti,

1854 3305 1923 3361 Et
1943 3321 2075 3376 quos
2104 3307 2328 3375 sumpsit
2350 3307 2524 3377 inops,
2552 3309 2650 3362 hos
2677 3308 2839 3363 habet
2866 3308 2955 3366 illa
2984 3312 3152 3367 cibos.

1783 3384 1986 3451 Felices
2013 3411 2144 3465 quos
2170 3395 2317 3456 nulla
2336 3396 2555 3464 gravant
2581 3397 2649 3453 de
2675 3406 2845 3454 morte
2872 3402 3121 3466 secunda,

1850 3486 1957 3540 Nec
1982 3486 2179 3540 faciunt
2206 3486 2376 3551 poenis
2399 3485 2606 3539 subdita
2636 3488 2873 3541 membra
2902 3489 3051 3558 ieris.

1781 3572 2028 3627 Dulcibus
2056 3571 2315 3626 illecebris
2337 3572 2425 3641 qui
2456 3586 2560 3626 non
2582 3572 2683 3628 sibi
2708 3573 2889 3629 condit
2909 3576 3174 3634 Avernum
3205 3576 3250 3648 ι,

1853 3660 1959 3717 Nec
1986 3675 2078 3730 per
2101 3675 2315 3716 carnem
2345 3660 2575 3717 animam
2603 3661 2716 3717 vult
2741 3663 2967 3734 sepelire
2990 3679 3164 3723 suam.

1783 3749 1889 3806 Sed
1917 3758 2060 3805 casta
2090 3750 2284 3820 pietate
2312 3762 2554 3816 manens,
2580 3740 2940 3810 sine-crimine
2960 3754 3103 3824 vitae,

1853 3841 1994 3895 illius
2018 3841 2069 3895 in
2098 3840 2217 3896 luce
2243 3841 2341 3895 hac
2369 3849 2409 3877 ιη
2432 3842 2645 3910 praemia
2668 3840 2799 3897 lucis
2821 3845 2981 3900 emit.

1781 3931 2041 4001 Tempore
2064 3945 2218 3999 quam
2248 3944 2408 3998 parvo
2432 3929 2694 3999 lacrymas
2719 3939 2813 3985 aut
2836 3933 3034 4002 colligit
3060 3937 3295 4007 amplas!

1853 4024 1959 4076 Aut
1986 4019 2068 4077 cui
2095 4020 2199 4075 vita
2228 4020 2359 4083 nitet
2386 4027 2414 4056 ι’
2430 4058 2446 4086 ,
2470 4017 2660 4089 gaudia
2687 4019 2841 4090 longa
2866 4025 3025 4094 capit.

1726 4164 1745 4173 ,
1782 4112 1879 4168 llic
1898 4125 1922 4149 υ
1950 4113 2017 4168 de
2043 4120 2209 4167 morte
2238 4111 2371 4167 levis
2396 4111 2548 4167 dolor
2576 4120 2688 4179 est;
2717 4127 2840 4167 nam
2866 4112 3047 4171 durius
3073 4114 3223 4185 illud,

1853 4204 1947 4271 Hic
1969 4218 2123 4272 quem
2151 4204 2415 4259 viventem
2440 4201 2661 4258 Tartara
2689 4203 2837 4274 nigra
2866 4212 3063 4263 tenent.

1781 4294 1967 4349 infelix
1991 4294 2248 4364 quisquis,
2270 4294 2551 4350 maculosis
2575 4295 2779 4350 actibus
2807 4309 2955 4363 usus,

1856 4386 1989 4439 Ante
2018 4382 2174 4455 [arte]
2201 4385 2584 4453 redemptorem
2610 4398 2670 4439 se
2689 4385 2963 4455 laqueatae
2985 4386 3150 4445 videt.

1852 4567 1875 4595 θ
1905 4562 2049 4618 Unus
2076 4562 2206 4617 Cod.
2235 4560 2375 4625 Vat.,
2396 4576 2548 4617 roses

1851 4629 1872 4668 ί
1907 4631 2044 4701 Edit.
2071 4632 2226 4696 γεω..
2258 4631 2457 4698 Orrana
2486 4641 2602 4686 tunc
2629 4632 2743 4687 avia
2766 4641 2859 4701 est,
2885 4634 3151 4691 mendose.

1849 4709 1873 4771 β
1907 4700 2058 4771 l_bid.,
2080 4702 2227 4771 rhach
2248 4710 2303 4753 ut
2328 4704 2561 4771 primunt.

1846 4767 1876 4806 ιι
1901 4769 2031 4823 Cum
2061 4770 2258 4824 dixerit
2286 4767 2442 4839 supra
2473 4772 2788 4828 Fortunatus
2819 4771 3124 4833 Vilithutam
3144 4788 3319 4835 annos

1780 4839 2030 4895 terdecim
2062 4848 2237 4893 natam
2268 4842 2530 4910 nupsisse,
2551 4851 2605 4896 et
2636 4856 2800 4898 annos
2828 4850 2934 4899 tres
2960 4844 3156 4899 vixisse
3194 4860 3320 4903 cum

1778 4911 1999 4979 conjuge
2054 4912 2414 4977 superstitem,
2465 4923 2775 4981 sequeretur
2818 4912 3055 4969 eamdem
3108 4922 3317 4976 sextum

1778 4982 2043 5037 decimum
2092 4994 2287 5033 annum
2338 4981 2558 5036 vivendo
2599 4982 2863 5051 explesse.
2914 4983 3018 5037 Cur
3059 4997 3185 5051 ergo
3232 4983 3319 5042 hic

1778 5052 1961 5106 decem
2009 5057 2061 5121 et
2105 5059 2303 5117 septem
2334 5066 2504 5121 annos
2531 5049 2697 5107 refert
2720 5054 2885 5121 ipsam
2912 5049 3141 5107 vixisse?
3178 5051 3317 5111 forte

1778 5134 1987 5199 menses
2029 5119 2082 5173 in
2125 5120 2485 5188 superioribus
2532 5119 2754 5177 summis
2804 5125 3182 5189 praetermissos
3234 5125 3317 5181 hic

1777 5190 1939 5245 refert
1970 5190 2021 5243 itt
2050 5202 2347 5243 numerum.

1852 5257 1869 5336 ξ
1904 5257 2228 5336 Lbid.,_dedit
2259 5260 2420 5329 fetura
2442 5262 2673 5336 parenti;
2717 5333 2724 5336 _
2834 5329 2839 5333 ‘

1850 5327 1864 5378 i
1904 5327 2045 5381 Edit.
2071 5328 2203 5381 Ven.
2230 5326 2283 5383 et
2315 5339 2420 5383 tres
2442 5326 2605 5382 Codd.
2631 5326 2774 5392 Vat.,
2801 5329 2911 5383 esse
2937 5332 3094 5386 cadit.

1848 5397 1873 5466 li
1903 5395 2050 5449 Unus
2072 5396 2202 5466 Cod.
2231 5397 2372 5465 Vat.,
2405 5394 2868 5466 nam‘quglingua
2898 5400 3057 5454 dedit.

1851 5465 1870 5502 ι
1904 5465 2039 5535 Elidit.
2074 5464 2206 5535 ven.
2230 5462 2418 5535 etptr'es
2444 5462 2611 5519 Codd.
2646 5462 3253 5535 Vat.;.canditamarum_

1847 5545 1885 5572 ω
1909 5533 2059 5605 Εᾱίι.
2081 5533 2406 5605 Αγεῃη-ἱιιὶυε
2428 5535 2483 5597 in
2510 5536 2620 5605 (ses
2643 5535 2754 5591 licet:
2778 5533 3006 5605 promis.

1844 5616 1873 5646 ι
1907 5602 2051 5657 Unus
2070 5602 2200 5657 Cod.
2232 5602 2372 5669 Vat.,
2400 5612 2489 5655 aut
2514 5603 2595 5659 cui
2618 5606 2723 5658 vita
2742 5602 2907 5671 (cncta

1850 5678 1875 5707 °
1905 5672 2019 5729 Duo
2043 5670 2207 5727 Codd.
2238 5671 2356 5728 Vat.
2388 5679 2442 5729 et
2470 5672 2601 5731 Ven.
2630 5674 2801 5742 Edit.,
2826 5676 2921 5729 hac
2946 5675 3010 5730 de
3050 5685 3231 5736 morte.
