3952 6222
3664 92 3907 150 ’.⁵-1

638 309 740 364 I75
1319 301 1635 358 VENANTII
1672 301 1824 358 HON.
1866 300 2069 358 CLEM.
2108 299 2498 358 FOBTUNATI
2534 299 2812 357 OPERUM
2849 300 3046 358 PARS.
3085 303 3126 358 Ι.
3744 307 3860 365 I76

639 417 871 473 Nubibus
899 418 1135 470 invectus
1156 426 1273 468 cum
1303 413 1506 467 venerit
1533 412 1734 468 arbiter
1759 411 1928 479 orbis,
2211 414 2267 474 Α
2291 409 2370 467 Tu
2398 426 2606 481 quoque
2633 425 2735 468 nec
2757 411 3002 482 lacrymis
3030 427 3155 470 uras
3179 415 3262 483 pla
3291 414 3422 470 facta
3447 417 3637 488 iugalis

706 511 775 563 Et
807 509 926 562 Iuba
955 507 1199 560 terribilis
1224 503 1444 558 moverit
1469 506 1498 536 ⁸
1523 517 1669 558 arma
1699 502 1850 572 polis.
2357 501 2450 557 Cui
2479 503 2636 557 modo
2657 503 2942 557 creduntur
2971 503 3056 557 hic
3080 501 3108 540 δ
3140 505 3360 560 meliora
3385 505 3523 561 dari.

639 599 732 654 llis
761 599 901 652 venit
935 597 1092 660 Elias,
1124 596 1226 649 illis
1251 595 1304 648 in
1334 593 1576 648 curribus
1604 593 1809 659 Enoch,
2285 593 2414 650 Nam
2444 595 2487 648 si
2509 594 2752 661 deplores
2782 595 2983 649 meritis
3009 610 3128 664 qua:
3157 596 3282 650 vivit
3304 598 3518 665 opimis,

708 687 1028 743 Anteviando
1056 699 1210 750 suos;
1243 683 1364 738 hinc
1393 684 1614 749 Petrus;
1648 684 1766 738 hinc
1793 680 2114 752 Stephanus.
2258 694 2263 698 ‘
2353 683 2606 754 Conjugis
2628 683 2741 753 ipse
2766 683 2919 738 bonis
2946 684 3236 739 invidiosus
3263 687 3391 741 eris.

640 778 796 834 Flore
824 778 1107 848 puellarum
1140 790 1290 830 rosea
1319 775 1549 842 stipante
1577 787 1794 838 corona,
2286 774 2583 831 Praesertim
2603 791 2763 845 quam
2788 790 2969 842 sensu,
3001 775 3200 843 animo,
3225 778 3316 831 tibi
3348 792 3573 846 corpore
3597 779 3854 847 junctam

709 870 849 923 lnter
877 866 1135 934 virgineos
1158 865 1322 932 prima
1345 862 1501 916 Maria
1531 864 1742 917 choros.
3439 866 3660 936 [juncus
3695 866 3775 937 ι’]

636 958 768 1015 Hinc
813 956 1010 1013 Martha
1040 956 1085 1020 δ,
1134 955 1254 1011 hinc
1299 968 1490 1024 sponsa
1538 956 1748 1023 Agnes,
1786 951 1941 1008 Tecla
1987 952 2181 1020 dulcis,
2352 954 2486 1011 Cum
2511 955 2725 1010 Christo
2747 968 2962 1024 semper
2984 955 3144 1011 corde
3173 955 3339 1011 fuisse
3367 955 3557 1011 refers.

1226 1101 1228 1108 ,
1815 1041 2037 1114 [Agathe
2063 1046 2112 1110 °,
2284 1039 2410 1096 Post
2438 1040 2644 1094 Domini
2670 1040 2873 1102 vultus.
2895 1040 2960 1094 ad
2989 1050 3039 1096 te
3066 1041 3112 1095 si
3133 1039 3282 1109 jnssa
3311 1040 3529 1110 rediret,

703 1134 770 1189 Et
798 1149 1117 1204 quaecunque
1143 1133 1252 1188 Deo
1274 1131 1575 1202 virginitate
1603 1132 1792 1198 placet.
2163 1143 2169 1149 '
2353 1129 2528 1184 Fleret
2576 1131 2632 1184 in
2661 1131 2801 1184 hunc
2852 1130 3104 1184 mundum
3151 1144 3209 1184 se
3239 1130 3557 1184 revocassei
3593 1130 3841 1201 gradum.

636 1222 782 1278 Tunc
812 1224 879 1277 ibi
907 1225 1022 1292 quis
1049 1233 1235 1286 terror,
1264 1222 1383 1278 ςαξιί
1415 1221 1693 1276 assistente
1717 1229 1902 1275 senatu
2282 1221 2506 1280 Charine
2533 1222 2620 1276 illa
2651 1222 2791 1277 diem
2820 1223 3031 1288 retinet,
3063 1236 3220 1291 quem
3249 1222 3469 1291 perdere
3491 1225 3678 1289 nescit,

703 1312 836 1380 Quid
865 1312 1078 1367 dicturze‘
1106 1313 1296 1366 animae
1320 1311 1514 1380 judieis
1541 1310 1592 1364 in
1624 1310 1792 1365 facie?
2354 1313 2519 1380 Quam
2549 1313 2707 1376 hunc,
2739 1326 2896 1382 quem
2924 1312 3114 1376 timuit,
3147 1313 3251 1367 fine
3278 1324 3533 1382 sequente
3559 1313 3680 1368 sibi.

631 1401 747 1458 Mox
768 1411 858 1457 aut
886 1417 1038 1471 pcena
1068 1409 1242 1456 manet
1267 1401 1507 1464 miseros,
1535 1409 1626 1454 aut
1652 1401 1823 1467 palma
1853 1399 2051 1457 beatos.
2282 1401 2358 1459 Ne
2383 1416 2542 1471 grave
2566 1401 2720 1456 funus
2740 1401 2763 1439 ι
2798 1417 2945 1473 agas,
2966 1401 3170 1457 cunctis
3199 1410 3382 1456 natura
3409 1403 3549 1470 quod
3577 1401 3757 1468 olfert.

701 1493 933 1563 Quisque
959 1507 1068 1547 suae
1096 1494 1214 1546 vita:
1240 1491 1440 1544 semina
1465 1491 1603 1559 jacta
1630 1492 1794 1546 metit.
2350 1491 2498 1560 Quod
2524 1505 2645 1546 cum
2673 1491 2995 1561 principibus
3025 1492 3368 1561 participatur
3388 1488 3565 1561 inops.

627 1581 759 1638 Sunt
788 1582 974 1636 dicturi
1014 1582 1100 1634 alii
1125 1599 1138 1632 ε
1168 1579 1324 1644 Cade,
1358 1594 1532 1648 mons,
1562 1591 1613 1635 et
1641 1584 1928 1651 comprime
1953 1597 2170 1653 corpus;
2279 1580 2488 1636 Nullum
2517 1590 2820 1650 paupertas,
2854 1596 2959 1635 non
2985 1583 3145 1650 eripit
3171 1583 3342 1647 ampla
3369 1582 3608 1650 facultas,

691 1673 791 1727 Sed
815 1671 945 1740 jussi
968 1671 1129 1726 colles
1158 1672 1294 1726 ferre
1318 1671 1556 1740 sepulcra
1579 1680 1789 1741 negant.
2348 1671 2458 1725 Hoc
2483 1685 2761 1726 commune
2788 1670 2947 1726 simul
2973 1670 3141 1735 dives,
3171 1685 3365 1739 egenus
3395 1670 3574 1726 habet.

625 1761 900 1828 Coguntur.
916 1762 1113 1815 minimi
1138 1761 1482 1830 quadrantem
1505 1761 1714 1816 solvere
1737 1764 1961 1828 nummi,
2209 1748 2258 1808 Β
2283 1758 2411 1815 Nam
2439 1775 2570 1828 puer
2597 1773 2753 1829 atque
2768 1774 2953 1825 senex,
2973 1761 3146 1830 niger,
3164 1759 3333 1824 albus,
3359 1763 3546 1828 turpis,
3563 1761 3840 1827 honestus,

694 1851 857 1903 Nemo
887 1850 1336 1918 pedemxremovet
1363 1862 1468 1916 quo
1490 1861 1582 1900 sua
1604 1849 1754 1918 culpa
1783 1853 1970 1918 trahit,
2355 1848 2570 1912 Debilis,
2598 1858 2655 1902 et
2681 1849 2852 1914 fortis,
2880 1848 3042 1913 mitis,
3073 1857 3128 1902 et
3151 1862 3306 1915 asper
3333 1847 3465 1900 obit.

629 1937 735 2006 Spe
763 1937 935 2003 vacui,
965 1939 1126 2007 paleae
1155 1937 1354 1992 similes
1382 1938 1652 1991 mittentur
1683 1940 1733 1994 in
1761 1940 1926 2009 ignes,
2287 1934 2305 1976 ι
2337 1936 2451 1992 Huc
2508 1936 2718 2006 sapiens
2823 1937 3044 1993 stolidus
3066 1977 3082 2004 ,
3159 1938 3492 2006 probus,.....
3567 1938 3846 2008 improbus

700 2028 982 2083 Pascendis
1011 2029 1232 2083 flammis
1262 2029 1314 2082 fit
1347 2026 1372 2064 ἀ
1400 2043 1526 2082 caro
1553 2039 1731 2084 nostra
1761 2031 1934 2086 cibus.
3545 2025 3772 2099 [οωυίέι

627 2118 817 2173 Vivunt
842 2120 906 2172 ad
937 2133 1140 2188 pmnas,
1173 2131 1372 2174 aeterno
1401 2121 1624 2176 ardente
1648 2123 1877 2188 camino,
2348 2115 2580 2182 Plenior,
2609 2115 2849 2184 exiguus,
2874 2128 3084 2183 parvus,
3115 2123 3168 2169 et
3199 2114 3336 2168 altus
3362 2115 3493 2169 adit.

700 2209 766 2263 lJt
792 2209 989 2264 cruciet
1016 2210 1245 2278 gravius,
1279 2223 1420 2262 mors
1444 2211 1577 2263 mala
1601 2226 1702 2264 non
1730 2214 1974 2271 moritur.
2276 2204 2500 2262 Tardius
2521 2213 2614 2260 aut
2644 2206 2802 2260 citius
2829 2204 2991 2261 currit
3018 2219 3134 2259 sors
3162 2205 3261 2258 ista
3290 2220 3387 2274 per
3410 2219 3618 2270 omnes,

634 2298 708 2352 Ne
737 2298 860 2352 fessi
893 2310 1132 2353 recreent
1156 2301 1359 2353 animas
1385 2299 1542 2367 longo
1567 2299 1685 2367 igne
1712 2311 1994 2368 crematas,

1958 2317 1994 2368 ς,
2350 2294 2599 2349 Dissimili
2627 2296 2838 2359 merito,
2867 2308 3008 2348 mors
3036 2294 3193 2346 trahit
3224 2307 3326 2346 una
3356 2295 3519 2346 viros.

706 2385 944 2455 Porriget
973 2394 995 2420 ε
1026 2387 1147 2449 heu,
1178 2387 1345 2439 nullas
1373 2386 1666 2458 llannniger
1692 2388 1866 2442 amnis
1885 2403 2068 2458 aquas.
2277 2381 2392 2437 Non
2424 2383 2577 2438 decet
2602 2397 2731 2451 ergo
2762 2396 2952 2451 graves
2982 2396 3078 2451 pro
3102 2381 3329 2451 conjuge
3351 2381 3576 2438 fundere
3599 2382 3788 2453 ﬂetus,

627 2472 783 2526 Parte
809 2473 930 2535 alia,
960 2474 1157 2528 meritis
1188 2473 1426 2527 felicibus
1454 2483 1568 2528 acta
1600 2473 1619 2510 ί
1646 2484 1886 2531 tenentes
2347 2472 2422 2527 De
2448 2474 2599 2538 cujus
2628 2471 2832 2526 meritis
2861 2481 2912 2526 te
2937 2471 3178 2528 dubitare
3207 2487 3387 2541 negas.

702 2560 990 2629 Fulgebnnt
1013 2563 1162 2629 justi,
1196 2562 1274 2616 sul
1304 2562 1449 2616 velut
1474 2576 1598 2616 arce
1627 2564 1750 2630 poli.
2276 2559 2482 2616 Felices
2511 2561 2728 2615 nimium
2761 2561 2846 2616 hic
2871 2560 2960 2631 qui
2987 2563 3102 2616 sine
3129 2563 3353 2616 crimine
3382 2571 3636 2631 premnt,

628 2651 774 2718 Digni
805 2653 978 2705 lumen
1011 2653 1225 2717 tiabein,
1253 2652 1484 2706 damnati
1513 2653 1754 2709 incendia
1782 2655 1998 2720 deﬂent,
2348 2649 2446 2717 Qui
2474 2649 2667 2707 melius
2695 2649 2908 2705 discunt
2933 2649 3113 2706 vivere
3139 2660 3258 2719 post
3283 2651 3514 2708 obitum.

698 2740 815 2793 Ιιιυς
844 2743 1089 2806 splendor
1117 2743 1231 2807 alit,
1262 2741 1359 2795 hos
1387 2757 1550 2809 vapor
1573 2746 1691 2810 igne
1720 2733 1917 2813 coquit.
2808 2758 3028 2814 CAPUT
3069 2758 3277 2814 XXVII.

626 2830 732 2884 Res
761 2842 842 2883 cst
874 2844 976 2886 una
1006 2831 1240 2898 quidem,
1271 2831 1464 2898 duplici
1490 2834 1583 2885 sed
1613 2834 1827 2884 [inditur
1855 2843 2000 2901 actu,

1855 2843 2000 2901 actu,
2717 2843 3046 2914 Epitaphium
3085 2845 3399 2915 Euphratae.

697 2919 822 2971 Nam
854 2927 1052 2972 cremat
1082 2919 1342 2987 indignos,
1371 2933 1478 2986 quo
1509 2919 1691 2983 prohat
1724 2920 1841 2987 igne
1874 2922 2008 2988 pios.

2281 2931 2673 3002 muphnsiam,
2717 2933 3096 2988 nobilissimam
3139 2935 3404 2999 feminam,
3438 2937 3592 2992 nonis
3628 2939 3842 2997 actibus

630 3007 850 3064 Eterna
882 3007 1083 3059 radiant
1111 3006 1339 3073 paradisi
1364 3007 1416 3059 in
1441 3008 1556 3060 luce
1578 3007 1737 3069 beati,
2205 3067 2248 3085 Α
2347 3005 2664 3085 cumulatam
2691 3041 2708 3066 ,
2762 3011 2816 3055 et
2860 3004 3461 3085 illustrem“virtutibus
3483 3049 3500 3072 ,
3555 3009 3839 3064 mortalem

629 3169 632 3172 ξ
699 3097 828 3149 Cnm
861 3093 992 3148 facie
1018 3067 1210 3148 Christi
1242 3110 1402 3163 regna
1437 3095 1662 3149 tenendo
1684 3067 1786 3149 sui.

2350 3073 2484 3124 hanc
2510 3071 2671 3124 vitam
2709 3085 2829 3125 cum
2845 3071 3265 3128 rimmortalitate
3309 3067 3667 3130 commutasse
3719 3092 3837 3147 gra-

2351 3141 2564 3193 tulatur.
2600 3139 2849 3193 Eiusdem
2875 3141 3288 3193 munificentiam
3338 3145 3388 3193 in
3433 3158 3716 3193 intimum-
3750 3160 3837 3193 ca.

629 3169 632 3172 -
706 3142 828 3202 ”“ξ“’
861 3142 873 3146 ⁷
899 3142 991 3148 ““’“
1025 3142 1210 3148 ⁷’“’”’
1242 3142 1402 3163 ”¹³““
1439 3142 1658 3201 ””’ξ’“
1685 3142 1785 3149 ""
1820 3189 1830 3199 .
1889 3189 1899 3199 .
2351 3142 2564 3193 tulatur.
2600 3142 2849 3208 Ejusdem
2875 3142 3288 3196 munificentiam
3338 3145 3388 3197 in
3432 3142 3840 3211 pauper-afen.

629 3192 801 3247 Gratia
833 3200 1022 3260 quanta
1055 3198 1248 3252 manet,
1279 3190 1451 3241 vultus
1477 3204 1564 3257 qui
1595 3197 1859 3257 aspexerit
1887 3190 2032 3243 illos!
2349 3210 2674 3280 sumonia‘m’
2721 3223 2931 3278 genam
2984 3225 3188 3280 quoque
3250 3211 3618 3278 nobililawm’
3671 3230 3833 3271 com-

699 3283 932 3346 Qnantus
965 3281 1129 3330 honor
1158 3281 1448 3342 hominum,
1490 3293 1640 3345 posse
1672 3281 1849 3332 videre
1882 3280 2073 3332 Deum!
2351 3276 2604 3344 mendat.]

629 3371 684 3425 Si
716 3370 868 3421 nimis
894 3368 1115 3434 erigitur
1138 3368 1370 3437 fragilem
1395 3371 1480 3434 qui
1503 3368 1670 3420 cernit
1701 3367 1949 3431 amicum,
2149 3373 2154 3376 '
2281 3361 2336 3417 Si
2361 3371 2396 3397 ω
2421 3363 2627 3430 pietatis
2647 3377 2780 3431 opus
2814 3378 3075 3432 nunquam
3107 3365 3360 3421 morietur
3385 3370 3435 3422 in
3453 3384 3567 3423 avo
3594 3370 3837 3444 [avum],

700 3459 933 3522 Qualiter
967 3457 1189 3510 exsultet
1218 3459 1302 3524 qui
1334 3457 1471 3510 videt
1502 3470 1593 3509 ora
1623 3456 1747 3510 Dei?
2277 3527 2279 3529 _
2361 3452 2500 3506 Vivis
2524 3467 2617 3519 pro
2647 3453 2858 3517 merito,
2887 3452 3080 3508 femina
3111 3467 3316 3523 sancta,
3350 3468 3458 3514 tuo.

631 3546 783 3604 Lilia.
814 3546 1096 3611 narcissus,
1123 3547 1294 3609 violae,
1337 3559 1474 3607 rosa,
1502 3546 1712 3606 nardus,
1737 3561 1999 3599 amomum
2036 3555 2083 3598 ε.
2279 3533 2472 3611 Inclyta
2499 3543 2706 3597 sidereo
2734 3544 2965 3608 radians,
2997 3544 3308 3613 Euphrasia,
3335 3563 3518 3619 regno,

703 3637 982 3704 Quidquid,
1016 3636 1280 3690 cdorifero
1305 3635 1558 3702 germine,
1596 3634 1758 3686 mittit
1789 3635 1975 3688 Arabs.
2348 3631 2453 3683 Nec
2476 3631 2608 3684 mihi
2642 3632 2812 3686 fletida
2838 3647 3020 3686 manes
3053 3642 3100 3699 η,
3131 3650 3251 3689 cum
3280 3638 3373 3691 tibi
3400 3638 3521 3694 ista
3554 3641 3755 3710 places,

628 3727 827 3781 Iudicis
859 3729 908 3777 in
938 3725 1080 3776 vultu
1110 3722 1350 3777 florentia
1383 3723 1574 3774 lumina
1609 3730 1848 3786 vernant,
2277 3719 2455 3774 Terrae
2481 3728 2505 3754 ο
2536 3729 2672 3773 terra
2696 3722 2866 3786 dedit,
2895 3727 2986 3775 sed
3015 3725 3230 3790 spiritus
3253 3740 3393 3782 astra
3417 3732 3636 3799 recepit,

700 3817 799 3868 Sed
831 3829 986 3882 super
1016 3815 1144 3878 haec,
1173 3813 1375 3884 Domini
1403 3813 1610 3865 suavior
1636 3813 1777 3865 efﬂat
1805 3811 1953 3865 odor.
2347 3808 2473 3862 Pars
2497 3809 2639 3876 jacet
2662 3811 2773 3863 haec
2800 3810 3020 3878 tumulo,
3053 3826 3173 3880 pars
3203 3816 3344 3867 ten'et
3371 3817 3459 3868 illa
3488 3821 3682 3885 polum.

631 3904 763 3958 Nam
795 3916 1038 3972 quantum
1066 3907 1311 3959 obscaeno
1341 3905 1524 3958 melior
1547 3905 1633 3958 lux
1662 3917 1818 3957 aurea
1848 3903 2081 3969 plumbo,
2275 3896 2505 3964 ϐυτροτθ
2529 3898 2790 3966 deposito.
2821 3900 3009 3954 leviori
3038 3914 3182 3956 vecta
3214 3903 3410 3970 volatu,

705 3997 924 4050 Tantum
959 3998 1106 4051 thura
1136 3997 1262 4059 Deo,
1295 3996 1434 4049 cedit
1460 4004 1514 4048 et
1537 3994 1706 4047 omnis
1735 3993 1884 4047 odor.
2344 3988 2464 4042 Stas
2494 3989 2681 4043 melior
2706 3991 2862 4058 caelo,
2891 4008 3046 4060 quam
3077 3993 3220 4062 prius
3245 4010 3390 4050 esses
3417 3998 3599 4053 humo.

635 4090 891 4155 Quantum
925 4097 1079 4138 nocte
1101 4088 1212 4138 dies
1241 4085 1421 4147 distat,
1449 4085 1524 4136 sul
1555 4084 1793 4151 lampade
1813 4085 1970 4143 lunae,
2275 4078 2461 4134 Carnis
2483 4079 2659 4149 iniqua
2683 4082 2923 4150 domans,
2956 4083 3091 4138 dete
3114 4085 3222 4160 tibi,
3247 4097 3448 4149 sacra,P
3478 4087 3823 4160 triumphans,

712 4178 912 4227 Facturi
939 4175 1127 4227 cedunt
1158 4172 1231 4223 sic
1256 4187 1345 4223 sua
1379 4172 1509 4224 facta
1535 4186 1649 4224 suo.
2348 4170 2421 4220 Ad
2454 4171 2632 4235 patriae
2662 4172 2814 4224 sedes
2845 4173 2974 4225 civis
3001 4177 3174 4241 opima
3205 4176 3362 4229 redis.

637 4265 764 4316 Cum
795 4279 914 4314 νυνι»
935 4263 1059 4329 justi
1090 4272 1230 4312 tanto
1254 4261 1529 4327 splendore
1555 4261 1811 4322 fruantur,
2284 4259 2452 4313 Ardua
2476 4259 2720 4314 nobilitas
2753 4276 3065 4330 proavorum
3091 4265 3206 4318 luce
3230 4281 3536 4334 coruscans,

707 4353 1039 4416 (longandent
1070 4351 1283 4402 nimium
1309 4365 1366 4402 se
1397 4351 1625 4401 caruisse
1646 4349 1799 4402 mori.
2202 4405 2250 4423 ἢ
2347 4350 2468 4404 Plus
2502 4360 2676 4405 tamen
2705 4367 2764 4406 es
2791 4354 2994 4407 meritis
3017 4357 3354 4423 glorificanda
3385 4360 3509 4414 tuis.

639 4443 710 4498 De
742 4443 964 4495 tenebris
998 4445 1245 4511 migrasse
1278 4441 1452 4493 favent
1478 4441 1524 4492 in
1557 4440 1668 4492 luce
1700 4437 1934 4505 perenni,
2198 4405 2252 4464 Β
2284 4439 2369 4494 Vir
2395 4441 2479 4494 cui
2504 4439 2773 4495 Namatius
2796 4453 2846 4509 τι,
2874 4445 3027 4498 datus
3051 4445 3172 4500 inde
3200 4445 3395 4502 Vienna
3429 4450 3678 4506 sacerdos
3705 4469 3722 4506 :

708 4536 769 4588 Et
802 4535 961 4601 magis
990 4534 1051 4585 ad
1084 4535 1215 4585 bona
1247 4543 1320 4588 tot
1350 4532 1544 4586 tardius
1566 4531 1668 4585 isse
1698 4531 1897 4584 dolent.
2253 4603 2262 4611 ’
2342 4527 2575 4597 Coniuge
2603 4527 2873 4597 defuncto,
2902 4535 3202 4587 eunsoeiata
3232 4534 3364 4600 Deo,

711 4751 734 4776 ⁸
769 4743 881 4795 Duo
903 4744 1065 4796 Codd.
1097 4743 1212 4796 Vat.
1243 4753 1291 4795 et
1321 4743 1449 4795 Ven.
1485 4742 1645 4806 Edit.,
1677 4753 1944 4796 commovet
1973 4759 2133 4796 arma.
2273 4751 2448 4797 custos
2469 4781 2486 4808 ,
2519 4757 2602 4798 ntc
2629 4756 2834 4808 versus,
2864 4746 2952 4811 qui
2982 4747 3035 4799 in
3067 4748 3238 4800 Brow.
3273 4748 3396 4803 edit.
3430 4757 3486 4803 et
3515 4765 3616 4806 ms.
3657 4752 3807 4809 Codd.

707 4812 732 4848 ι)
761 4817 888 4890 tres
919 4813 1392 4890 tlodd.__Vat.,-hinc
1426 4811 1604 4864 Mater.
2272 4815 2460 4879 quibus
2487 4812 2567 4864 usi
2593 4826 2775 4865 sumus
2803 4827 3019 4867 mancus
3051 4820 3329 4883 reperitur,
3361 4819 3437 4871 sic
3463 4821 3763 4890 suppletur:

710 4893 732 4918 ε
761 4881 902 4933 linus
921 4882 1046 4932 Cud.
1081 4885 1216 4945 Van,
1240 4881 1446 4948 Agathe.

707 4949 731 4985 ά
765 4952 904 5003 Ultus
935 4951 1062 5000 Cod.
1101 4952 1232 5003 Van.
1264 4954 1334 5002 sic
1363 4966 1498 5003 caro.

2272 4900 2378 4949 Huc
2399 4904 2608 5003 sapiens,
2632 4904 2850 4966 stolidus,
2876 4907 3069 4968 probus,
3101 4881 3362 4971 improbus,
3390 4881 3548 4974 atque
3565 4881 3807 4978 superbus;

712 5024 732 5087 ξ
937 4981 1086 5082 Veli;
1119 4981 1498 5087 ww.
2273 4991 2327 5037 et
2353 4981 2522 5087 mhi;
2571 5076 2581 5086 .
2636 5079 2644 5087 .

712 5081 728 5116 ί
771 5090 906 5140 ludit.
940 5075 1084 5140 Ven;
1101 5075 1149 5139 et
1174 5075 1277 5138 (1υό
1300 5085 1465 5140 Codd.
1504 5087 1639 5151 Vat.,
1665 5089 1768 5141 alta
1794 5098 2028 5143 tenentes.

1852 5098 2028 5143 ωηερε,
2457 5075 2684 5126 Dissimili
2706 5079 2878 5128 merito
2901 5081 2969 5128 sic
2986 5080 3133 5130 trahit
3151 5084 3413 5130 unanimes.

711 5161 732 5230 ιξ
769 5156 917 5230 [bith
945 5173 1190 5230 antemna.
1310 5225 1320 5230 _
1546 5229 1551 5230 γ
1715 5227 1751 5230 _
1776 5228 1805 5230 _7
1896 5229 1925 5230 η
2081 5229 2085 5230 ί
2411 5225 2451 5230 __
2894 5158 3164 5230 (Secunda:
3183 5176 3316 5214 cura
3341 5161 3505 5230 nota.)

714 5223 878 5301 ".Duo
920 5227 1083 5279 Codd.
1133 5225 1272 5289 Vat.,
1301 5225 1394 5278 huc
1440 5229 1665 5282 meliora.
1715 5227 1854 5282 Edit.
1886 5229 2040 5291 Ven.,
2069 5229 2173 5282 lucc
2346 5235 2382 5262 ω
2411 5225 2520 5281 Hoc
2571 5241 2755 5296 poema
2809 5236 2860 5282 et
2900 5223 3132 5299 sequens
3178 5230 3368 5285 desunt
3423 5223 3497 5285 in'
3525 5245 3629 5288 uno
3670 5231 3790 5292 Cod.
3891 5281 3893 5284 .

642 5291 863 5345 meliora.
2278 5292 2392 5348 Vat.
2424 5305 2476 5349 et
2507 5295 2633 5350 Ven.
2662 5294 2796 5350 Edit.
3891 5289 3893 5350 l

850 5332 863 5344 ,
2286 5313 2392 5348 vat.
2424 5313 2476 5349 et
2511 5313 2633 5350 ven.
2662 5313 2796 5350 non.

719 5363 730 5439 ξ
770 5363 906 5439 βιῳ.
938 5362 1067 5439 Ven.
1098 5376 1150 5418 et
1181 5364 1640 5439 untts_(iod.__Vat.,
1668 5369 1870 5436 juncta.
1986 5437 1992 5439 Α
2347 5371 2372 5398 ¹³
2406 5363 2551 5439 pnus
2575 5365 2707 5439 (god.
2739 5366 2880 5439 Vah,
2907 5383 2997 5422 nec
3020 5369 3143 5420 mihi
3167 5370 3336 5439 ﬂenda
3365 5386 3594 5426 manens.

715 5432 730 5506 ξ
770 5431 901 5506 ξάρι.
938 5430 1065 5506 _V_ett.
1090 5443 1144 5485 et
1173 5447 1277 5487 tres
1297 5432 1596 5506 Co_d._Vat.,
1621 5430 1848 5489 revocare
1869 5437 2102 5506 gradum.
2289 5503 2299 5506 _
2352 5439 2373 5462 °
2407 5432 2549 5486 Unus
2583 5434 2713 5488 Cod.
2746 5430 2935 5502 Vatic.,
2967 5445 3099 5489 terra
3139 5430 3269 5504 edit;
3307 5440 3458 5500 alter,
3505 5449 3656 5495 terra
3683 5449 3802 5496 terra
3885 5469 3891 5506 ,i

712 5499 733 5575 ξ
770 5499 916 5575 Edita
945 5502 1068 5575 Ven.
1098 5510 1151 5554 et
1177 5517 1306 5554 unus
1345 5503 1476 5575 Cod.
1510 5499 1648 5566 Vat"
1683 5523 1741 5557 ne
1761 5499 1907 5575 graue
1931 5513 2094 5572 fenus.
2281 5503 2445 5575 hinc}.

722 5567 731 5596 '
770 5570 818 5644 lvi
881 5570 1007 5644 Cod.
1063 5588 1168 5644 ms.
1218 5573 1391 5644 saeculi
1435 5590 1497 5644 xv
1549 5589 1657 5644 quo;
1694 5567 1818 5628 usus
1872 5567 1956 5644 est
2001 5577 2076 5628 vir
2105 5575 2173 5631 cl.
2351 5583 2374 5620 ν
2406 5571 2515 5644 Duo
2538 5572 2698 5644 Codd.
2735 5574 2876 5640 Vat.,
2909 5578 3043 5644 facta
3071 5577 3400 5644 triumphum.

652 5636 864 5689 ‘acnbw
917 5640 1210 5706 Morellins,
1260 5636 1586 5697 bibliothecae
1636 5641 1691 5698 S.
1741 5644 1895 5699 Marci
1946 5643 2175 5702 Venetiis
2354 5651 2377 5690 τι
2412 5643 2501 5695 ilic
2549 5636 3189 5716 Nammatius-episcopus
3226 5636 3540 5706 Viennensis
3587 5649 3717 5718 fuit,
