3952 6222
623 350 726 410 I79

1292 351 1608 410 vanam"
1643 352 1799 410 non.
1838 350 2045 409 CLEM.
2085 350 2475 419 sensuum
2511 334 2792 416 OPERUM
2831 359 3006 417 psus
3047 362 3090 416 1.

3721 363 3830 420 180

621 475 780 517 curso
797 463 1010 528 saeculo,
1056 463 1276 518 alterum
1304 465 1368 519 ad
1400 479 1642 521 occasum
1695 465 1834 520 Deus
1884 464 2178 534 plantasset
2206 465 2262 525 Α
2287 465 2393 519 met
2419 468 2564 522 venit
2594 470 2791 524 fructus
2812 483 2842 524 e
2883 469 3154 532 fluctibus;
3180 469 3367 524 detulit
3393 472 3592 540 puppis.
3623 473 3708 528 illa
3740 489 3826 530 re-

621 550 882 622 Elysium,
914 555 965 607 in
991 568 1094 622 quo
1122 554 1304 609 fortior
1339 555 1535 619 Adam,
1566 557 1619 613 id
1648 545 1749 620 est,
1781 559 1998 613 Martius
2022 560 2169 614 Mar—

611 644 762 702 .tinus
789 644 1200 715 inexpugnabilis
1230 647 1407 702 accola
1436 647 1654 716 Christi,
1699 651 1801 704 fide
1841 650 1999 706 ditior
2030 652 2176 706 vive.

619 745 720 798 ret,
753 745 1002 804 perpetuo
1031 747 1280 792 servante
1307 738 1580 803 mandato,
1609 743 1634 770 ⁸
1654 739 1721 794 ad
1749 755 1902 808 quem
1935 757 2038 795 non
2071 751 2174 795 tam

620 825 684 880 ad
710 840 889 880 auram
916 827 1170 895 Dominus
1197 829 1537 883 revisendum
1567 839 1688 897 post
1737 831 2015 886 meridiem
2049 848 2172 897 per-

618 926 785 986 geret,
817 932 971 985 quam
1004 917 1116 997 ipse
1136 918 1217 972 vir
1243 918 1412 972 factus
1428 921 1725 987 paradisus,
1743 920 1888 976 inter
1914 922 2171 990 perspicui

618 1007 797 1062 cordis
825 1009 1183 1078 smaragdinas
1210 1010 1410 1079 plateas
1430 1021 1483 1066 et
1503 1013 1770 1065 vernantis
1797 1018 1971 1081 operis
2002 1015 2171 1067 inum-

617 1093 795 1149 bratos
809 1088 1164 1168 b‘corymbos,
1191 1114 1294 1154 non
1322 1100 1462 1169 quod
1493 1100 1621 1156 ficus
1656 1110 1874 1169 tegeret,
1910 1103 2001 1157 sed
2027 1105 2168 1158 fruc-

618 1195 702 1242 tus
729 1199 961 1255 ornaret,
994 1191 1365 1247 inambulantis
1389 1195 1440 1247 in
1479 1207 1536 1247 se
1591 1194 1726 1252 beati
1759 1194 2125 1264 Redemptoris
2150 1237 2166 1262 ,

616 1277 887 1332 adhaesura
918 1281 1132 1350 vestigia
1177 1291 1468 1349 coerceret,
1517 1283 1617 1336 fide
1650 1281 1873 1350 ligente;
1901 1285 2042 1338 unde
2071 1299 2167 1340 nec

614 1367 680 1420 ad
711 1379 1028 1423 momentum
1083 1370 1152 1438 pii
1201 1371 1489 1424 conditoris
1544 1370 1808 1424 laberetur
1864 1374 2160 1439 prtesentia,

614 1460 733 1526 quia
759 1475 855 1515 nec
883 1462 933 1516 in
965 1470 1138 1515 atomo
1161 1461 1356 1528 plasma
1380 1469 1648 1516 notaretur
1680 1462 1730 1514 in
1761 1463 1932 1529 culpa,
1958 1463 2048 1516 sed
2073 1478 2166 1529 per

612 1547 730 1601 Illas
758 1547 1134 1615 beatitudines,
1183 1549 1328 1603 velut
1357 1549 1505 1603 odori
1537 1552 1768 1604 nemoris
1808 1551 2012 1605 illectus
2042 1552 2166 1605 deli-

615 1635 732 1700 ciis,
773 1645 828 1689 et
848 1635 1139 1690 'Vernulam
1172 1638 1425 1693 Dominus
1454 1648 1508 1692 et
1536 1654 1694 1694 terna
1725 1641 2006 1696 Dominum
2046 1657 2165 1710 pos-

615 1723 838 1787 sideret;
895 1732 1075 1792 utpote
1140 1741 1258 1780 cum
1314 1728 1607 1781 alternante
1677 1729 1775 1782 sibi
1838 1732 2162 1784 coneatenati

2281 555 2438 624 liquis
2491 555 2712 611 forsitan
2763 558 2993 623 alumen,
3055 557 3181 613 mihi
3221 559 3385 614 vestri
3412 561 3651 629 colloquii
3678 573 3826 619 certe

2278 643 2483 709 lumen;
2511 648 2908 712 commercium,
2935 647 3024 702 tali
3045 647 3378 716 discrepante
3403 659 3658 717 mercatu,
3682 653 3826 722 quod

2275 733 2395 788 aliis
2425 735 2564 789 illud.
2598 738 2662 790 ad
2719 738 2963 806 pretium,
3011 737 3112 793 hoc
3155 739 3306 794 nobis
3353 739 3642 807 inemptum
3689 738 3825 812 [iue-

2277 822 2464 893 ptum].
2495 824 2642 880 Illinc
2664 827 3026 896 restinguitur,
3055 827 3617 900 hincpurgatur,illud
3636 830 3820 898 inficit,

2273 914 2396 969 hinc
2423 916 2670 970 nivescit.
2704 916 2838 982 Quid
2867 917 3049 986 loquar
3076 917 3141 971 de
3174 918 3423 985 periodis,
3457 918 3824 986 Epicberema-

2275 1003 2429 1065 tibus,
2455 1005 2859 1075 enthymematis
2883 1004 2932 1069 ιε,
2961 1007 3383 1076 syllogismisque
3410 1008 3693 1076 perplexis,
3717 1023 3818 1076 quo

2269 1092 2470 1147 laborat
2511 1096 2738 1163 quadrus
2768 1096 2931 1162 Maro,
2965 1111 3066 1166 quo
3113 1099 3364 1150 rotundus
3407 1097 3626 1163 Cicero;
3681 1098 3817 1164 quod

2250 1184 2405 1255 apud
2461 1185 2582 1240 illos
2624 1195 2705 1240 est
2752 1185 3094 1254 profundum;
3148 1187 3231 1240 hic
3279 1186 3560 1255 proﬂuam,
3596 1189 3731 1254 quod
3761 1188 3817 1240 il-

2267 1273 2371 1326 linc
2397 1274 2790 1342 difficillimum,
2826 1275 2949 1330 hinc
2996 1275 3045 1329 in
3079 1285 3338 1344 promptu.
3370 1277 3610 1342 Comperi
3643 1277 3812 1344 paucis

2266 1365 2492 1431 punctis,
2525 1366 2766 1432 quoniam
2789 1366 3144 1435 quovolueris
3170 1367 3284 1420 cola
3317 1365 3336 1404 ι
3371 1368 3695 1436 pampinosa:
3720 1366 3810 1420 dif-

2267 1453 2437 1508 fundis
2469 1456 2796 1524 propagines,
2837 1457 2976 1524 quod
3008 1473 3133 1512 vero
3166 1457 3391 1522 libuerit,
3424 1458 3561 1510 acuti
3593 1471 3813 1517 comma-

2267 1543 2335 1597 tis
2364 1542 2496 1598 falce
2523 1545 2768 1609 succidis,
2801 1554 2855 1599 ut
2879 1549 3015 1600 cauti
3046 1547 3284 1601 vinitoris
3324 1547 3501 1600 studio
3545 1548 3814 1602 moderan-

2264 1642 2333 1700 te,
2369 1649 2464 1688 nec
2490 1636 2542 1689 in
2594 1637 2691 1690 hoc
2721 1636 2993 1690 luxurians
3039 1638 3297 1705 germinet
3325 1637 3504 1714 umbra
3537 1639 3812 1701 fastidium,

2264 1732 2316 1778 et
2336 1724 2457 1778 illuc
2487 1735 2632 1780 tensa
2659 1726 2860 1794 placeat
2892 1741 3120 1796 propago
3148 1743 3264 1780 cum
3296 1708 3488 1781 fructu.
3521 1726 3650 1781 Nam
3681 1728 3816 1797 quod

614 1810 888 1866 dulcedine
911 1828 1007 1868 nec
1031 1817 1131 1870 iste
1154 1816 1422 1882 fugaretur
1453 1818 1685 1870 admissu
1708 1823 1756 1882 ο,
1789 1833 1887 1872 nec
1911 1820 1999 1874 ille
2016 1821 2166 1885 .frau-
2199 1795 2243 1853 Β
2273 1817 2479 1871 refertis
2509 1817 2562 1871 in
2621 1819 2829 1884 litteris,
2885 1795 3003 1887 post
3047 1820 3275 1872 Stoicam
3319 1795 3819 1889 Peripateticamque

616 1901 829 1956 daretur
859 1903 1118 1971 amplexu,
1164 1905 1284 1959 hinc
1333 1905 1649 1960 inliiantibus
1676 1908 1885 1974 animis,
1921 1909 2168 1964 medullis

617 1997 981 2063 mutantibus,
1008 1999 1178 2053 oculis
1205 2003 1481 2069 suspectis,
1542 2002 1723 2070 palmis
1751 2005 1999 2069 extentis,
2066 2004 2167 2059 fer-

617 2099 750 2145 vens
779 2088 944 2160 mag‘is
973 2098 1129 2160 quam
1147 2092 1329 2147 sitiens
1352 2092 1688 2161 praestolabar
1713 2094 1949 2162 epistolae
1978 2103 2166 2150 vestrae

612 2191 822 2255 magna,
851 2180 895 2234 si
926 2181 1004 2235 vel
1034 2195 1190 2250 parva
1228 2182 1486 2237 nubecula
1513 2184 1796 2237 madidanti
1845 2186 2044 2239 vellere
2089 2186 2166 2240 bi-

613 2265 767 2323 bulus
798 2267 1125 2333 humectarer
1155 2288 1166 2321 :
1196 2271 1443 2324 desiderii
1468 2272 1712 2326 conscius
1737 2281 1861 2326 vota
1890 2282 2012 2327 voto
2039 2289 2169 2340 prae-

611 2357 853 2423 veniens,
883 2359 1077 2426 siquid
1127 2359 1191 2412 de
1215 2360 1364 2412 vobis
1386 2361 1675 2413 certissime
1735 2361 1816 2413 vel
1865 2376 1955 2428 per
2003 2362 2166 2416 undas

616 2443 840 2501 mobiles
865 2448 966 2501 fixa
1001 2449 1127 2502 mihi
1169 2450 1336 2502 littera
1371 2452 1654 2517 nuntiaret,
1689 2455 1757 2504 ita
1787 2460 1844 2504 ut
1870 2453 2165 2507 ariditatcm

616 2552 791 2598 meam
818 2522 1066 2607 colloquii
1113 2542 1271 2594 vestri
1330 2550 1711 2608 temperaturus
1743 2542 1908 2597 imber
1937 2543 2012 2597 sic
2044 2544 2165 2597 irri-

617 2637 784 2698 geret,
830 2619 1135 2699 paginam.d
1169 2646 1234 2685 ne
1257 2630 1476 2698 deleret,
1509 2646 1611 2700 quo
1638 2641 1808 2686 tamen
1839 2634 2164 2701 providentia

617 2716 790 2772 divina
839 2720 1080 2774 consulto
1149 2735 1240 2788 per
1288 2721 1450 2775 filium
1502 2732 1758 2788 vestrum,
1809 2726 2164 2780 venerandum

615 2799 744 2863 mihi
774 2808 1048 2877 domuum,
1080 2819 1317 2865 sanctam
1349 2814 1661 2875 cbaritatem
1691 2810 1939 2868 refectam
1960 2818 2167 2882 suscepi

616 2913 841 2956 cernens
859 2902 1294 2969 epistolamquae,
1330 2913 1383 2955 ut
1415 2918 1506 2957 vos
1526 2906 1712 2970 nostis,
1739 2913 1852 2958 arte
1872 2893 2164 2971 compacta,

619 3001 679 3046 ut
715 3005 814 3060 ego
856 2992 1022 3054 sensi,
1054 2991 1184 3046 llore
1232 2992 1466 3047 conferta
1500 2997 1547 3058 θ,
1602 2993 1866 3048 bibentem
1913 3009 1970 3047 se
1998 2995 2166 3060 potius

621 3082 1063 3151 quaru’legentem
1092 3082 1271 3146 ferret,
1302 3097 1394 3153 per
1414 3084 1648 3152 singulos
1676 3085 1849 3152 apices
1881 3085 2163 3152 pigmenta:
2194 3123 2240 3186 Ο

621 3181 676 3226 to
689 3173 929 3228 alllimine
959 3175 1293 3230 inebriatura.
1325 3176 1720 3244 Divespauperi
1752 3175 2060 3243 pr0pinavit,
2090 3184 2163 3241 et,

621 3271 682 3316 ut
709 3264 776 3315 ita
809 3264 1053 3326 dixerim,
1097 3267 1248 3331 quasi
1278 3265 1488 3318 Falerni
1538 3266 1725 3318 nobilis
1755 3266 1871 3330 ipso
1895 3282 1978 3319 me
2025 3267 2167 3333 prius

623 3351 786 3404 odore
814 3350 1170 3418 pincernante,
1203 3352 1465 3418 supplevit
1497 3368 1509 3401 :
1558 3353 1762 3418 gemina
1785 3353 1989 3405 dicendi
2021 3353 2170 3421 fruge

625 3449 897 3508 congesta,
916 3440 1126 3500 condita
1148 3440 1277 3507 sale,
1316 3440 1470 3493 melle
1499 3440 1726 3508 perfusa,
1747 3442 1995 3510 permista
2023 3441 2172 3497 blan-

569 3523 572 3526 ”
625 3519 771 3592 ditie,
792 3543 916 3583 cum
947 3530 1124 3596 vigore
1155 3545 1237 3583 me
1260 3530 1520 3599 peregrini
1571 3533 1762 3600 poculi,
1790 3542 2046 3602 quantum
2071 3534 2165 3589 de-

625 3626 850 3683 suetum,
889 3618 1005 3687 plus
1035 3619 1260 3687 avidum,
1312 3620 1433 3674 dum
1467 3637 1583 3688 pars
1627 3611 1799 3688 illicit,
1851 3638 1970 3690 pars
1998 3623 2172 3679 deter-
2212 3633 2218 3639 ’

625 3721 736 3776 res;
771 3713 1081 3779 iin'ancipiti
1113 3714 1280 3779 posito
1309 3714 1529 3766 conviva
1573 3714 1821 3767 resticula
1852 3712 1898 3781 ί,
1927 3729 2025 3768 nec
2053 3730 2172 3768 sus-

629 3804 831 3859 tinente
881 3816 1065 3871 magna
1115 3804 1291 3858 bibere
1332 3814 1375 3869 ε,
1434 3805 1702 3859 consentio
1746 3805 2044 3869 dulcedini,
2087 3806 2175 3874 qui

632 3905 779 3949 certo
808 3893 836 3931 ιι
862 3895 1066 3951 virtuti.
1099 3895 1205 3950 Hoc
1232 3896 1390 3964 igitur
1419 3895 1783 3962 ﬂuenledono,
1803 3895 1941 3949 venit
1969 3895 2033 3950 ad
2066 3911 2171 3960 me,

635 3985 822 4050 fateor,
857 4000 946 4052 per
975 4000 1103 4039 cana
1133 3987 1277 4054 ponti
1301 3987 1414 4040 fons
1441 3987 1631 4055 poculi,
1663 3986 1827 4053 venit,
1855 3993 2002 4054 pater
2039 3987 2175 4052 opti-

632 4094 745 4142 me;
780 4067 1112 4146 perrsalsum
1163 4094 1328 4138 mare.
1369 4079 1507 4144 quod
1535 4079 1673 4130 sitim
1713 4079 2089 4143 restingueret;
2124 4087 2177 4128 et

632 4170 778 4223 venit
806 4164 1096 4220 oceani’tide
1128 4167 1380 4219 miscente
1401 4167 1557 4219 fluctu
1585 4163 1601 4202 ί
1631 4180 1772 4218 mera
1795 4165 2047 4226 dulcedo;
2080 4179 2172 4216 cu-

631 4255 914 4324 jusliquor
963 4269 1066 4307 non
1113 4251 1258 4308 fauce
1291 4264 1438 4306 tenus
1468 4264 1696 4321 saperet,
1724 4255 1765 4306 si
1809 4268 1994 4307 arcana
2043 4249 2178 4305 mul-

637 4352 800 4417 ceret,
822 4347 1015 4413 quippe
1039 4345 1174 4412 quod
1199 4359 1302 4398 non
1329 4358 1538 4407 carnem
1577 4343 1768 4396 foveris
1790 4341 1876 4395 tali
1908 4351 2052 4409 potu,
2083 4343 2179 4397 sed

2273 1922 2569 1975 censuram,
2605 1923 2687 1963 me
2737 1909 3011 1977 theologiae
3041 1924 3102 1962 ac
3155 1909 3370 1962 theoriaa
3400 1910 3640 1962 tirocinio
3670 1925 3819 1963 mau-

2271 2001 2521 2064 cipatum,
2549 2015 2781 2068 agnosco
2810 2001 2931 2069 quid
2963 2015 3112 2057 amor
3161 2002 3335 2067 faciat,
3382 2016 3502 2056 cum
3547 2013 3597 2056 et
3637 2000 3822 2055 imme-

2269 2100 2442 2144 rentes
2482 2099 2518 2125 τε
2551 2100 2789 2144 exornat.
2840 2090 2944 2145 Cur
2992 2093 3188 2159 tamen,
3244 2092 3382 2147 bone
3431 2092 3606 2158 Pater,
3655 2094 3706 2147 in
3740 2109 3822 2147 me

2269 2181 2496 2235 reflectis
2525 2184 2662 2251 quod
2689 2179 2836 2251 tuum
2865 2194 2964 2252 est,
2999 2199 3061 2239 ac
3105 2185 3170 2240 de
3210 2200 3303 2248 ~me
3356 2187 3566 2254 publice
3619 2187 3822 2255 profers

2267 2273 2404 2340 quod
2436 2275 2527 2328 tibi
2559 2276 2818 2342 privatum
2863 2276 2980 2330 est?
3008 2291 3124 2330 cum
3157 2277 3463 2343 primasint
3488 2278 3637 2330 vobis
3676 2287 3820 2340 nota,

2268 2372 2320 2416 et
2341 2366 2562 2418 secunda
2593 2366 2907 2430 domestica;
2939 2382 3059 2419 nam
3088 2365 3255 2429 Plato,
3287 2366 3620 2431 Aristoteles,
3649 2367 3820 2436 Chry-

2267 2453 2468 2521 sippus,
2493 2452 2572 2507 vel
2599 2453 2848 2517 Pittacus,
2880 2469 2997 2507 cum
3021 2454 3148 2507 mihi
3175 2456 3257 2508 vix
3286 2455 3533 2522 npinione
3556 2456 3662 2508 noti
3690 2455 3821 2522 sint,

2267 2555 2366 2595 nec
2394 2541 2584 2609 legenti
2631 2542 2875 2609 Hilarius,
2909 2542 3214 2612 Gregorius,
3264 2544 3604 2607 Ambrosius,
3635 2545 3820 2613 Augu-

2266 2631 2453 2696 SIinus,
2483 2644 2633 2700 quos,
2666 2635 2708 2685 si
2755 2635 2832 2686 vel
2869 2635 2918 2686 in
2971 2634 3174 2688 visione
3205 2642 3232 2668 ιι
3265 2635 3372 2687 noti
3405 2634 3590 2688 fierent
3615 2633 3819 2688 dormi-

2268 2724 2414 2789 tanti,
2463 2738 2560 2778 nec
2588 2738 2684 2793 ego
2714 2739 2839 2779 vere
2877 2725 3131 2778 sentirem
3160 2732 3205 2789 ο,
3233 2740 3298 2778 eo
3325 2725 3465 2791 quod
3514 2725 3683 2792 copiae
3740 2739 3822 2779 ar-

2270 2812 2556 2880 tium'apud
2579 2828 2670 2866 vos
2710 2814 2853 2866 velut
2882 2812 2934 2864 in
2977 2826 3255 2865 commune
3313 2811 3664 2866 diversorium
3695 2827 3823 2866 eon-

2269 2907 2541 2965 venerunt,
2574 2900 2682 2966 ipsa
2707 2899 2857 2952 vobis
2885 2896 3131 2968 [luerent]
3167 2898 3401 2952 tenacius
3432 2915 3549 2967 qua:
3569 2909 3694 2953 sunt
3716 2915 3824 2955 eteo

2267 2989 2319 3043 lo
2349 2990 2706 3059 propinquius,
2749 2991 2870 3060 quia
2919 3004 3023 3044 non
3079 2990 3415 3044 oblectamini
3450 2989 3576 3044 'tam
3625 3006 3820 3060 pompa

2270 3081 2567 3149 dogmatum
2595 3095 2749 3149 quam
2789 3094 2973 3134 norma
3012 3081 3280 3133 virtutum.
3317 3078 3462 3134 Unde
3492 3082 3674 3148 procul
3730 3083 3823 3135 duo

2270 3170 2356 3225 bio
2392 3169 2687 3225 caelestium
2742 3169 2981 3224 clientela
3028 3170 3260 3241 [clienta,
3313 3169 3500 3240 cliens]
3552 3170 3722 3225 factus
3769 3186 3824 3226 es

2270 3260 2627 3315 clientelarum
2658 3259 2978 3326 P.Sed'quid
3009 3272 3106 3326 ego
3137 3259 3248 3311 haec
3270 3259 3332 3311 ad
3358 3269 3429 3324 te,
3458 3274 3490 3312 ο
3520 3259 3822 3315 dulcissime

2271 3348 2447 3414 Pater,
2472 3357 2523 3401 et
2543 3364 2665 3400 vere
2684 3349 2874 3401 Christi
2899 3348 3171 3412 discipule,
3201 3349 3288 3413 qui
3311 3349 3375 3398 ad
3406 3351 3570 3401 instar
3589 3349 3822 3404 Samari-

2270 3436 2378 3489 tani
2431 3435 2607 3488 viuum
2663 3437 2909 3499 miscens,
2962 3446 3013 3487 et
3053 3435 3225 3488 oleum
3278 3443 3474 3502 aegroto
3517 3434 3815 3499 decubanti,

2271 3521 2517 3579 blandum
2563 3525 2692 3578 mihi
2732 3514 2986 3592 malagma
3023 3523 3338 3593 porrexisti:
3395 3523 3695 3578 mercedem
3751 3525 3820 3592 pii

2271 3615 2446 3683 operis
2469 3613 2748 3679 relaturus,
2797 3629 2915 3668 cum
2944 3615 3147 3668 venerit
3175 3615 3261 3682 qui
3292 3629 3349 3667 se
3393 3614 3680 3668 stabulario
3712 3629 3813 3667 aera

2273 3719 2493 3772 pensare
2523 3704 2715 3757 debere
2753 3715 2779 3752 (ι
2836 3706 3156 3771 repromisit,
3211 3703 3507 3758 custodiens
3554 3704 3606 3758 in
3649 3705 3818 3769 vobis,

2274 3793 2500 3860 pontifex
2533 3806 2753 3856 summe,
2808 3792 2947 3858 quod
2985 3794 3242 3856 contulit;
3295 3779 3466 3847 sciens
3497 3796 3607 3848 suis
3653 3796 3820 3850 oculis

2274 3881 2374 3934 hoc
2403 3880 2607 3948 placere
2657 3879 2977 3948 dignissime,
3023 3880 3159 3948 quod
3192 3883 3354 3948 ipsam
3394 3882 3530 3948 apud
3578 3893 3627 3936 te
3655 3885 3821 3937 vincit

2274 3971 2503 4041 dignatio
2529 3970 2851 4038 dignitatem.
2875 3970 3201 4042 Quapropter
3226 3971 3614 4034 sacratissima),
3643 3972 3816 4025 since-

2272 4063 2496 4116 rissimae
2526 4101 2543 4127 ,
2588 4071 2742 4129 atque
2792 4062 3164 4115 amantissima:
3197 4071 3218 4097 ι’
3264 4062 3566 4125 apostolica
3611 4077 3818 4116 coronre

2275 4158 2463 4205 vestrae
2488 4153 2690 4218 plantas
2718 4167 2887 4219 supra-
2905 4167 3076 4207 meum
3098 4162 3278 4218 pectus
3305 4162 3496 4205 stratus
3523 4154 3815 4222 imponens;

2278 4252 2330 4296 et
2351 4243 2561 4296 ultimus
2591 4257 2685 4312 ego
2711 4243 2940 4295 membra
2967 4243 3170 4296 subdita
3195 4242 3274 4294 vel
3308 4242 3497 4309 pedum
3522 4255 3812 4298 vestrorum

2279 4332 2660 4387 recubatorium
2685 4331 2898 4398 faciens,
2925 4329 2990 4385 ita
3015 4341 3203 4385 vestra:
3234 4331 3414 4400 pietati
3440 4332 3596 4384 avido
3615 4331 3813 4385 deside-

638 4436 895 4503 spiritum.
933 4434 1129 4498 Unde,‘
1155 4445 1207 4488 nt
1237 4451 1359 4489 vere
1388 4450 1692 4504 prosequar,
1722 4433 1874 4501 hujus
1921 4448 2018 4485 uva
2075 4437 2178 4500 pal.
2204 4441 2253 4498 ι)
2281 4426 2359 4479 rio
2410 4441 2494 4479 me
2544 4426 2936 4489 commendans,
2969 4425 3196 4492 deposco
3248 4427 3300 4478 in
3335 4425 3559 4478 Domino
3614 4435 3665 4478 ut
3693 4425 3817 4477 inter

638 4528 778 4586 mitis
805 4528 953 4582 nobis
985 4529 1131 4597 sitim
1154 4537 1416 4596 prorogat,
1446 4527 1568 4580 dum
1592 4525 1848 4594 propinat.
1877 4525 1986 4578 Hac
2018 4530 2031 4574 ι
2091 4527 2173 4577 in-

641 4618 795 4685 opina
824 4617 972 4686 fruge
992 4615 1199 4683 delapsa
1232 4631 1322 4683 per
1350 4618 1623 4684 gurgitem,
1658 4617 1854 4683 primus
1899 4615 1996 4669 iste
2026 4615 2180 4668 mibi-

712 4814 739 4876 ξι
775 4813 853 4865 To
889 4814 954 4865 ad
980 4811 1127 4865 deest
1155 4809 1205 4862 in
1233 4809 1354 4876 aliq.
1389 4808 1509 4860 Mss.

709 4872 740 4913 δ
768 4883 877 4934 Duo
904 4879 1068 4932 Codd.
1104 4880 1243 4945 Vat.,
1275 4872 1611 4930 in'umbranles
1649 4878 1925 4945 corymbos.

716 4949 738 5015 ’ξ
772 4951 826 5002 In
849 4963 952 5002 uno
979 4947 1105 5000 Cod.
1140 4947 1278 5010 Vat.,
1311 4950 1572 5015 fugantur
1594 4947 1832 5006 admisso.

714 5003 742 5042 ἀ
773 5019 924 5081 lbid.,
952 5020 1187 5084 paginam
1211 5003 1520 5074 nec'de'leret.
1583 5003 1602 5084 ξ
1810 5058 1811 5061 η

717 5085 742 5152 f
774 5090 828 5141 ln
850 5080 1177 5141 altero'Cvd.
1211 5084 1350 5147 Vat.,
1381 5087 1504 5152 flore
1530 5080 1775 5152 confecta.

720 5142 741 5180 ί
768 5156 824 5208 ln
851 5156 1054 5209 duobus
1073 5152 1239 5208 Codd.
1284 5142 1421 5218 vati,
1449 5142 1654 5206 cnnviva
1683 5153 1939 5207 rusticulo.

719 5220 747 5287 9
768 5223 822 5277 ln
845 5239 948 5277 uno
975 5225 1104 5277 Cod.
1134 5223 1274 5284 Vat.,
1306 5222 1478 5275 libente
1498 5223 1773 5287 consentio,
1804 5220 1865 5286 f.,
1897 5223 2108 5276 bibenle.

716 5280 826 5357 1A‘ln
857 5294 1021 5346 altero
1043 5293 1176 5346 Cod.
1212 5280 1349 5350 Vat..
1378 5293 1461 5356 qui
1485 5293 1612 5357 cedo
1648 5280 1831 5357 virtuti.

724 5353 742 5432 ξ
773 5361 929 5427 lbid.,
980 5366 1206 5432 miscente
1242 5353 1452 5432 ﬂuctum
1480 5354 1614 5432 mare
1642 5353 1870 5415 dulcedo.

722 5430 738 5476 ³
778 5433 834 5490 In
859 5446 962 5486 uno
980 5430 1112 5483 Cod.
1133 5431 1271 5494 νειμ,
1300 5430 1396 5482 liuc
1415 5430 1643 5496 inopina.

719 5496 744 5568 ξ
777 5499 833 5556 In
861 5516 964 5555 uno
987 5498 1118 5553 Cod.
1144 5497 1280 5568 Vulg,
1313 5499 1650 5568 enthymemis.
1771 5567 1775 5568 γ

725 5562 744 5599 Ῑ
776 5573 833 5624 In
866 5571 1031 5624 altero
1066 5567 1193 5623 Cod.
1227 5566 1366 5630 Ἶρις
1424 5562 1668 5635 quomodo
1699 5562 1908 5622 volucris
1938 5567 2059 5635 cola!
2084 5565 2183 5632 dif.

656 5641 844 5713 fundis-
865 5641 1180 5713 propagines.
1220 5635 1406 5688 Trevir.
1437 5635 1627 5713 Gloss.”
1669 5637 1838 5695 subdit
1865 5636 2060 5713 Brom,
2095 5635 2185 5686 ha-

659 5704 735 5767 bet
760 5704 923 5773 coci,
947 5704 1005 5759 id
1025 5704 1117 5762 'es’t
1170 5719 1495 5763 caascssrts.
1531 5704 1639 5757 Es!
1669 5713 1713 5759 et
1743 5707 1876 5772 apud
1911 5704 2184 5756 Varronem

2277 4524 2607 4580 peceatorem
2636 4523 2689 4568 et
2734 4505 3135 4581 Redemptorem
3168 4516 3519 4573 mundialter
3575 4516 3814 4584 quodam-

2278 4605 2436 4660 modo
2466 4604 2720 4659 mediator
2748 4605 3024 4667 accedens,
3054 4605 3276 4672 levigato
3297 4605 3513 4669 delicto,
3547 4607 3712 4674 probe
3739 4609 3817 4661 Pa-

2279 4800 2342 4853 de
2371 4818 2424 4869 re
2447 4801 2654 4862 rustica,
2686 4800 2777 4853 lib.
2814 4816 2849 4864 I,
2879 4817 2994 4866 cap.
3021 4799 3106 4864 51,
3139 4815 3282 4854 coms
3310 4818 3399 4866 pro
3455 4810 3626 4854 tenere
3651 4802 3704 4854 in
3734 4804 3817 4852 uite

2279 4869 2609 4921 ramusculo.-
2631 4869 2750 4921 Haec
2779 4869 2954 4922 Brow.
2987 4869 3080 4920 Hic
3117 4883 3274 4934 porro
3302 4869 3415 4921 cola
3464 4880 3746 4936 usurpatur
3791 4882 3816 4918 a

2282 4938 2567 4991 Fortunato
2597 4951 2686 5004 pro
2713 4939 2883 4992 media
2923 4941 2975 4990 in
3009 4936 3286 4989 scribendo
3333 4936 3689 5001 distinctione,
3725 4950 3816 5003 quo

2281 5006 2513 5071 insensu
2539 5005 2604 5070 ab
2634 5006 2745 5071 ipso
2772 5006 3047 5071 adhibetur
3075 5005 3166 5058 lib.
3199 5022 3237 5070 ι,
3264 5020 3382 5071 cap.
3418 5007 3466 5057 l.
3498 5005 3596 5060 Cui
3649 5005 3816 5062 sensui

2282 5069 2566 5151 respondet
2588 5067 2725 5151 quod
2757 5067 2851 5129 hic'
2871 5075 3026 5151 paulo
3077 5083 3194 5140 post
3219 5067 3393 5151 addit:
3443 5077 3580 5142 quod
3625 5075 3814 5151 nerali-

2284 5147 2461 5208 buerit,
2495 5145 2628 5197 acuti
2664 5145 2920 5209 commatis
2949 5144 3078 5211 falce
3102 5145 3346 5208 succidis;
3389 5153 3443 5196 ut
3495 5157 3687 5197 sensus
3729 5144 3813 5197 sit:

2284 5228 2384 5280 qua
2415 5214 2570 5267 latius
2597 5213 2845 5268 diffundis
2875 5213 3188 5276 orationem,
3240 5211 3554 5265 luxuriantis
3597 5211 3717 5266 vitis
3758 5211 3814 5265 ad

2283 5279 2600 5349 instar,.qua
2637 5282 2914 5351 restringis
2937 5290 3095 5348 atque
3130 5282 3381 5344 concidis.

2356 5362 2392 5389 ω
2422 5351 2476 5407 1n
2501 5366 2602 5404 uno
2630 5349 2770 5410 Cod,
2789 5349 2932 5412 vas,
2962 5366 3060 5403 non
3087 5361 3326 5406 merentes
3347 5359 3554 5404 exornat

2355 5428 2382 5455 ³
2408 5420 2560 5489 lbid.,
2587 5435 2709 5489 quos
2729 5421 2771 5472 si
2791 5420 2865 5487 uel
2889 5420 3064 5473 uisiom‘
3086 5414 3197 5474 noti
3212 5419 3404 5474 ﬁerent.

2358 5499 2382 5523 ο
2412 5488 2540 5541 Vere
2565 5491 2820 5554 senserim.
3597 5529 3601 5534 ι

2359 5568 2386 5604 P
2416 5559 2467 5608 ln
2500 5573 2601 5611 uno
2627 5559 2753 5611 Cod.
2797 5558 2989 5622 Valle.”
3015 5559 3176 5624 [actus
3213 5576 3263 5612 es
3285 5560 3617 5614 cleeutarum.

2359 5636 2385 5673 ει
2413 5627 2564 5687 lbid.,
2592 5642 2797 5691 pensare
2820 5627 2989 5679 debiti.

2364 5703 2384 5730 τ
2418 5696 2468 5748 lu
2489 5697 2523 5748 ‘2
2548 5695 2710 5750 Codd.
2743 5697 2881 5761 γαίη
2926 5704 3069 5764 atque
3096 5698 3476 5758 clamanlissime
3495 5695 3787 5771 apostaliw.
