3952 6222
258 377 368 435 s89

258 492 364 547 Ast
382 488 559 544 Judaa
589 496 793 549 manus,
825 479 1128 537 stimulante
1152 474 1606 545 furore,'rebellis,

334 577 629 647 Colligitur,
655 573 875 643 rapitur,
917 568 1159 625 conditur
1180 569 1301 623 inde
1331 568 1511 621 domo.
1643 559 1654 571 ’

1412 358 1913 420 ιιεοειιΑΝεΔ.
1949 380 2020 399 --
2052 354 2180 412 LIB.
2223 354 2283 410 ν.
2914 439 2925 450 ⁸

1842 473 1897 537 Α
1920 468 2121 538 ingenti
2143 478 2363 521 numero
2386 462 2681 518 celebratur
2706 459 2901 531 pascha
2928 452 3207 526 novellum,

3374 341 3476 403 190

1956 562 1960 569 “
1993 562 2067 613 Ac
2087 558 2151 613 de
2178 559 2340 626 stirpe
2360 555 2465 623 lupi
2494 560 2905 624 progenerantur
2930 564 3077 605 oves.

259 640 625 724 ChriSticolae'
656 640 730 719 ut‘
765 670 988 717 cernunt
1053 668 1175 715 tunc
1234 660 1441 729 agmina
1501 658 1739 713 Manzara
1795 666 1821 694 ³·
1923 648 2136 716 Excepit
2168 648 2386 717 populus
2412 645 2681 715 populum,
2713 643 2857 712 plebs
2886 644 3048 697 altera
3074 640 3317 710 plebem;

338 760 583 814 Protinus
614 754 847 809 insiliunt
873 791 889 818 ,
937 766 1039 822 qua
1069 751 1197 805 latet
1228 751 1315 806 ille
1345 750 1516 805 dolus.

260 848 320 904 Si
346 849 627 907 fremerent
654 842 875 915 gladiis,
896 836 1153 897 sentirent
1172 839 1315 911 justa
1344 840 1617 906 cadentes,

342 937 529 992 Vivere
553 932 582 971 ι
610 947 713 1003 quo
740 930 943 1003 possint
970 939 1062 985 aut
1084 929 1231 987 daret
1258 929 1394 983 alma
1416 928 1567 984 fides.

262 1013 451 1096 Legati
475 1031 758 1081 occurrunt
785 1022 887 1077 vati
928 1021 1169 1076 mandata
1198 1021 1431 1075 terentes
1457 1036 1469 1071 :

342 1117 449 1173 Nos
469 1114 647 1169 Ju‘dasa
694 1126 879 1167 manus
917 1110 1025 1182 jam
1057 1119 1141 1163 tua
1169 1109 1318 1164 caula
1342 1115 1568 1162 sumus.‘

264 1208 351 1264 Ne
384 1193 618 1277 pereant,
646 1204 857 1272 acquire
884 1202 1016 1268 Deo,
1049 1201 1136 1271 qui
1162 1201 1339 1257 vivere
1369 1207 1614 1269 possunt,

345 1290 402 1355 Si
423 1312 567 1352 mora
589 1295 668 1361 fit,
691 1292 966 1358 morimur,
989 1300 1043 1348 et
1063 1300 1149 1346 tua
1172 1292 1311 1344 lucra
1333 1290 1546 1344 cadunt.

269 1389 456 1444 Tende
479 1387 623 1442 celer
646 1398 911 1454 gressum,
939 1396 1192 1452 properes
1222 1381 1321 1435 nisi
1351 1387 1580 1449 praepete
1602 1393 1754 1435 cursu
1776 1419 1791 1445 ,

348 1480 553 1553 Funera
577 1487 817 1533 natorum
843 1484 967 1530 sunt
998 1474 1089 1528 tibi
1119 1473 1313 1551 flenda,
1339 1472 1514 1527 Pater.

1618 748 1819 821 [iunsh

268 1554 517 1625 Fletibus
562 1568 648 1621 hic
679 1578 700 1605 ε
732 1567 931 1630 victus,
975 1564 1174 1633 rapitur
1226 1562 1524 1619 miserando
1563 1560 1831 1627 sacerdos,

352 1661 415 1715 Ut
442 1657 577 1712 ferat
607 1655 817 1710 afflictis
836 1656 946 1716 rite
971 1654 1155 1707 salutis
1182 1667 1358 1721 opem.

268 1750 597 1821 Perveniunt
620 1763 723 1817 quo
751 1749 927 1801 clausa
956 1746 1071 1800 loco
1098 1743 1207 1798 fera
1237 1743 1387 1797 turba
1410 1740 1601 1795 latebat
1634 1757 1647 1805 ;

352 1839 475 1904 Quae
496 1849 803 1899 occurrens,
830 1832 1074 1913 lacrymis
1099 1831 1288 1900 ingerit
1316 1828 1343 1867 ἀ
1373 1845 1466 1884 ore
1495 1841 1695 1897 preces.

269 1930 429 1988 Mens
450 1939 531 1985 est
568 1930 716 1993 tarda
760 1927 897 1981 bono
929 1929 951 1956 °
981 1923 1197 1980 Judaica
1225 1922 1344 1992 jura
1373 1918 1594 1976 tenenti.

352 2022 546 2076 Lucem
578 2033 699 2074 sero
725 2017 889 2081 videt,
923 2021 1270 2083 praetereunte
1309 2011 1415 2065 die.

272 2108 373 2165 Sic
403 2109 569 2163 oculis
593 2106 769 2161 cordis
796 2104 968 2158 velum
1008 2110 1089 2157 est
1113 2102 1180 2156 ab’
1208 2100 1414 2169 origine
1440 2107 1665 2152 tensum.

354 2198 536 2254 Cacus
564 2204 619 2251 ut
648 2198 855 2265 ignoret
893 2206 997 2261 quo
1022 2193 1105 2245 via
1144 2198 1290 2246 recta
1314 2197 1464 2245 vocet
1496 2185 1539 2241 ι.

278 2284 391 2341 Sed
418 2285 626 2339 tandem
648 2283 937 2352 sequimur,
967 2289 1167 2349 pastor,
1197 2294 1302 2347 quo
1331 2291 1469 2346 saepe
1491 2276 1763 2340 monebas,

358 2375 454 2442 Qui
482 2374 592 2429 sale
623 2384 728 2428 tam
755 2372 899 2426 dulci
931 2384 1144 2425 currere
1172 2369 1315 2437 cogis
1336 2382 1485 2423 oves.

278 2462 574 2518 Credentes
595 2462 704 2531 jam
730 2461 887 2516 crede
914 2471 939 2508 8
970 2468 1109 2525 tuos,
1138 2473 1235 2513 nec
1264 2458 1446 2515 fallere
1483 2456 1632 2512 falsis
1652 2453 1679 2492 ¹³
1697 2498 1712 2526 ,

360 2551 466 2605 Nos
494 2550 761 2603 lavacrum
792 2551 1040 2616 petimus,
1068 2548 1134 2603 sit
1163 2548 1253 2603 tibi
1286 2556 1476 2616 praesto
1504 2547 1649 2602 lacus
1674 2544 1692 2584 ί

184 2676 191 2683 -
281 2640 561 2699 Sensimus
588 2639 775 2695 effectu
806 2639 822 2689 i
861 2639 1000 2708 quod
1030 2640 1224 2707 agebas
1253 2640 1355 2693 rite
1373 2638 1660 2705 precando,

362 2731 523 2801 Quod
544 2744 636 2801 per
656 2738 709 2785 te
731 2730 995 2785 hominem
1028 2742 1123 2783 nos
1152 2729 1292 2783 Deus
1327 2728 1441 2796 ipse
1468 2732 1667 2780 monet.

288 2824 391 2880 Hic
415 2824 575 2879 trahit
603 2822 671 2878 ad
700 2802 873 2877 lucem
899 2836 1030 2891 quos
1055 2828 1257 2876 texerat
1281 2821 1468 2875 umbra
1499 2826 1769 2889 negantes.

364 2915 665 2984 Militiaeque
690 2928 839 2969 nova:
875 2928 968 2969 rex
997 2912 1027 2951 ι
1063 2913 1299 2982 aperibat
1327 2912 1447 2967 iter.

218 2986 227 2995 ’
292 3004 521 3075 Agmina
541 3004 875 3069 conveniunt,
911 3002 1172 3070 quondam
1202 3002 1407 3057 diversa
1434 3014 1533 3056 suo
1557 2999 1663 3054 uno
1734 3038 1751 3069 ,

366 3093 610 3148 Partibus
637 3091 941 3158 etgeminis
970 3090 1026 3142 lit
1046 3090 1184 3143 Deus
1206 3103 1339 3143 unus
1366 3102 1534 3147 amor.

293 3182 433 3243 Hinc
458 3180 619 3237 oleari
649 3180 820 3237 ovium
851 3178 1179 3247 perfunditur
1207 3178 1433 3245 unguine
1460 3174 1623 3232 vellus
1645 3213 1663 3241 ,

370 3276 703 3340 Aspersuque
739 3284 890 3325 sacro
919 3268 978 3322 fit
1004 3268 1177 3337 gregis
1214 3267 1347 3321 alter
1374 3265 1505 3321 odor
1532 3274 1595 3318 ω.

304 3360 583 3418 Ecce‘dies
612 3359 792 3413 aderat
820 3371 924 3427 qua
953 3358 1163 3425 spiritus
1188 3356 1374 3419 almus,
1405 3353 1472 3408 ab
1501 3353 1606 3407 alto

372 3450 581 3517 Missus,
606 3448 906 3517 apostolicis
933 3447 1085 3502 ﬂuxit
1111 3448 1164 3500 in
1191 3461 1283 3501 ora
1314 3445 1457 3500 viris.

297 3540 408 3595 Res
438 3552 584 3593 sacra
605 3538 903 3599 rusticolas,
934 3537 1163 3589 urbanos
1190 3536 1382 3588 excitat
1420 3548 1626 3598 omnes,

370 3628 729 3695 Certatimque
753 3625 925 3679 aditus
953 3624 1019 3677 ad
1045 3624 1127 3691 pia
1160 3622 1290 3677 festa
1320 3622 1489 3677 ferunt
1524 3630 1571 3677 ιι.

304 3718 550 3774 Abluitur
587 3706 799 3793 Iudaeus
846 3714 975 3769 odor
1018 3713 1326 3781 baptismate
1355 3712 1497 3783 divo,

378 3809 443 3863 Et
467 3822 600 3863 nova
624 3806 896 3876 progenies
924 3806 1124 3861 reddita
1152 3804 1318 3875 surgit
1340 3804 1510 3874 aquis,

312 3900 537 3955 Vincens
564 3899 874 3955 Ambrosios
899 3907 923 3935 ο
954 3900 1101 3953 suavi
1129 3898 1413 3966 spiramine
1444 3911 1614 3963 rores,

328 4034 331 4037 .
381 3989 587 4044 Vertico
619 3987 827 4055 perfuso
848 3987 1141 4042 chrismatis
1167 3986 1309 4039 efflat
1333 3985 1481 4039 odor.

281 4146 287 4149 -
342 4191 347 4192 γ
378 4127 404 4154 α
434 4119 604 4192 Ibid_._:
633 4129 747 4173 tunc
789 4121 989 4192 agmina
1034 4120 1207 4175 inania
1226 4120 1395 4192 jungi.
1428 4118 1737 4192 Codd.‘_Vat.
1769 4132 1854 4174 re-

315 4191 481 4243 tinent
524 4187 787 4243 Manzara.
817 4190 928 4243 Vox
958 4198 1132 4244 autem
1180 4187 1363 4245 isihaec
1400 4197 1513 4243 orta
1554 4189 1762 4244 videtur
1788 4204 1853 4244 ex

315 4258 474 4311 Hebr.
507 4261 759 4312 vocabulo
787 4269 952 4328 1m
974 4301 987 4323 ,
1013 4261 1148 4328 quod
1176 4259 1314 4314 idem
1345 4268 1499 4313 sonat
1527 4274 1587 4314 ac
1624 4260 1851 4328 spurius,

311 4328 515 4400 gaulus,
538 4328 834 4400 etc.,‘ttnde
859 4327 1121 4400 Graeceix
1148 4329 1332 4400 «item;
1355 4329 1611 4400 redditur.
1642 4327 1771 4382 Hinc
1801 4339 1854 4383 et

314 4396 579 4461 Sedulius,
597 4396 639 4450 ‘a
670 4396 916 4449 Brovvero
942 4396 1409 4462 laudatus,'habet,
1442 4399 1531 4450 lib.
1562 4412 1619 4449 v:
1670 4416 1672 4418 ν

497 4505 797 4555 Manseribus
813 4504 1001 4565 p0pulis
1022 4506 1068 4553 in
1089 4486 1332 4555 deteriora
1356 4481 1581 4557 volutis...

384 4610 410 4649 δ
437 4611 575 4665 Edit.
598 4610 788 4675 Paris.,
815 4612 1030 4665 vincere.

388 4692 411 4748 ς
445 4677 589 4735 Unus
619 4679 749 4733 Cod.
784 4680 973 4745 Vatic.,
1005 4679 1204 4748 ﬂetibus
1224 4680 1303 4736 his
1329 4681 1505 4748 victus.

386 4747 413 4785 ά
446 4750 580 4819 Edit.
602 4747 1049 4819 Paris.,gingemit.

391 4827 414 4855 ⁸
446 4818 558 4872 Duo
584 4817 750 4873 Codd.
776 4817 913 4880 Vati,
936 4834 1073 4871 mens
1095 4826 1167 4870 est
1189 4818 1335 4871 tarda
1355 4819 1488 4872 boni.
1522 4817 1662 4872 Edit.
1702 4818 1855 4883 Ven.,

316 4904 458 4940 mens
478 4898 551 4941 est
573 4891 719 4947 tarda
748 4887 957 4944 homini.

392 4954 409 4990 ί
448 4956 589 5009 Unus
632 4954 763 5009 Cod.
820 4956 1021 5021 Vatic.,
1062 4970 1161 5024 quo
1200 4957 1281 5008 via
1324 4965 1454 5010 recta
1499 4957 1669 5010 ducat.
1716 4958 1854 5021 Edit.

319 5023 513 5091 Paris.,
542 5031 677 5089 recta
704 5032 853 5076 meat.

393 5102 417 5162 β
446 5086 582 5147 Edit.
615 5091 747 5162 Ven.
779 5093 1031 5162 credentes
1046 5094 1159 5162 jam
1186 5093 1387 5146 credere
1407 5108 1491 5147 vos
1514 5110 1619 5148 nec.

330 5198 335 5207 ς
394 5158 423 5231 1}
450 5162 589 5215 Edit.
620 5161 806 5231 Paris.,
837 5158 1124 5227 credas'fin
1157 5177 1344 5230 marg.,
1377 5165 1543 5231 falsis.

323 5228 418 5352 ιόοί
452 5231 592 5287 Edit.
619 5229 775 5295 Ven.,
817 5231 881 5292 sit
923 5230 1009 5284 tibi
1044 5241 1245 5300 prmsto,
1278 5228 1444 5285 laves.
1487 5232 1629 5288 Edit.
1668 5234 1860 5303 Paris.,

408 5316 486 5352 us.
1004 5332 1008 5336 Α
1486 5312 1490 5319 '

345 5314 486 5371 opus.
1004 5332 1008 5336 Α

365 5368 416 5435 ’ἶ
451 5367 591 5427 Edlt.
615 5370 812 5435 Paris.,
840 5376 1066 5435 aspectu.

395 5434 423 5503 ξ
449 5437 589 5491 Edit.
620 5434 810 5503 Paris.,
842 5454 965 5492 nos.

401 5502 421 5573 ἒ
454 5504 599 5560 Unus
624 5496 759 5563 Cod.
799 5496 978 5561 'Vatic.
1009 5514 1061 5560 et
1091 5506 1218 5562 Ven.
1259 5507 1396 5563 Edit.
1434 5510 1623 5573 Paris.,
1669 5513 1864 5567 diversa

325 5571 417 5629 sub
446 5588 634 5645 ultum"
666 5577 761 5629 Ed.
795 5576 983 5642 Paris.,
1014 5576 1067 5629 in
1096 5592 1285 5645 marg,
1310 5595 1427 5631 uno.

374 5710 377 5713 ν
400 5651 439 5717 If
468 5642 621 5717 P_lur‘a
649 5645 716 5697 de
742 5646 844 5699 hoc
876 5646 1041 5717 odore
1060 5642 1397 5717 Hebraeorum
1420 5649 1632 5717 quaerit,
1653 5651 1862 5707 etedis-

326 5710 459 5773 serit
484 5709 683 5777 Brom,
715 5726 831 5783 quas
858 5715 997 5784 quod
1025 5715 1091 5769 ad
1133 5709 1455 5787 propositum
1488 5709 1729 5777 nostrum
1756 5737 1862 5778 non

1869 3136 1921 3202 α

1884 4460 1937 4519 D
1961 4479 2096 4527 runt.

1994 735 2240 791 Germine
2267 737 2355 805 qui
2386 744 2612 801 nonest,
2647 732 2702 787 fit
2732 732 2823 785 tibi
2850 731 2995 785 fonte
3027 743 3236 800 parens.

1880 842 1881 845 ‘
1928 825 2163 895 Undique
2184 834 2329 894 rapta
2361 839 2519 879 manu
2551 822 2636 877 lux
2667 834 2818 877 cerea
2849 829 3098 890 provocat
3124 827 3264 873 astra
3288 857 3305 892 ,

1995 917 2193 973 Credas
2224 927 2279 972 ut
2297 918 2478 971 stellas
2497 917 2575 971 ire
2605 897 2861 970 trahendo
2887 926 3086 967 cernas.

1926 1006 2148 1061 Lacteus
2176 1007 2295 1060 hinc
2322 1006 2451 1061 vesti
2490 1015 2517 1054 P
2560 1004 2704 1059 color
2729 1012 2827 1066 est,
2876 1001 2993 1055 hinc
3022 998 3261 1071 lampade
3299 996 3471 1067 fulgor

1995 1094 2208 1149 Ducitur
2229 1105 2280 1149 et
2307 1096 2450 1148 vario
2470 1095 2663 1148 lumine
2689 1094 2829 1161 picta,
2851 1094 2984 1145 dies.

1926 1185 2034 1240 Nec
2062 1184 2244 1238 festiva
2280 1185 2450 1239 minus
2478 1197 2629 1251 quam
2663 1192 2786 1248 tunc
2804 1180 2903 1249 fuit
2937 1180 3021 1234 illa
3062 1193 3366 1243 coruscans,

2000 1273 2227 1328 Diversis
2262 1272 2473 1344 linguis,
2504 1287 2622 1343 quae
2642 1270 2785 1325 dedit
2807 1286 2905 1325 una
2935 1269 3096 1340 loqui.

1929 1366 2054 1431 Quis
2083 1379 2211 1435 rogo
2235 1364 2495 1434 pontificis
2528 1363 2626 1419 fuit.
2653 1362 2759 1416 illic
2781 1376 2967 1417 sensus
2996 1362 3180 1427 Aviti“!

2002 1460 2165 1526 Quam
2193 1458 2396 1514 validus
2442 1458 2635 1521 fervor,
2672 1470 2790 1510 cum
2814 1455 2965 1513 daret
2991 1454 3089 1509 ista
3118 1453 3269 1509 Deo?

1932 1550 2071 1619 inter
2091 1549 2434 1604 candelabrus
2450 1546 2688 1607 radiabat
2715 1546 2909 1628 etipse
2931 1543 3198 1610 sacerdos,

2002 1639 2200 1695 Diii‘uso
2221 1639 2443 1692 interius
2456 1619 2808 1716 Spiritusiig'ne
2832 1636 3056 1691 micans.

1936 1730 2071 1785 Dum
2092 1728 2254 1793 qsibi,
2278 1726 2441 1797 qualis
2476 1733 2610 1791 erat,
2644 1726 2745 1777 tam
2767 1738 2887 1781 vera
2921 1724 3221 1788 holocausta
3245 1722 3481 1789 ferendo,

1860 1800 1910 1861 Β
2003 1818 2136 1874 Cum
2164 1816 2289 1871 libat
2315 1825 2337 1851 ι’
2366 1815 2483 1869 vivo
2512 1812 2681 1869 hostia
2703 1812 2821 1867 viva
2848 1814 2975 1869 Deo.

1933 1908 1987 1964 Si
2016 1906 2305 1977 patriarcha
2338 1906 2525 1975 placet,
2567 1906 2812 1973 quoniam
2847 1915 3023 1959 natum
3052 1904 3240 1960 obtulit
3282 1917 3475 1965 unum.

2004 1997 2099 2064 Qui
2131 2006 2302 2052 tantos
2331 1995 2503 2064 offert,
2534 2010 2691 2063 quam
2721 1994 3005 2064 placiturus
3031 1995 3167 2049 erit?

1935 2087 2106 2140 Moses
2133 2101 2239 2140 non
2264 2086 2423 2154 valuit
2453 2084 2573 2140 fidei
2604 2099 2734 2154 quos
2761 2085 2993 2140 subdere
3019 2096 3235 2155 nostrae,

2006 2193 2108 2258 Qui
2134 2194 2344 2250 Christo
2367 2195 2591 2260 acquirit
2618 2194 2757 2264 quod
2784 2194 2883 2249 sibi
2916 2209 3105 2269 munus
3130 2194 3268 2249 erit?

1938 2283 2094 2338 Fudit
2118 2284 2462 2339 aromaticum
2494 2284 2700 2339 Domini
2728 2284 2955 2339 libamen
2983 2285 3047 2339 ad
3076 2298 3243 2357 aram,

2012 2375 2390 2444 incensumque
2420 2389 2611 2428 novum
2640 2373 2781 2428 misit
2808 2374 2873 2429 ad
2903 2383 3043 2430 astra
3074 2375 3205 2430 Deo.

1942 2465 2177 2521 Obtinuit
2203 2473 2400 2531 votum,
2428 2465 2552 2535 quia
2573 2465 2752 2535 junxit
2772 2463 2911 2519 ovile
2938 2462 3037 2520 sub
3063 2480 3167 2520 uno
3194 2466 3242 2534 ',

1992 2558 2078 2610 .Et
2105 2570 2263 2625 grege
2288 2556 2354 2611 de
2374 2556 2529 2611 niveo
2549 2556 2746 2627 gaudia
2777 2568 2955 2625 pastor
2975 2554 3157 2613 habet.

1948 2646 2075 2701 Haec
2105 2646 2298 2699 inculta
2329 2646 2416 2699 tibi
2443 2655 2650 2713 reputa,
2680 2647 3009 2703 Pater‘alnte
3036 2645 3279 2715 Gregori,

2014 2736 2110 2803 Qui
2140 2737 2422 2791 Fortunato
2447 2750 2551 2791 non
2580 2736 2797 2791 valitura
2823 2738 2997 2805 iubes.

1944 2826 2095 2883 Adde
2120 2827 2257 2896 quod
2285 2827 2531 2896 exiguum
2561 2840 2646 2881 me
2673 2827 2891 2895 portitor
2923 2825 3131 2896 impulit
3160 2823 3382 2894 instans,
3440 2850 3441 2853 η

2018 2917 2085 2971 Ει
2110 2918 2261 2972 datur
2281 2917 2333 2972 in
2364 2919 2545 2986 spatiis
2576 2919 2659 2972 vix
2687 2918 2945 2988 geminata
2977 2917 3109 2972 dies.

1945 3006 2194 3063 Novimus
2222 3007 2408 3063 affectu
2443 3010 2613 3077 potius
2638 3009 2774 3079 quod
2801 3010 2818 3045 ι
2844 3008 3215 3077 diligisillum,

2017 3097 2165 3152 Hunc
2182 3106 2232 3163 ιι,
2255 3089 2407 3167 quem
2432 3100 2587 3153 corde
2607 3099 2771 3164 vides,
2798 3103 3007 3166 semper
3033 3109 3086 3155 et
3108 3114 3200 3155 ore
3227 3107 3393 3156 tenes.

1948 3184 2059 3242 Hoc
2089 3187 2179 3241 tibi
2209 3201 2305 3242 nec
2332 3188 2460 3242 satis
2488 3196 2584 3251 est,
2612 3187 2927 3256 hujus,quad
2955 3201 3013 3242 es
3033 3196 3060 3226 ν
3091 3188 3203 3258 ipse
3227 3189 3442 3254 relator,

2019 3277 2302 3348 Compellis
2332 3279 2558 3348 reliquos
2581 3276 2825 3346 plaudere
2851 3290 2980 3332 voce
3008 3276 3125 3331 sibi.

1949 3368 2062 3425 Non
2091 3366 2189 3422 fuit
2218 3369 2270 3424 in
2290 3383 2540 3435 vacuum,
2570 3370 2706 3438 quod
2730 3379 2782 3423 te
2810 3369 3048 3437 provexit
3072 3368 3356 3434 alumnum,

2019 3457 2073 3513 Si
2102 3468 2129 3496 ι
2160 3460 2243 3513 cui
2269 3468 2465 3524 mente,
2496 3460 2617 3525 fide,
2644 3459 2823 3515 reddis
2843 3473 3022 3515 amore
3050 3459 3239 3514 vicem.

1950 3547 2159 3599 Annuat
2187 3548 2536 3613 omnipotens,
2569 3547 2723 3615 longo
2745 3547 3098 3605 memoraliter
3119 3556 3149 3595 γ
3177 3561 3309 3615 aevo,

2022 3642 2091 3699 Ut
2119 3647 2171 3693 tu
2198 3634 2438 3701 laus‘illi,
2468 3636 2579 3691 laus
2604 3636 2674 3691 sit
2702 3645 2753 3692 et
2781 3635 2868 3691 ille
2895 3636 3009 3694 tibi.

1952 3734 2034 3791 Me
2061 3744 2267 3803 quoque
2296 3744 2389 3785 vos
2417 3727 2670 3784 humilem
2703 3728 2899 3799 pariter
2942 3729 3246 3787 memoretis
3269 3736 3293 3765 ³
3335 3728 3504 3783 utrin-

2016 3821 2095 3877 ‘Et’
2120 3835 2214 3892 pro
2242 3834 2335 3890 spe
2364 3819 2535 3875 veniae
2566 3833 2694 3875 voce
2724 3818 2904 3874 feratis
2934 3834 3114 3889 opem.
3282 3817 3425 3892 [que.

1954 4124 2172 4189 faciant,
2206 4124 2431 4179 libenter
2458 4121 2751 4179 omisimus.
2800 4124 2975 4180 Potuit
3022 4125 3105 4181 hic
3147 4140 3176 4184 a
3207 4124 3494 4180 Fortunato

1955 4210 2060 4249 non
2088 4194 2221 4251 odor
2248 4194 2644 4263 corporistsed
2691 4195 2849 4249 animi
2902 4195 3144 4258 indicari,
3190 4210 3293 4263 quo
3337 4208 3495 4251 sensu

1957 4266 2127 4384 elebat
2148 4265 2435 4385 lApostolus
2465 4280 2475 4315 :
2508 4262 2695 4317 Christi
2725 4265 2880 4318 bonus
2922 4265 3046 4319 odor
3074 4262 3246 4319 sumus
3287 4265 3339 4318 itt
3369 4263 3502 4317 omni

1981 4349 2090 4385 aco.
2115 4347 2144 4385 e
2170 4347 2216 4385 c.

2072 4372 2090 4398 ,
2115 4372 2216 4385 ων.

2029 4410 2058 4438 ιι
2086 4402 2216 4456 Tres
2246 4402 2412 4457 Codd.
2442 4403 2585 4471 Vat.,
2615 4411 2669 4458 et
2700 4403 2825 4458 Ven.
2857 4398 3022 4470 Edit.,
3054 4404 3121 4457 ad
3148 4405 3231 4474 pia
3271 4406 3394 4475 [sua
3432 4413 3505 4458 ts-

2030 4552 2054 4577 ο
2084 4540 2222 4594 Edit.
2254 4540 2441 4597 Paris.,
2465 4540 2775 4592 Ambrosius.

2029 4620 2055 4660 ρ
2082 4610 2223 4676 Unus
2244 4608 2371 4663 Cod.
2402 4608 2589 4673 Vatic.,
2619 4608 2801 4663 lacteus
2822 4608 2938 4663 hinc
2963 4610 3126 4670 vestis.

2031 4690 2057 4728 ct
2089 4679 2227 4731 Edit.
2256 4678 2381 4731 Ven.
2414 4687 2467 4732 et
2494 4677 2683 4746 Paris.,
2709 4689 2811 4731 tum
2835 4679 2947 4733 sibi.

2031 4757 2053 4784 τ
2091 4748 2141 4800 In
2175 4762 2277 4799 uno
2304 4747 2432 4800 Cod.
2458 4746 2574 4800 Vat.
2602 4764 2614 4798 :

2139 4837 2255 4885 Cum
2280 4837 2427 4888 libeat
2450 4839 2556 4888 vino
2574 4838 2725 4887 hostia
2753 4839 2855 4889 viva
2877 4838 3051 4890 Deum.

1962 4897 2100 4957 Edil.
2128 4897 2301 4953 Paris.
2329 4917 2341 4951 :

2140 4966 2265 5017 Dum
2290 4967 2404 5017 libat
2423 4969 2530 5017 vino
2552 4968 2706 5018 hostia
2729 4968 2832 5018 viva
2857 4968 3033 5021 Deum.

1960 5047 2017 5103 in
2046 5060 2236 5113 marg.,
2267 5046 2396 5105 Deo.

2035 5126 2057 5155 ³
2089 5117 2227 5172 Edit.
2252 5116 2418 5171 Paris.
2445 5132 2460 5168 :

2144 5204 2363 5257 Obtinuit
2380 5214 2558 5266 votum,
2582 5208 2692 5269 quia
2717 5221 2848 5261 verte
2862 5211 3020 5271 junxit
3040 5209 3197 5263 olivae.

2035 5290 2054 5326 ι
2092 5288 2146 5364 in
2172 5304 2274 5343 uno
2302 5290 2433 5364 Cod.
2464 5288 2606 5364 Eat”
2640 5293 2805 5364 petitis
2831 5310 2926 5361 quo
2954 5294 3143 5364 diligis.

1950 5396 1953 5401 ν
2035 5367 2060 5395 ιι
2092 5357 2450 5429 [ημοηοᾼϐοᾱη
2469 5358 2610 5423 Vat.,
2640 5357 2778 5414 Hinc
2803 5357 2965 5429 quem.

2032 5437 2059 5466 τ
2084 5422 2229 5499 fidit.
2255 5422 2740 5499 ven.,'ltujus'quod
2765 5422 2869 5499 ipsa
2896 5433 3101 5489 relator.

2032 5505 2057 5529 κ
2084 5493 2237 5560 lbid.,
2263 5497 2333 5549 sic
2372 5493 2640 5569 alimenta
2666 5493 2836 5563 ﬁderit,
2865 5502 3000 5569 quod
3026 5517 3141 5567 seq.
3179 5498 3311 5555 Edit.
3341 5500 3505 5557 Paris.

1963 5576 2192 5633 quoque,
2218 5572 2378 5633 mente
2404 5564 2573 5632 ﬁdem.
2670 5574 2682 5583 ‘

2032 5640 2061 5678 γ
2086 5624 2224 5703 Edit.
2258 5624 2414 5703 Ven.,
2440 5624 2588 5703 longe
2611 5644 2665 5703 ut
2686 5647 2983 5701 memorem)!
3004 5640 3206 5695 in'a’ro.

2036 5708 2059 5737 ι
2093 5701 2217 5757 ibid.
2254 5702 2381 5756 etin
2408 5716 2512 5758 uno
2536 5701 2669 5762 Cod.
2698 5703 2835 5774 Vat.,
2866 5713 3146 5767 metueretis
3168 5712 3389 5782 νήφει.
