3780 6396
2532 11 2935 29 ῨᾸ--ᾐθ-

2532 11 2935 29 ῨᾸ--ᾐθ-

106 393 193 456 ηε
696 400 699 401 ί
1034 450 1041 456 _
1278 366 1776 433 IIISGELLANBA.
1813 392 1884 409 -
1917 364 2045 423 un.
2086 365 2149 423 v.
3208 366 3310 423 tot

106 518 193 575 ret,
219 506 291 562 de
308 497 631 570 compendio
657 495 900 568 cogitans
921 532 938 561 ,
985 505 1054 549 ne
1080 489 1283 546 vilitate
1311 486 1466 558 pretii
1492 495 1520 523 ι
1546 484 1642 540 de-
1668 485 1724 545 Α
1746 478 2058 575 rumpebant
2082 519 2098 543 ,
2124 476 2383 548 incipiens
2412 490 2558 575 ego,
2596 489 2767 575 opere
2811 490 2974 575 mite
3015 476 3264 575 absoluto
3285 518 3303 544 ρ

106 569 403 672 pretist-stur
430 569 523 646 tibi
549 601 758 643 merces
782 583 1001 653 captivi,
1030 582 1156 635 illud
1195 576 1341 635 certe
1369 586 1642 642 metuens,
1748 571 1931 641 ligari,
1963 581 2119 637 atque
2147 580 2347 624 mutata
2379 570 2493 624 vice
2512 610 2528 631 .
2578 569 2701 623 dum
2717 570 2923 672 ‘c:tptivi
2952 570 3158 625 θυινθυε
3188 572 3298 672 lora

106 659 145 746 gi
166 692 441 755 ακηωιο
468 681 520 735 ί..
552 690 787 741 nummo,
819 668 1148 740 respicerer
1180 668 1235 724 in
1268 667 1489 732 talento,
1518 663 1647 736 ιιι-ιιι-
1746 660 2664 755 cupio,me‘cateuancoustringon
2688 659 2816 714 Nam
2837 661 3020 755 hujus
3066 660 3306 755 opusculi

104 747 271 837 ger-tim
301 788 420 830 cum
449 768 749 824 desiderem
797 764 1076 819 thesauros
1121 775 1187 815 es
1233 774 1384 829 aequo
1423 766 1475 811 te
1503 760 1524 788 ε
1559 769 1648 812 tuo
1746 765 1865 820 qua:
1895 752 1983 815 sit,
2016 751 2139 805 hinc
2166 750 2447 820 conjicitur
2468 747 2777 814 difﬁcultas,
2798 750 2885 805 ubi
2910 765 3028 804 cum
3054 748 3309 821 volueris,

105 870 194 928 frui
218 882 337 923 cum
367 871 601 933 martyre
625 858 673 914 ⁸.
703 856 840 925 Quid
862 868 989 910 vero
1011 866 1107 924 pro
1130 866 1348 907 munere
1374 850 1652 904 modicitas

105 961 382 1033 proferret,
429 964 487 1017 et
528 967 649 1007 cum
690 950 742 1004 in
790 947 1051 1004 electione
1096 952 1398 1008 cunctarer,
1430 945 1572 999 venit
1597 944 1652 999 in

103 1057 318 1105 mentem
350 1042 638 1112 lethargico
665 1040 863 1095 dictum
894 1036 1065 1092 Flacci
1098 1033 1403 1089 Pindarici:

578 1155 870 1215 Pictoribus,
907 1157 1053 1215 atque
1079 1152 1256 1211 poetis,

213 1221 459 1284 Quaelibet
478 1217 687 1269 audendi
708 1211 903 1276 semper
924 1211 1013 1261 fuit
1030 1223 1167 1272 requa
1186 1216 1420 1273 potestas,

101 1305 436 1363 considerans
458 1299 819 1360 versiculum,
849 1297 893 1349 si
922 1308 1041 1363 qum
1070 1293 1184 1347 vult
1205 1291 1397 1348 artifex
1416 1335 1431 1357 ,
1456 1306 1655 1362 pernu-

102 1406 207 1455 scet
249 1403 501 1462 uterque,
546 1404 642 1445 cur
670 1396 725 1442 et
750 1386 800 1443 si
829 1400 933 1441 non
972 1384 1041 1437 ab
1082 1381 1283 1438 artill'ce
1328 1382 1653 1437 misceantur

102 1494 335 1553 utraque,
366 1493 424 1537 ut
450 1478 720 1535 ordiretur
752 1489 855 1530 una
883 1473 987 1551 tela
1017 1470 1175 1526 simul
1199 1472 1375 1541 poesis
1402 1480 1457 1526 et
1483 1470 1655 1540 pictu-

100 1577 187 1634 ra?
205 1573 408 1631 Dehinc
427 1586 549 1629 cum
571 1583 669 1640 pro
697 1566 907 1636 captivo
929 1563 1090 1620 velim
1113 1573 1272 1617 versu
1296 1568 1320 1601 ο
1348 1575 1633 1632 suggerere

101 1666 372 1723 attendens
417 1678 537 1732 qua
587 1662 785 1715 fuerint
830 1667 1071 1725 tempora
1103 1652 1511 1721 Redemptoris,
1555 1667 1660 1722 quo

102 1770 250 1816 tonos
277 1770 386 1811 sum
414 1754 587 1809 tetatis
624 1764 765 1805 anno
807 1747 1159 1818 [quotenosm
1191 1741 1385 1813 annos]
1413 1743 1657 1798 Christus

1748 840 1794 895 si
1816 839 1986 903 addis,
2004 840 2361 899 cresciLlinea
2382 856 2396 903 ;
2420 839 2709 915 subtrahis,
2733 842 2869 909 perit
2888 842 3053 908 gratia
3073 858 3088 906 ;
3112 854 3307 913 mutas,

1753 946 1856 986 non
1901 942 2199 986 consonant
2243 932 2452 1000 capita;
2486 930 2621 1000 tigis,
2670 945 2767 985 nec
2811 930 2947 999 fugis
2985 930 3011 969 ¹ι
3057 932 3303 988 litteram.

1752 1023 1933 1093 itaque
1958 1038 2078 1079 cum
2111 1024 2363 1093 penderet
2393 1022 2509 1077 haec
2547 1023 2650 1077 tela
2678 1024 2918 1077 versibus
2950 1024 3185 1091 laqueata
3207 1065 3223 1090 ,
3252 1032 3309 1079 ut

1754 1118 1799 1170 si
1829 1114 1935 1169 duo
1966 1115 2281 1179 transirem,
2311 1113 2486 1168 adhuc
2531 1114 2630 1167 tria
2671 1128 2777 1167 non
2806 1113 3075 1183 fugerem,
3102 1131 3201 1186 ego
3232 1115 3311 1171 in-

1754 1215 1939 1261 cautus
1964 1220 2167 1276 passer,
2200 1206 2349 1275 quasi
2380 1204 2600 1260 mentita
2631 1219 2724 1274 per
2748 1206 2923 1261 nubila
2949 1208 3145 1262 incurri
3178 1222 3307 1276 pan-

1755 1298 1958 1351 theram
1986 1294 2029 1362 ι,
2052 1296 2172 1366 quia
2195 1294 2335 1365 quod
2366 1310 2556 1351 cavere
2599 1296 2860 1361 volebam,
2886 1297 2969 1351 hic
2984 1296 3131 1369 [huc]
3151 1299 3309 1365 pinna

1756 1384 1979 1455 ligabar,
2010 1394 2099 1439 aut
2129 1384 2315 1455 magis,
2351 1393 2407 1438 ut
2436 1384 2634 1439 dictum
2655 1385 2744 1455 sit,
2775 1386 2920 1441 velut
2946 1387 3135 1455 plumis
3160 1390 3309 1449 illitis

1757 1474 2083 1546 quinquilida
2109 1474 2309 1529 viscata
2347 1473 2596 1531 tendebat
2635 1484 2696 1529 ιιι.
2735 1475 2875 1531 inter
2918 1477 3033 1533 haec
3070 1478 3197 1533 illud
3227 1495 3315 1543 me

1759 1574 2096 1632 commovet,
2129 1563 2269 1633 quod
2316 1563 2419 1617 tale
2447 1578 2552 1618 non
2593 1564 2766 1619 solum
2794 1562 3056 1631 feceram.
3097 1569 3189 1622 sed
3219 1583 3321 1626 nec

1758 1657 2003 1724 exetnplo
2047 1654 2208 1709 simili
2254 1652 2496 1708 trahente
2523 1656 2553 1688 ³⁸
2579 1653 2829 1709 ducebar.
2881 1655 2973 1710 llis
3002 1658 3235 1713 incertus
3261 1639 3315 1715 et

1761 1746 2015 1815 trepidus,
2041 1745 2154 1811 ipsa'
2181 1744 2414 1799 novitate
2440 1758 2747 1814 suspensus,
2779 1753 3023 1800 utrumne
3052 1756 3312 1803 tentarem

98 1846 403 1906 absolverit,
435 1841 655 1897 totidetn
687 1835 967 1894 versiculis
994 1845 1228 1905 lexeram
1255 1846 1471 1887 carmen
1490 1870 1507 1897 ,
1528 1841 1660 1901 quot
1688 1835 1735 1894 Β
1761 1851 1880 1906 quae
1903 1850 2169 1906 nunquam
2195 1848 2475 1903 aggressus
2514 1836 2614 1888 sim
2633 1873 2649 1900 ,
2680 1847 2746 1888 an
2777 1837 2982 1889 cautius
3008 1850 3312 1906 respuerem

100 1936 317 2001 litteris;
348 1931 487 1989 hac‘
526 1930 768 1999 protinus
799 1924 980 1993 aperis
1008 1922 1322 1977 difficultate
1373 1920 1657 1989 repulsus,

98 2035 186 2082 aut
212 2024 384 2093 magis
414 2020 676 2085 inclusus,
698 2027 828 2071 'tam
858 2014 1013 2069 metri
1042 2010 1364 2067 necessitate
1390 2025 1547 2079 quam
1578 2010 1664 2064 lit-

99 2127 329 2174 terarum
357 2114 622 2180 epitome.
653 2107 782 2178 quid
824 2106 1056 2160 facerem
1081 2107 1104 2157 τ
1128 2117 1233 2172 quo
1261 2101 1397 2174 [ubi]
1427 2102 1658 2168 prodito-

97 2220 212 2262 rem
241 2218 378 2259 nova
406 2198 758 2256 calculatione
788 2201 1048 2263 angustus
1093 2190 1227 2246 mihi
1274 2203 1530 2244 numerus
1562 2203 1659 2243 an-

99 2294 307 2366 gustius
334 2289 577 2347 dilatavit
596 2297 648 2353 It,
677 2286 797 2355 quia
829 2281 1048 2354 praeﬁxo
1068 2278 1095 2318 δ
1127 2281 1354 2336 termino
1384 2294 1493 2335 non
1528 2288 1661 2348 erat,

98 2401 196 2443 nec
225 2383 320 2441 ubi
346 2380 625 2453 prolixitas
650 2392 707 2433 se
736 2382 1035 2440 excuteret,
1070 2380 1165 2427 ant
1190 2372 1421 2427 brevitas
1449 2372 1667 2441 angula-

99 2488 214 2545 ret,
263 2492 364 2533 nec
396 2474 611 2545 evagari
660 2482 876 2542 propter
927 2466 1312 2524 descendentes
1348 2480 1533 2523 versus
1564 2466 1668 2523 fre-

97 2577 265 2626 nante
298 2567 570 2633 repagula,
595 2563 835 2618 orditura
869 2557 1171 2634 [ordienda]
1202 2560 1461 2630 permisit.
1484 2558 1541 2613 In
1565 2575 1667 2629 quo

98 2658 300 2729 quippe
333 2654 573 2717 exordio,
604 2657 1045 2719 supercrescente
1080 2651 1251 2715 apice,
1277 2665 1380 2703 non
1412 2648 1557 2703 licuit
1585 2649 1669 2703 vel

94 2749 336 2811 solvere,
363 2744 448 2800 vel
472 2742 565 2807 illa
597 2741 799 2807 laxare,
829 2753 897 2794 ne
928 2752 1208 2793 numerum
1236 2738 1543 2792 transiliens
1576 2752 1667 2792 er-

96 2840 268 2895 ratica
316 2851 376 2892 se
418 2834 520 2891 tela
552 2832 812 2889 turbaret.
845 2830 979 2886 Hinc
1024 2845 1151 2885 cura
1198 2844 1560 2897 commoveor,
1612 2839 1671 2885 ut

96 2929 207 2985 duo
234 2943 333 2999 per
359 2924 531 2992 capita
551 2966 567 2991 ,
599 2924 705 2979 duo
731 2937 797 2978 ex
826 2921 1078 2991 obliquo,
1123 2935 1261 2975 unus
1285 2934 1412 2976 vero
1439 2934 1532 2990 per
1561 2934 1673 2977 me-

96 3023 249 3079 dium
266 3017 653 3077 descendentes
669 3014 861 3084 integri
878 3012 1124 3068 versiculi
1152 3011 1473 3083 legerentur.
1489 3011 1672 3066 Altera

99 3126 229 3182 pars
251 3110 548 3170 restiterat,
577 3118 733 3174 quam
755 3105 893 3157 inter
914 3114 1099 3156 omnes
1129 3102 1357 3155 litteram
1380 3102 1675 3156 meditullio

1759 1943 1914 1998 quam
1942 1927 2151 1983 incaute
2180 1925 2470 1994 proferrem
2489 1965 2507 1991 ,
2540 1925 2752 1979 tandem
2772 1964 2787 1989 ,
2818 1924 2945 1980 licet
2972 1924 3167 1980 invitus
3189 1966 3205 1992 ,
3241 1927 3321 1984 lo.

1759 2034 1893 2088 quor
1918 2032 2051 2086 pene
2077 2032 2195 2086 qum
2215 2017 2414 2080 nescio,
2437 2026 2489 2071 et
2506 2025 2558 2069 tu
2586 2031 2671 2071 me
2694 2017 2864 2071 vincis
2891 2031 3095 2082 amore,
3121 2034 3189 2076 no
3208 2021 3325 2077 vin-

1759 2120 1851 2160 car
1875 2107 1943 2159 ab
1967 2120 2147 2173 opere.
2168 2106 2303 2160 Ecce
2324 2105 2490 2174 exigis
2516 2119 2545 2158 a
2571 2118 2676 2171 me,
2700 2114 2755 2159 et
2780 2105 2919 2173 quod
2946 2107 3001 2161 in
3052 2123 3138 2163 me
3180 2111 3267 2165 vix
3295 2120 3320 2148 ο

1759 2191 1986 2258 invenis,
2009 2191 2310 2248 violentiam
2333 2191 2465 2246 facis
2485 2192 2555 2257 ei,
2584 2190 2675 2261 qui
2719 2201 2861 2259 tuus,
2904 2208 3009 2248 non
3035 2196 3249 2253 rebellis
3279 2183 3329 2249 ‘r

1760 2290 1845 2339 est
1868 2300 1880 2336 :
1908 2290 2210 2352 estet-ques,
2236 2299 2336 2341 uec
2357 2282 2653 2361 repelleris.
2682 2286 2865 2352 Amor,
2891 2285 3115 2343 blandus
3142 2298 3320 2361 tyran-

1764 2386 1863 2427 nus
1907 2382 2008 2428 est.
2064 2371 2128 2429 Ut
2159 2372 2260 2428 hoc
2314 2360 2557 2444 pararem
2609 2377 2952 2444 commercii,
3004 2392 3098 2448 per
3144 2360 3323 2437 incer-

1766 2474 1877 2521 tum
1927 2476 1955 2517 ιι
2004 2467 2171 2536 pelagi
2219 2468 2579 2523 rudisrnauta
2624 2468 2742 2525 vela
2795 2470 3082 2538 suspendi,
3136 2470 3323 2530 aﬂ‘ectu

1775 2567 1988 2625 raptus;
2017 2559 2230 2613 deferor
2272 2574 2365 2628 per
2412 2559 2599 2613 ﬂuctus
2646 2570 2699 2614 et
2740 2563 3014 2629 scapulos;
3044 2558 3199 2632 urges
3235 2579 3323 2621 me

1769 2645 2093 2713 praecipitem
2142 2661 2236 2713 per
2275 2646 2453 2716 ignota
2497 2648 2740 2702 transire.
2783 2649 2917 2715 Quid
2946 2659 3027 2704 est
3051 2652 3193 2720 quod
3218 2668 3323 2709 non

1771 2732 2051 2788 obtineasi
2082 2734 2219 2789 sicut
2242 2749 2409 2801 amas,
2433 2737 2510 2790 sic
2539 2736 2785 2805 imperas.
2815 2737 2987 2793 Habes
3008 2739 3167 2810 igitur
3190 2756 3325 2811 opus

1770 2823 1847 2877 sic
1874 2838 1980 2878 uno
2012 2823 2157 2880 texui
2198 2828 2545 2901 quadratum,
2579 2835 2638 2881 ut
2663 2829 2733 2883 sit
2769 2827 2993 2899 legendo
3036 2832 3325 2902 quinquin-

1771 2912 1929 2979 dum;
1962 2923 2015 2969 et
2040 2929 2159 2968 cum
2190 2915 2298 2969 sint
2327 2916 2539 2987 triginta
2570 2924 2679 2972 tres
2710 2925 2815 2972 tam
2842 2931 3026 2974 versus
3053 2934 3210 2990 quam
3238 2922 3325 2978 iit-

1774 3012 1924 3071 teras,
1954 3004 2022 3059 ad
2050 3003 2452 3061 similitudinem
2494 3006 2688 3061 Christi
2735 3007 2964 3063 carnalis
2990 3010 3160 3064 aetatis
3181 3052 3197 3077 ,
3224 3027 3327 3083 qua

1779 3111 1880 3151 nos
1921 3096 2146 3151 absolvit
2167 3111 2307 3150 unus
2332 3111 2648 3166 resurgens,
2681 3098 2854 3156 adhuc
2880 3100 2985 3155 duo
3012 3116 3106 3170 per
3133 3105 3327 3172 capita,

94 3175 454 3263 collocarem,
483 3208 601 3264 qua}
627 3194 705 3248 sic
732 3192 993 3260 reciperet
1018 3203 1237 3244 onmem
1256 3229 1272 3254 ,
1296 3198 1354 3243 ut
1378 3190 1674 3246 oli'enderet
1699 3175 1746 3237 (ἶ
1780 3183 1887 3238 duo
1913 3199 1981 3239 ex
2009 3184 2255 3253 obliquo,
2277 3200 2412 3238 unus
2439 3200 2646 3254 quoque
2675 3201 2770 3257 per
2797 3190 3026 3244 medium
3056 3191 3247 3260 legitur
3274 3195 3325 3251 in

96 3290 399 3346 neminem.
431 3285 589 3356 Igitur
621 3284 775 3349 hujus
805 3281 927 3336 telas
957 3295 1078 3336 cum
1116 3280 1237 3335 licia
1268 3295 1490 3335 numero
1509 3280 1672 3335 colle-

94 3378 346 3450 gissetn,
398 3383 455 3429 ut
497 3368 720 3428 texere‘
754 3383 1053 3440 creperum,
1101 3378 1155 3425 et
1201 3382 1290 3435 se,
1335 3378 1389 3424 et
1413 3369 1508 3439 {me
1536 3369 1664 3423 lilai

175 3518 203 3546 ι
238 3507 396 3565 Unus
440 3503 572 3559 Cod.
608 3503 751 3567 Vat.,
792 3494 946 3571 quod“
962 3499 1221 3571 soboles...
1259 3513 1326 3551 an
1356 3502 1505 3571 quod
1543 3498 1675 3553 vobis

96 3578 398 3648 proﬁceret.
428 3574 568 3648 Edit.
614 3572 784 3626 Paris.
804 3568 828 3621 ἐ
866 3570 1012 3633 Quod
1062 3569 1197 3621 vobis
1244 3568 1567 3634 proﬁceret...
1616 3584 1677 3619 ne

93 3642 594 3716 ξιιίιίιαιειηρῑιιέί-,,
851 3708 862 3716 ,
990 3715 995 3716 ,
1050 3704 1159 3716 ...._
1221 3703 1257 3716 ,κ
1323 3705 1334 3715 .
1552 3705 1561 3716 .

165 3713 199 3755 ι’
238 3703 696 3776 υιιιιεὈοάΝειιη
728 3708 1016 3773 respirant.
1050 3704 1187 3760 Edit.
1220 3703 1408 3769 Paris.,
1432 3705 1678 3773 respirare

92 3786 190 3842 tibi
221 3784 439 3838 talento.

171 3849 835 3925 albiduewmoftuia
1010 3922 1019 3925 -
1126 3912 1159 3925 -
1292 3912 1305 3925 .
1392 3913 1405 3925 .
1658 3914 1671 3925 .

170 3922 202 3965 δ
249 3922 355 3977 Hic
374 3912 582 3992 videtur
621 3912 837 3973 iudicari
875 3922 1089 3992 sanctus
1126 3912 1672 3992 Symphorianus,_qui

92 3993 246 4064 apud
285 3990 717 4064 Augustodunum
748 3986 1000 4052 martyrio
1028 3984 1322 4064 coronatus
1338 3992 1420 4034 est
1442 4022 1455 4043 ,
1488 3996 1551 4034 ac
1577 3984 1676 4060 ibi-

94 4048 232 4120 ἷιὲιιι
269 4048 467 4130 magno
496 4071 619 4130 cum
664 4055 866 4130 honore
888 4048 961 4130 'a__c
1000 4050 1249 4130 religione
1276 4048 1392 4130 ejus
1424 4050 1675 4127 meritoria

90 4118 416 4191 colebatur,
447 4136 502 4181 ut
538 4125 700 4179 relert
727 4123 887 4191 Greg.
915 4119 1080 4186 Tur.,
1113 4123 1149 4172 l.
1174 4132 1191 4171 ι
1213 4118 1280 4171 de
1308 4118 1490 4172 Gloria
1530 4133 1669 4172 mur-

91 4212 325 4339 ιγ’-ξ
630 4263 788 4339 _Va_t.,
814 4259 961 4339 velint
987 4274 1157 4313 versus
1180 4273 1460 4339 suggerere”.

177 4335 204 4376 ί
244 4338 310 4392 In
343 4337 506 4390 altero
533 4333 665 4388 Cod.
702 4333 813 4384 Vat.
849 4348 861 4382 :
897 4329 1151 4383 Hactenus
1180 4330 1342 4395 aperis
1363 4328 1677 4395 difﬁcultate,

93 4417 195 4465 aut
231 4410 410 4478 satagis
437 4404 725 4478 dimcultate
749 4400 972 4453 inclusus
1000 4398 1311 4478 necessitate.

172 4488 203 4527 ι
241 4476 311 4533 ιιι
336 4464 440 4528 uno
464 4464 595 4528 Cod.
633 4470 771 4532 Van,
801 4482 898 4537 quo
923 4465 1240 4534 proditore...
1266 4464 1524 4537 angustias
1547 4465 1679 4537 dila-

1774 3274 2063 3341 descensu;
2093 3274 2230 3330 unde
2271 3276 2328 3330 lit
2354 3283 2412 3331 ut
2439 3290 2502 3341 se
2525 3277 2670 3333 linito
2699 3292 2853 3334 versu
2875 3279 3058 3341 littera
3086 3296 3188 3335 non
3212 3284 3330 3338 fini-

1776 3372 1878 3434 ret,
1906 3367 2027 3438 quia
2070 3374 2124 3421 et
2167 3366 2213 3422 si
2258 3366 2512 3424 indirecto
2560 3377 2584 3404 τ
2634 3334 2889 3453 ριιιυιιιιιιῑιΚ
2914 3370 2981 3425 ad
3023 3373 3328 3443 terminum,

1776 3514 1886 3551 rem
1911 3513 2196 3563 nominari,
2226 3501 2363 3552 haud
2388 3500 2459 3551 ita
2489 3501 2689 3567 pridem
2720 3500 2913 3553 audivi.

1849 3575 1886 3601 οι
1917 3567 2455 3639 Quinq_ui/i_da_viscata
2484 3569 2708 3621 refertur
2748 3570 2814 3621 ad
2860 3568 3080 3639 formam
3108 3587 3336 3639 sequen—

1778 3634 1843 3707 t_is
1898 3635 2223 3707 ncrostichi,“
2257 3636 2306 3688 in
2352 3636 2599 3707 quinque
2626 3648 2799 3707 partes
2847 3637 2930 3707 (ut
2968 3638 3093 3694 'mox
3140 3634 3335 3700 asserit

1779 3701 2031 3777 Fortumi
2063 3701 2390 3777 distributum
2434 3701 2680 3777 ac’veluti
2721 3701 2895 3777 fissam
2926 3707 3241 3777 legentibus,
3274 3712 3327 3769 in
3402 3755 3407 3760 .

1778 3788 1883 3851 quo
1934 3772 2393 3851 cla_bor-_au_tlo_prte
2423 3776 2662 3830 molestia
2687 3791 2751 3851 ac
2780 3776 2961 3851 labore
2978 3772 3143 3836 'visco
3172 3772 3334 3851 prope

1780 3843 2071 3896 iuhmserit.
2107 3843 2239 3897 Edit.
2270 3844 2465 3910 νει-18η
2491 3845 2735 3899 versando
2764 3846 3048 3901 tendebam.

1849 3919 1879 3948 ιι
1916 3911 2053 3990 Edit.
2101 3912 2269 3965 Paris.
2302 3930 2314 3963 :
2347 3911 2643 3990 Quodutale
2678 3916 2801 3990 quid
2838 3930 2942 3967 non
2984 3918 3151 3971 solum
3193 3921 3333 3990 {ace—

1760 3995 1903 4041 rem,
1935 3981 2021 4032 sed
2052 3995 2140 4031 nec
2166 3981 2391 4047 exemplo
2415 3982 2569 4034 simili
2592 3981 2844 4037 trahebar.

1851 4048 2011 4102 Addit
2032 4049 2310 4104 Bruwerus
2330 4049 2385 4103 in
2406 4051 2615 4104 etttend.
2638 4052 2793 4105 aliam
2822 4052 3099 4108 lectionem
3124 4055 3173 4107 in
3198 4072 3339 4113 mar-

1781 4118 1902 4187 gine
1940 4118 2342 4187 appoueudam,
2385 4120 2625 4184 vindicer,
2673 4120 2738 4175 ad
2778 4122 2934 4188 illud,
2980 4138 3042 4176 tte
3068 4123 3242 4178 vincar
3282 4127 3347 4180 in‘

1786 4203 1954 4256 opere.
2166 4259 2181 4260 ἡ
2256 4258 2278 4260 Α
2399 4190 2675 4257 (Secunda
2694 4206 2827 4244 curae
2850 4194 3016 4260 nota.)

1854 4260 2110 4311 Ubservat
2162 4259 2220 4312 P.
2252 4258 2553 4322 Brovverus,
2586 4262 2664 4312 vel
2699 4272 2821 4314 aute
2850 4258 3187 4316 Fortunatum
3218 4264 3334 4320 inu-

1786 4326 1939 4379 sitata
1973 4343 2075 4378 ιιυιι
2106 4326 2268 4379 fuisse
2317 4326 2575 4395 ejusmodi
2624 4331 2939 4395 acrosl'tchu,
2991 4347 3052 4384 ac
3092 4334 3333 4389 Publium

1784 4394 2119 4462 Optatiauum
2150 4394 2494 4465 Porphyrium
2535 4400 2720 4451 litteris
2748 4401 2813 4452 ad
2848 4394 3089 4453 eumdem
3122 4407 3337 4459 modum

1786 4467 2101 4520 euustrttctis
2132 4474 2186 4520 et
2213 4470 2362 4519 netis
2386 4507 2402 4531 ,
2432 4468 2669 4532 quaedam
2690 4466 2946 4533 poemata
2986 4468 3343 4528 Constantino

90 4512 447 4603 ισιῖιιῗῖἓίἦ
466 4512 661 4595 iiiis:
676 4512 1520 4600 ζ’ῖιῖιῖναῖιιῐὲῇιῐόἓὶιιῆῖᾦἰῖ
1535 4512 1676 4602 pii;-
1710 4512 1760 4572 υ
1788 4512 2961 4603 λιιξιιέιῖ’ὸῖιιῖιίιῶζξᾱιιξὲἷιιὶῖἑῖιῖιῖὸιῖἆῖε
2981 4512 3340 4598 ,⁷ἰῖἷῖιῖίὶἔὲιῖ

90 4632 241 4679 rem,
271 4612 420 4693 quod
446 4609 671 4681 proditor
691 4606 1018 4678 angustias...
1048 4604 1171 4659 mihi
1200 4604 1394 4657 numeri
1418 4603 1675 4674 angustias

88 4687 383 4740 dilatavit.

175 4753 211 4792 ιι
245 4751 405 4807 Edit.
434 4749 623 4813 Paris.,
649 4763 741 4813 pro
767 4747 892 4813 ﬁxo.

178 4824 201 4863 ι
243 4820 338 4894 [.L
366 4820 530 4894 altero
567 4817 699 4871 Cod.
745 4815 864 4894 Vat.
897 4851 912 4894 η

88 4894 261 4953 Edil.
300 4889 493 4951 Paris.,
534 4896 587 4940 ut
613 4897 827 4940 texerant
849 4889 976 4936 inter
998 4896 1067 4934 se.

178 4948 202 5016 ἰ
242 4948 647 5016 Animadvertit
689 4956 965 5010 Brovverus
1000 4951 1297 5005 acrosticha
1346 4964 1373 5001 a
1422 4948 1688 5003 veteribus

91 5035 303 5089 autem
336 5027 652 5088 ntesosticha,
694 5024 783 5078 vel
809 5022 1085 5087 telosticha,
1114 5029 1167 5075 et
1194 5018 1405 5074 stachos
1424 5018 1689 5089 appellata

92 5086 325 5162 fuisse,
353 5104 514 5161 atque
538 5086 733 5147 idcirco
761 5093 842 5146 his
869 5105 1181 5162 congruere,
1210 5088 1349 5158 quod
1388 5087 1462 5162 ait
1508 5086 1688 5140 Fortu-

956 4813 1263 4884 collegt'ssem
1290 4850 1306 4876 ,
1353 4818 1405 4863 ut
1450 4818 1684 4865 tenerem.

1788 4618 1836 4657 c.
1867 4607 1901 4657 3
1932 4604 2036 4675 l._t_t
2077 4605 2305 4675 Onerum
2338 4601 2555 4675 Fortttu.
2586 4617 2789 4672 narrat,
2821 4623 2915 4659 suo
2950 4617 3213 4675 tempore,
3236 4611 3343 4665 Au-

1786 4682 1953 4742 gustae
1982 4672 2365 4742 Vindelicm'utu
2393 4672 2528 4742 typis
2554 4688 2745 4730 exrusa
2777 4676 2959 4733 fuisse.
2982 4672 3238 4742 Quocitca
3263 4680 3345 4733 di-
3372 4686 3379 4699 ’

1787 4741 2293 4815 cettdum_ejusmodi
2321 4744 2590 4808 esettipla,
2616 4747 2658 4797 si
2691 4755 2814 4801 tunc
2843 4762 2906 4799 ex
2940 4741 3138 4809 lauant,
3163 4750 3339 4815 ignota

1788 4809 1951 4889 fuisse
1996 4809 2240 4878 Fortuu.,
2273 4819 2363 4865 aut
2384 4819 2528 4866 certe
2557 4828 2665 4881 pra:
2696 4818 2862 4868 oculis
2887 4815 2975 4867 illa
3005 4809 3206 4870 habere
3233 4832 3339 4871 non

1789 4890 2040 4946 potuisse.

1861 4950 2008 5023 Quod
2030 4950 2157 5023 vero
2183 4947 2327 5023 idem
2346 4948 2521 5023 Brovv.
2544 4950 2794 5023 aflirmut,
2825 4952 3183 5023 Lampridium
3215 4970 3346 5021 quo-

1830 5034 1895 5072 ue
1928 5018 2122 5071 laudari
2165 5031 2195 5069 a
2240 5016 2456 5073 Sidonio
2485 5022 2638 5086 epist.
2672 5022 2731 5075 Η
2781 5024 2816 5077 l.
2845 5016 2973 5087 ιιιιι,’
3007 5038 3109 5090 quo
3136 5016 3348 5080 elenchos

1791 5033 1998 5141 (decerit.
2019 5085 2157 5140 mulo
2176 5086 2365 5141 ibidem
2382 5103 2500 5141 cum
2517 5090 2585 5141 cl.
2607 5093 2888 5141 Sirmondo
2904 5094 3082 5141 eleaos
3096 5094 3344 5141 echoicos-

1816 5085 1998 5151 ecerit,
2019 5085 2157 5160 mulo
2176 5086 2365 5160 ibidem
2382 5103 2506 5160 cum
2517 5090 2585 5143 cl.
2607 5093 2888 5147 Sirmondo
2904 5085 3082 5160 elegos
3096 5094 3345 5160 echoicos,

92 5155 289 5229 natus
309 5155 448 5221 'dum
471 5176 605 5233 opus
631 5175 781 5216 suum
810 5155 1113 5233 modojtelat
1139 5155 1427 5225 comparat,
1453 5155 1503 5233 iu
1528 5170 1694 5233 caque
1793 5171 1947 5233 quam
1990 5156 2201 5209 stmcltos
2230 5156 2450 5233 legere,
2470 5157 2545 5233 de
2572 5162 2760 5227 quibus
2785 5163 2894 5231 jam
2930 5155 3160 5216 echoicis
3188 5155 3351 5233 elegis

93 5224 367 5299 ῖέιαιᾶι
416 5224 659 5294 artiﬁcio,
702 5230 860 5285 modo
904 5229 1145 5295 aviculae,
1177 5224 1293 5296 quae
1316 5224 1535 5293 aucupio
1560 5224 1694 5279 falli-

90 5322 225 5383 ιιιις,
254 5302 647 5383 imprudentia
670 5299 943 5383 etierrori.

178 5372 219 5418 ε
249 5376 413 5431 Edtt.
443 5372 633 5439 Paris.,
657 5372 867 5439 refugis.

1794 5224 2023 5280 diximus
2054 5240 2103 5277 ιιι
2134 5224 2273 5279 notis
2301 5224 2366 5279 ad
2393 5241 2440 5280 c.
2470 5224 2534 5283 37
2571 5224 2606 5284 l.
2640 5247 2717 5286 ιιι.

1870 5295 2006 5369 Illuc
2029 5292 2155 5369 item
2187 5295 2498 5369 intelligitur
2529 5299 2629 5356 hoc
2662 5304 2886 5363 primum
2921 5302 3142 5369 hujusce
3164 5301 3347 5356 forma

1797 5373 1851 5419 et
1874 5362 2077 5417 artilicii
2127 5362 2481 5421 acrostictium
2511 5362 2839 5424 elaboratum
2872 5362 3034 5425 fuisse
3066 5386 3093 5422 a
3127 5369 3343 5425 Furtun.

184 5445 211 5485 ι
247 5445 403 5499 Dum
430 5444 504 5496 ait
544 5435 895 5496 Fortunatus:
923 5435 1285 5508 Egoincautus
1330 5448 1524 5508 passer,
1551 5435 1697 5508 quasi
1799 5449 1863 5489 ac
1888 5443 2170 5508 propterea
2195 5442 2449 5508 tempore
2467 5439 2783 5494 antecedere
2813 5441 2895 5493 ἰΙΙςι
2928 5456 3043 5507 qua:
3072 5439 3138 5508 de
3165 5448 3349 5502 sancta

90 5516 356 5575 mentita
380 5526 470 5578 per
495 5512 669 5565 nubila
688 5508 876 5563 incurri
902 5503 1216 5578 pantherant,
1242 5503 1346 5578 non
1377 5503 1460 5556 hic
1475 5506 1695 5578 notissi-

89 5572 269 5647 fxim
331 5572 559 5648 bélluam
602 5583 668 5634 ob
707 5581 821 5648 ipso
850 5572 1065 5648 indicari
1104 5574 1367 5648 existimo:
1397 5572 1489 5624 sed
1531 5587 1695 5640 genus

692 5642 794 5702 uod
823 5661 887 5701 ex
915 5646 1105 5713 praedae
1140 5643 1287 5709 c0pia
1326 5642 1507 5696 Graeco
1537 5656 1691 5713 voca:

92 5710 251 5791 illo
548 5710 931 5792 nominaretur.
948 5712 1084 5792 Quin
1108 5713 1158 5767 id
1183 5725 1349 5781 genus
1371 5710 1579 5792 aucupii
1608 5711 1690 5792 vel

94 5780 273 5869 iiut:
299 5780 553 5847 homines
580 5787 742 5848 nostri
768 5787 1020 5861 temporis
1042 5783 1098 5843 in
1124 5796 1227 5838 usu
1256 5795 1394 5848 esse,
1422 5789 1475 5837 et
1501 5780 1700 5852 panthe-

91 5650 356 5730 εοςιιρὶἱ
384 5647 615 5730 aliquod,
655 5664 689 5730 q

1800 5517 1955 5558 cruce
1985 5503 2048 5553 ab
2076 5501 2259 5555 eodem
2293 5501 2543 5573 iitsctipta
2571 5524 2729 5573 supra
2757 5501 3051 5571 retulimus,
3081 5507 3119 5560 l.
3155 5522 3211 5561 ιι.

1873 5578 1896 5607 ο
1935 5573 1988 5623 in
2019 5586 2122 5623 uno
2148 5573 2277 5624 Cod.
2315 5574 2451 5637 νει..
2488 5592 2569 5629 vix
2596 5584 2679 5630 vis:
2706 5580 2914 5631 iuvenis.

1876 5652 1901 5690 ρ
1934 5640 2073 5713 Edit.
2103 5642 2268 5713 _Par_is.
2303 5662 2313 5695 :
2347 5644 2431 5713 qui
2460 5662 2559 5699 non
2590 5664 2698 5700 sum
2726 5648 2945 5699 rebellis.

1877 5720 1903 5759 ιι
1935 5711 2069 5782 ξιιιι.
2101 5711 2292 5782 ζει-ιι,
2322 5711 2411 5782 per
2432 5716 2675 5770 incertum
2706 5719 2817 5769 iter.

1882 5788 1903 5820 '
1938 5778 2077 5837 Edit.
2110 5778 2302 5852 Parim,
2322 5778 2380 5842 ’σε
2408 5788 2523 5843 sinu
2553 5786 2773 5841 directo:
