3952 6222
324 415 427 474 9.08

405 618 568 673 Unius
594 618 657 671 ad
697 616 878 670 laudes
909 622 983 666 tot
1006 609 1265 665 cecidisse
1292 607 1453 660 viros.
1502 628 1505 629 ν

332 706 479 775 Quod
508 721 629 762 tunc
654 706 681 744 δ
710 716 831 760 ante
858 704 1021 757 aciem
1056 699 1274 769 pedibus
1314 698 1457 765 prior
1484 691 1730 748 omnibus
1768 688 1874 759 isti,

404 800 535 853 Ilinc
562 797 718 851 modo
744 805 795 851 te
822 809 970 863 reges
991 792 1129 847 unde
1154 795 1440 857 sequantur
1466 784 1657 838 habent
1690 791 1712 820 ο

332 892 683 959 Prosperitate
708 902 839 941 nova
864 900 1043 954 pacem
1074 892 1157 937 tua
1198 881 1330 935 bella
1357 879 1632 939 dederunt,

403 984 471 1038 Et
501 984 700 1050 peperit
723 981 927 1050 gladius
949 977 1137 1047 gaudia
1164 984 1307 1029 certe
1335 982 1475 1025 tuus.

334 1072 457 1127 Plus
480 1082 653 1126 tamen
682 1082 733 1125 ιιι
768 1071 993 1136 placeas,
1022 1082 1140 1121 cum
1168 1066 1237 1120 sit
1264 1061 1477 1117 victoria
1506 1058 1709 1127 jnctans
1748 1054 1805 1119 ἀ,

403 1163 482 1218 Tu
514 1164 678 1232 magis
700 1164 837 1216 unde
863 1162 1030 1223 subis,
1062 1158 1234 1212 mitior
1263 1154 1383 1208 inde
1414 1166 1614 1206 manes.

332 1252 429 1309 Est
447 1254 537 1306 tibi
554 1268 791 1308 summus
808 1252 994 1314 honor,
1008 1250 1099 1304 sed
1115 1262 1261 1301 mens
1275 1242 1542 1311 praecessit
1556 1240 1806 1292 honorem
1830 1239 1877 1301 ⁸,

405 1342 633 1395 Moribus
663 1351 717 1396 et
740 1338 759 1379 ί
785 1339 972 1394 vestris
995 1336 1203 1391 debitus
1222 1341 1365 1388 extet
1383 1324 1595 1403 [exstat]
1618 1340 1773 1394 apex.

332 1428 557 1485 Iustitia:
585 1431 777 1493 cultor,
808 1426 1011 1496 pietatis
1039 1438 1217 1480 amore
1241 1433 1503 1485 coruscas,

402 1517 553 1583 Quod
582 1527 637 1593 te
674 1526 699 1583 ς
740 1516 855 1584 plus
882 1515 1090 1579 habeat,
1122 1519 1289 1567 certat
1338 1520 1615 1575 utrumque
1663 1504 1877 1559 bonum.

336 1607 555 1678 Lingua,
589 1609 768 1670 decus,
800 1608 988 1671 virtus,
1016 1605 1242 1669 bonitas,
1268 1615 1439 1663 mens,
1468 1597 1634 1666 gratia
1658 1597 1877 1665 pollent,

401 1700 663 1755 Ornarent
692 1709 909 1754 cunctos
934 1698 1141 1766 singula
1167 1707 1339 1750 vestra
1364 1694 1530 1746 viros.

332 1786 651 1842 Cunctorum
679 1801 865 1841 causas
893 1788 1027 1840 intra
1060 1796 1145 1839 tua
1177 1780 1383 1854 pectora
1404 1782 1607 1844 condis,

402 1877 503 1931 Pro
532 1877 707 1945 populi
737 1878 917 1946 requie
945 1885 999 1931 te
1024 1876 1110 1944 pia
1139 1889 1264 1930 cura
1295 1882 1467 1928 tenet:

332 1969 585 2023 Omnibus
610 1984 714 2023 una
735 1966 764 2007 δ
792 1968 933 2022 salus
960 1968 1113 2021 datus
1142 1982 1222 2032 es,
1249 1966 1391 2035 quali
1419 1963 1606 2019 ordine
1637 1976 1808 2029 sacro,

398 2057 661 2127 Tempore
690 2060 934 2126 presenti
962 2057 1149 2127 gaudia
1176 2057 1344 2126 prisca
1365 2056 1553 2110 refers.

330 2143 601 2200 Catholica
642 2146 658 2184 ί
684 2148 830 2202 cultu
851 2147 1096 2201 decorata
1128 2155 1211 2201 est
1236 2145 1434 2215 Optima
1464 2143 1678 2212 conjux,

402 2238 654 2292 Ecclesiae
683 2242 875 2303 crevit,
908 2248 962 2293 te
986 2238 1230 2303 faciente,
1256 2238 1465 2291 domus.

333 2328 589 2399 Reginam
625 2331 830 2385 meritis
877 2330 1268 2386 Brunichildcm
1298 2329 1536 2385 Christus
1563 2342 1745 2383 amore

399 2418 552 2474 Tunc
575 2418 677 2473 sibi
703 2418 1001 2488 conjunxit,
1029 2420 1163 2473 hanc
1192 2418 1288 2473 tibi
1315 2417 1524 2487 quando
1547 2417 1713 2472 dedit.

331 2498 512 2563 Altera
539 2522 659 2563 vota
687 2510 832 2566 coles
862 2510 876 2561 ἰ
914 2510 1123 2575 melius,
1150 2509 1293 2578 quia,
1324 2522 1539 2563 munere
1559 2507 1777 2571 Christi,

400 2597 619 2653 Pectora
649 2597 676 2636 ιι
700 2598 882 2667 juncta
910 2600 1074 2670 prius,
1104 2602 1220 2669 plus
1248 2600 1407 2655 modo
1427 2602 1540 2671 lege
1568 2600 1792 2671 placent.

330 2687 443 2743 Rex
473 2688 559 2757 pie
586 2687 781 2757 reginas
808 2698 952 2754 tanto
974 2691 1040 2743 de
1070 2690 1270 2745 lumine
1292 2692 1460 2758 gaude
1491 2711 1504 2744 :

400 2780 664 2849 Aequisita
693 2780 777 2834 bis
799 2787 902 2843 est,
927 2779 1161 2849 quae-tibi
1189 2790 1350 2848 nupta
1378 2770 1563 2834 semel.

332 2866 576 2934 Pulchra,
630 2869 890 2935 modesta,
933 2869 1149 2933 decens,
1201 2870 1389 2934 solere,
1442 2877 1610 2939 grata,
1657 2865 1679 2906 ι
1728 2878 1884 2938 atque

399 2959 633 3029 Ingenio,
661 2961 831 3026 vultu,
856 2960 1130 3015 nobilitate
1155 2970 1366 3029 potens.
1609 2960 1878 3033 [benigna,

328 3049 435 3107 Sed
463 3052 704 3121 quamvis
730 3059 930 3107 tantum
960 3053 1240 3107 meruisset
1266 3052 1377 3107 sola
1406 3053 1672 3122 decorem,

398 3141 537 3195 Ante
567 3148 741 3195 tamen
769 3139 992 3207 homini,
1022 3155 1161 3195 nunc
1188 3141 1359 3211 placet
1382 3157 1507 3198 ecce
1537 3141 1665 3197 Deo.

328 3229 535 3285 Sccula
564 3230 717 3299 longa
734 3231 969 3296 micans,
1000 3231 1157 3284 chara
1180 3245 1302 3285 cum
1326 3232 1551 3301 conjuge
1577 3231 1759 3299 ducas,

395 3320 566 3387 Quam
595 3319 691 3376 tibi
718 3320 926 3376 divinus
952 3319 1275 3376 consociavit
1299 3336 1468 3377 amor.

399 3479 429 3507 ⁸
466 3472 609 3554 Duo__
631 3469 798 3554 ded.
847 3471 1241 3554 Vat.,rSa:rone
1286 3472 1561 3545 Thon‘ngo.
1617 3473 1783 3542 Edit.,
1829 3474 1882 3529 in

327 3554 525 3608 marg.,
567 3541 793 3612 Turingo
821 3553 1043 3595 resonat.
1478 3541 1497 3545 ⁷

398 3609 629 3674 Hujusce
681 3610 931 3670 victoriae,
984 3622 1140 3675 quam
1200 3609 1283 3662 hic
1336 3616 1537 3665 narrat.
1562 3609 1879 3663 Fortunatus

326 3675 545 3728 relatam
584 3692 613 3728 a
657 3675 916 3742 Sigiberto
966 3677 1033 3727 de
1097 3676 1394 3729 Saxonibus
1449 3690 1511 3728 ac
1572 3676 1877 3743 Thoringis,

328 3744 527 3816 nullum
600 3743 873 3816 iudicium,
933 3751 1182 3809 quantum
1255 3743 1496 3816 equidem
1537 3744 1881 3816 Ainvestigare

328 3813 494 3892 potui.
524 3820 696 3892 exstat
741 3811 885 3892 apud
913 3821 1119 3892 veteres
1167 3810 1475 3892 scriptores:
1525 3810 1879 3892 Quamobrem

327 3880 381 3935 in
410 3895 526 3935 eam
578 3880 728 3935 facile
772 3882 1091 3935 sententiam
1137 3882 1390 3946 adducor,
1460 3882 1595 3935 hanc
1638 3884 1876 3938 eamdem

328 3950 496 4019 ipsam
526 3950 801 4005 victoriam
826 3966 944 4005 esse
966 3966 1121 4020 quam
1152 3951 1219 4006 de
1246 3951 1544 4007 Saxonibus
1567 3960 1621 4005 et
1646 3952 1879 4007 Thoriu-

330 4020 409 4092 gis
428 4019 713 4092 Clotarinm
740 4019 983 4092 Sigiberti
1016 4022 1515 4092 patreniretulisse,
1547 4022 1613 4075 ad
1640 4037 1725 4077 an.
1745 4022 1874 4089 555,

328 4089 511 4145 auctor
549 4102 629 4146 est
657 4089 877 4159 Gregor.
930 4090 1151 4157 Turon.,
1199 4090 1396 4145 Hister.
1446 4092 1634 4145 Franc.
1680 4092 1769 4145 lib.
1802 4109 1878 4158 tv,

329 4174 448 4231 cap.
477 4160 564 4231 19,
590 4162 673 4214 cui
702 4160 886 4229 praelia
935 4160 1227 4231 admodum,
1262 4161 1549 4231 verisimile
1597 4170 1678 4216 est
1717 4161 1881 4217 inter-

330 4227 491 4284 fuisse
502 4227 840 4298 Sigibertum,
852 4245 1066 4297 remque
1078 4229 1584 4298 praeclare'gessisse.
1598 4232 1743 4295 Quod
1756 4248 1882 4286 vero

331 4298 566 4368 Saxones
598 4308 843 4365 parerent
862 4299 1143 4367 Siglberto,
1173 4302 1256 4353 vel
1286 4301 1409 4353 inde
1440 4300 1656 4368 intelligi
1687 4304 1877 4365 potest.

329 4369 469 4435 quod
498 4367 765 4423 Saxonum
792 4383 1000 4433 manus,
1023 4384 1087 4421 ex
1122 4368 1264 4421 Italia
1294 4384 1525 4428 reversa,
1556 4367 1627 4422 ad
1647 4368 1880 4435 Sigiber-

332 4447 443 4489 tum
473 4436 696 4499 venerit,
726 4450 755 4488 a
778 4451 881 4503 quo
904 4441 953 4489 in
986 4440 1155 4489 locum
1182 4451 1330 4489 suum
1352 4448 1407 4489 et
1429 4438 1611 4491 sedem
1636 4440 1881 4493 restitue-

1474 400 2067 481 meonetius»..—
2104 399 2229 456 LIB.
2270 397 2353 455 Vt.

332 526 539 586 Saxone
565 525 814 596 Thuringi
864 532 893 599 e
918 530 1184 597 resonant,
1223 531 1317 573 sua
1347 517 1536 569 damna
1576 520 1871 578 moventes,
1900 514 1951 573 Α

3318 369 3323 373 ’
3407 372 3512 445 316

2564 506 2783 563 CAPUT
2837 504 2923 562 IV.

2436 590 2509 643 De
2548 588 2838 641 Chariberto
2876 595 2913 622 ιη
2951 599 3085 654 rege.

1976 682 2199 756 [Laudat
2240 680 2604 756 Cbaribertum
2634 666 2701 756 ob
2730 694 2759 731 n
2814 677 2953 756 uiuis
2994 676 3209 756 famam,
3232 668 3301 751 ob
3330 666 3517 756 nobili-

2049 763 2204 806 tatem
2256 756 2477 817 generis,
2528 751 2595 801 ob
2624 752 2843 801 virtutes
2869 747 2919 799 in
2950 758 3112 818 regno
3148 743 3514 818 ailtiiinistran-

2046 822 2132 886 do,
2156 822 2224 875 ob
2252 815 2390 886 pacis
2418 821 2674 881 studium,
2714 818 2982 887 pietatem,
3013 815 3516 887 ingeniutti,_ttieutis

2050 880 2474 956 tranquillitatem
2533 901 2585 942 et
2649 880 3017 943 constantiam,
3067 880 3135 934 ob
3189 880 3513 956 prudentiam

2047 949 2219 1013 rerum
2250 963 2628 1027 gerendarum,
2680 957 2747 1009 oh
2775 956 3092 1027 iniquitatem,
3127 964 3187 1027 ac
3218 949 3517 1027 facilitatem

2050 1032 2102 1083 in
2130 1016 2470 1098 expediendis
2525 1016 2851 1098 privatorum"
2886 1024 3080 1098 litibus.
3112 1020 3178 1072 ob
3220 1016 3520 1098 fidelitatem

2048 1102 2098 1153 in
2150 1089 2421 1154 servandis
2466 1089 2754 1163 promissis,
2797 1096 2862 1148 ob
2891 1092 3200 1150 doctrinam,
3229 1089 3356 1141 etin
3374 1089 3521 1139 cives

2049 1165 2497 1237 mtmtlicentiam.]

1978 1245 2171 1317 Inclyta
2196 1261 2496 1317 magnarum
2524 1254 2553 1281 ι·
2584 1244 2834 1311 processit
2858 1241 3020 1311 gloria
3045 1253 3241 1303 rerum,

2050 1338 2116 1392 Et
2141 1338 2206 1391 de
2236 1352 2357 1405 rege
2383 1337 2468 1406 pio
2494 1336 2689 1404 spargit
2716 1333 2906 1401 ubique
2933 1332 3123 1385 decus-

1980 1428 2143 1495 Quem
2173 1428 2452 1496 gravitate,
2482 1426 2681 1487 animo,
2710 1439 2887 1485 sensu,
2913 1420 3269 1476 moderamine
3294 1418 3493 1486 legum,

2052 1518 2307 1573 Przedicat
2333 1517 2582 1571 occiduus
2618 1515 2716 1580 sol,
2750 1516 3027 1581 oriensque
3054 1513 3247 1566 virum.

1981 1608 2079 1675 Qui
2110 1608 2500 1678 quadripartitis
2528 1605 2708 1660 mundi
2736 1606 2833 1659 sub
2856 1604 3093 1673 partibus
3127 1596 3310 1668 ampli,

2052 1697 2419 1752 Fructiticante
2467 1696 2569 1753 fide
2598 1704 2623 1731 °
2651 1695 2850 1750 semina
2881 1692 3048 1748 laudis
3071 1686 3245 1764 [lucis]
3275 1685 3455 1739 habet.

1986 1786 2121 1842 Hinc
2143 1788 2225 1841 cui
2256 1784 2544 1853 barbaries,
2574 1784 2717 1839 illinc
2757 1782 3008 1838 Romanis
3034 1790 3061 1829 ιι
3092 1777 3308 1850 plaudit,

1908 1859 1960 1919 Β
2055 1879 2281 1933 Diversis
2303 1878 2489 1946 linguis
2515 1876 2626 1931 laus
2653 1884 2802 1929 sonat
2826 1888 2925 1928 una
2949 1872 3069 1926 viri.

1986 1968 2151 2035 Dilige
2177 1976 2500 2037 regnantem.
2544 1966 2682 2020 celsa
2710 1964 2935 2019 Parisios
2972 1972 2999 2011 tt
3044 1975 3184 2027 arce,

2053 2060 2118 2114 Et
2136 2062 2250 2112 cole
2277 2069 2520 2123 tutorem,
2547 2056 2638 2127 qui
2668 2056 2757 2111 tibi
2783 2055 2979 2123 praebet
3005 2068 3178 2124 opem.

1984 2148 2135 2203 Hune
2161 2148 2318 2202 modo
2346 2148 2482 2208 laeta,
2512 2147 2692 2200 favens
2718 2146 2885 2200 avidis
2911 2144 3227 2210 amplectere
3249 2139 3459 2211 palmis.

2051 2239 2164 2306 Qui,
2172 2240 2291 2306 jure
2319 2245 2399 2290 est
2418 2236 2688 2300 dominus,
2732 2236 2824 2288 sed
2856 2234 3047 2301 pietate
3075 2241 3241 2299 pater.

1983 2329 2060 2385 De
2082 2313 2419 2384 Cbildeberto
2447 2336 2651 2381 veteres
2675 2338 2949 2391 compesce
2978 2322 3208 2384 dolores,

2056 2420 2179 2474 Rex.
2201 2418 2434 2487 placidus
2458 2418 2633 2482 rediit,
2660 2417 2747 2486 qui
2777 2424 2864 2471 tua
2889 2422 3007 2469 vota
3036 2413 3196 2469 l‘ovet.

1986 2509 2078 2566 Ille
2096 2510 2189 2564 fuit
2209 2510 2347 2563 initis
2376 2518 2400 2547 τ
2434 2548 2451 2576 ,
2479 2511 2706 2575 sapiens,
2734 2506 2900 2562 bonus
2919 2506 3161 2561 omnibus
3181 2517 3382 2576 equus,

2052 2599 2167 2655 Non
2192 2599 2382 2663 cecidit
2407 2606 2641 2668 patruus,
2670 2597 2795 2652 dum
2835 2604 2939 2651 stat
2964 2597 3016 2651 in
3042 2597 3173 2652 urbe
3199 2607 3381 2664 nepos.

1986 2690 2180 2759 Dignus
2208 2698 2318 2744 erat
2347 2690 2516 2742 haeres
2544 2689 2657 2756 ejus
2682 2687 2782 2741 sibi
2806 2701 3015 2742 sumere
3040 2700 3281 2755 regnum,

2016 2797 2023 2801 -
2052 2778 2151 2845 Qui
2172 2792 2276 2832 non
2304 2788 2386 2832 est
2407 2778 2515 2841 illo,
2546 2776 2696 2830 laude
2722 2778 2993 2844 loquente,
3023 2776 3217 2830 minor.
3292 2840 3297 2843 _

1983 2866 2323 2924 Cbaribertus
2348 2868 2517 2932 adest,
2548 2869 2657 2936 qui,
2687 2868 2890 2936 publica
2915 2867 3031 2936 jura
3060 2870 3383 2936 gubernans,

2055 2959 2311 3030 Tempore
2336 2960 2577 3029 praesenti
2598 2959 2782 3028 gaudia
2810 2960 2978 3028 prisca
3008 2957 3189 3012 refert.

1984 3053 2043 3110 In
2072 3062 2268 3109 tantum
2297 3053 2464 3122 patrui
2493 3067 2551 3107 se
2579 3051 2939 3122 prodiditesse
2965 3064 3270 3119 sequacem;

2058 3146 2124 3203 Ut
2152 3146 2307 3201 modo
2331 3144 2401 3199 sit
2425 3148 2565 3198 tutor
2593 3141 2828 3212 conjugis
2859 3147 2881 3177 ⁸
2918 3140 3015 3195 iste
3040 3154 3224 3208 nepos.

1983 3237 2084 3305 Qui
2104 3235 2421 3293 Childeberti
2447 3236 2681 3288 retinens
2700 3231 2977 3288 dulcedine
3001 3245 3214 3297 nomen,

2054 3326 2181 3395 Ejus
2204 3334 2440 3380 natarum
2466 3331 2549 3379 est
2575 3323 2755 3389 frater,
2788 3332 2841 3377 et
2869 3322 2982 3391 ipse
3010 3329 3171 3390 pater.

1982 3476 2183 3529 nomine
2209 3474 2396 3530 Christi
2418 3476 2659 3528 catholica
2686 3484 2979 3537 perseverat.

2053 3542 2069 3593 i
2117 3544 2261 3597 Unus
2283 3547 2409 3597 (Iod.
2444 3546 2583 3603 Vat.,
2611 3546 2770 3595 altera
2790 3554 2903 3595 vota
2930 3542 3074 3594 colis.

2049 3608 2076 3646 κ
2115 3612 2436 3664 Edil.Vcn.:
2984 3640 2985 3643 π

2099 3676 2303 3726 Pectore
2331 3680 2451 3727 victa
2477 3680 2625 3739 prius,
2652 3679 2760 3739 plus
2784 3677 2923 3727 modo
2946 3678 3060 3738 lege
3084 3677 3263 3742 placet.

2054 3756 2075 3796 ι
2115 3757 2271 3822 Ibid.,
2318 3759 2513 3821 sollers,
2561 3769 2607 3812 et
2660 3770 2824 3831 grata,
2874 3760 3104 3832 benigna.
3152 3760 3288 3817 Edit.
3338 3761 3530 3829 Paris.,

2054 3845 2085 3880 t.
2114 3838 2279 3880 arata.
2318 3828 2546 3880 benigna.

2023 3830 2085 3881 io.
2114 3838 2279 3881 orata.
2318 3829 2546 3881 benigna.

1982 3845 2085 3897 pta,
2114 3845 2279 3898 grata,
2318 3845 2546 3898 oemgna.

2053 3908 2093 3935 ω
2114 3899 2454 3974 Cbaribertus
2491 3900 2703 3974 Clntarii
2738 3902 2871 3954 filius
2905 3901 3020 3974 luit,
3050 3909 3103 3974 e_t
3130 3903 3290 3974 frater
3316 3917 3525 3974 germa-

1983 3984 2083 4047 nus
2110 3968 2373 4047 Sigiberti.
2404 3968 2558 4036 Saepe
2582 3970 2646 4024 de
2670 3972 2780 4037 ipso
2802 3972 3031 4040 loquitur
3054 3968 3455 4047 Greg._'l‘ufon.,
3476 3979 3534 4027 et

1983 4040 2219 4107 ejusdem
2242 4039 2367 4109 vitia
2404 4052 2593 4104 passim
2641 4051 2783 4092 notat
2834 4039 2895 4091 ac
2946 4039 3264 4109 perstringit.
3306 4044 3375 4107 Is,
3406 4058 3553 4097 cum~

1984 4106 2359 4177 Marcovefnm
2392 4110 2648 4177 mulierem
2704 4111 2990 4177 religiosam
3039 4109 3153 4177 (uti
3179 4106 3378 4177 inerrat
3414 4113 3529 4177 ipse

1983 4176 2143 4246 Greg.
2174 4176 2325 4241 Tur.,
2352 4176 2443 4229 lib.
2476 4192 2525 4228 tv
2558 4178 2685 4230 Hist.
2719 4175 2932 4239 Planc”
2954 4175 3097 4247 ,ca'p.
3147 4175 3239 4246 26)
3283 4175 3526 4234 duxisset

1983 4262 2223 4309 uxorem.
2257 4256 2529 4313 propterea
2559 4263 2588 4299 a
2624 4258 2807 4302 sancto
2834 4248 3118 4313 Germano,
3146 4252 3391 4315 episcopo
3422 4250 3522 4301 Pa-

1983 4317 2226 4378 risiensi,
2252 4322 2733 4373 excominun’catus
2760 4361 2776 4384 ,
2811 4323 2961 4387 paulo
3009 4329 3125 4386 post
3171 4322 3322 4373 interi
3349 4330 3400 4382 t,
3456 4319 3524 4373 ad

1983 4402 2069 4439 an.
2100 4386 2222 4451 597,
2256 4388 2334 4439 vel
2367 4387 2488 4440 570.
2519 4387 2771 4451 Quocirca
2826 4392 2924 4441 hoc
2976 4404 3156 4456 poema
3208 4404 3310 4443 non
3340 4390 3523 4442 ~multo

1985 4464 2104 4524 post
2122 4458 2480 4524 conscriptum
2508 4468 2590 4511 est
2634 4474 2792 4526 quam
2836 4458 3152 4513 Fortunatus
3191 4460 3248 4515 in
3300 4457 3522 4515 Galliam

328 4514 534 4594 retimr,
587 4516 644 4559 ut
686 4506 844 4557 retert
868 4504 1086 4573 Gregor.
1125 4505 1277 4572 Tur.,
1303 4507 1340 4558 ι.
1368 4520 1442 4570 tv,
1474 4507 1612 4561 Hist.
1664 4506 1876 4575 Franc.,
1904 4533 1960 4594 ι)
1985 4504 2220 4580 ῧέῇέιῖέίξ

334 4587 376 4624 ‘2.
398 4572 490 4627 '43.

400 4642 427 4680 δ
467 4642 603 4696 Εάἰι.
636 4640 747 4695 Ven
774 4658 785 4690 :

424 4749 559 4809 Quod
581 4762 709 4800 nunc
732 4750 972 4801 antevolat
988 4751 1193 4813 pedibus
1209 4758 1337 4815 prior
1355 4756 1577 4804 omnibus
1597 4758 1691 4812 iste

328 4830 459 4888 Cod.
490 4847 623 4886 unus
652 4832 768 4885 Vat.
794 4834 968 4885 retinet
990 4834 1101 4886 iste.

406 4914 429 4973 ς
472 4903 597 4959 Ibid.
626 4913 680 4973 et
709 4912 814 4956 tres
838 4901 1003 4956 Codd.
1039 4903 1173 4965 Vat.,
1206 4903 1338 4956 unde
1365 4915 1636 4973 sequantur
1663 4906 1834 4965 habes.

400 4972 430 5011 ά
470 4974 606 5026 Edit.
639 4971 796 5036 νειμ,
814 4988 937 5025 .cum
954 4974 1018 5024 sit
1040 4975 1245 5025 victoria
1271 4971 1528 5029 constans.

404 5052 428 5079 ι’
469 5041 614 5099 Ultus
636 5043 765 5096 Cod.
796 5040 936 5103 Vat.,
978 5044 1221 5107 prwcessit
1249 5046 1453 5098 honore.

406 5110 427 5152 ί
460 5111 598 5167 Edit.
627 5111 781 5171 Ven.,
810 5113 1025 5172 moribus
1063 5124 1115 5164 ut
1138 5114 1329 5168 vestris.

405 5191 431 5249 β
471 5181 624 5245 Ibid.,
657 5183 790 5249 quod
818 5191 871 5233 tu
897 5183 1010 5249 plus
1032 5183 1230 5235 Imbros.

400 5247 430 5287 ³
472 5251 607 5304 Edit.
668 5247 856 5312 I'aris.,
886 5247 1023 5303 salus
1043 5254 1205 5317 qualis
1234 5254 1383 5304 datus
1414 5254 1607 5306 ordine.

409 5322 425 5357 ί
465 5318 543 5374 De
592 5319 833 5373 Brnnichi
855 5320 921 5371 de
945 5328 998 5373 et
1038 5320 1152 5388 ejus
1189 5324 1534 5375 conversione
1575 5322 1687 5378 litec
1716 5324 1871 5381 habet

333 5387 489 5456 Greg.
546 5388 696 5452 Tur.,
755 5389 845 5440 lib.
899 5402 971 5448 tv,
1018 5388 1152 5440 H..~t.
1197 5389 1405 5449 Franc.,
1453 5405 1571 5457 cap.
1598 5394 1664 5445 27
1698 5413 1709 5447 :
1748 5395 1873 5448 Eme

294 5488 307 5489 ί
333 5458 505 5527 patella
547 5463 744 5527 elegans
767 5472 933 5522 apere.
978 5468 1183 5511 venusta
1225 5469 1449 5523 aspectu,
1483 5460 1685 5515 honesta
1711 5467 1869 5517 mori-

334 5525 443 5587 bus,
489 5525 636 5593 atque
662 5530 863 5589 decora,
911 5527 1128 5591 pmdms
1177 5527 1403 5589 consilio,
1427 5540 1470 5579 et
1500 5528 1684 5585 blanda
1711 5531 1869 5587 collo-

332 5595 563 5672 quio..."
611 5605 671 5659 et,
704 5600 820 5663 quia
842 5598 1045 5672 Ariona:
1073 5599 1166 5665 legi
1212 5600 1432 5672 subjecta
1474 5609 1717 5672 erat,iper
1746 5621 1873 5667 pra:-

332 5662 631 5741 dicationen}
678 5662 1007 5722 sacerdotum.
1066 5662 1385 5741 atqueipsius
1410 5672 1537 5741 regis
1578 5662 1872 5741 (Sigibcrli’

333 5732 782 5809 Qmmonitionem,
803 5750 1092 5809 LCDMDGNG,
1116 5739 1303 5809 beatam
1346 5736 1397 5787 in
1430 5732 1619 5793 imitate
1646 5732 1871 5809 confessa

336 5798 646 5859 Trinitatem,
697 5805 924 5860 credidit.
981 5814 1127 5857 atoue
1189 5806 1455 5862 chrismate
1516 5822 1606 5875 est,
1662 5798 1773 5880 quia
1816 5814 1871 5866 in

2050 4602 2076 4630 ³
2109 4595 2249 4649 Edit.
2280 4594 2412 4648 Ven.
2440 4613 2453 4648 :

2098 4686 2277 4749 Inclyta
2301 4700 2579 4749 magnorum
2600 4694 2832 4751 processit
2856 4693 3009 4755 gloria
3028 4706 3220 4758 regum.

2046 4780 2073 4807 °
2102 4772 2247 4843 Unus
2276 4771 2408 4843 Cod.
2442 4773 2582 4837 νειμ,
2611 4775 2945 4843 fructi/icante
2965 4780 3067 4833 die.

2044 4850 2074 4889 Ρ
2284 4842 2438 4919 γεω,
2479 4845 2617 4919 illinc
2642 4842 2910 4919 Carmania
2941 4850 3157 4915 plaudit.

2045 4919 2074 4959 (ι
2102 4911 2509 4987 Childebertus,
2545 4914 2685 4968 ﬁlius
2730 4911 2988 4972 Clodovei
3014 4958 3029 4983 ,
3067 4922 3226 4974 frater
3253 4918 3463 4974 Clotarii
3492 4960 3511 4987 ,

1974 4993 2144 5060 regno
2171 4995 2294 5035 cum
2323 4983 2569 5060 fratribus
2589 4990 2914 5060 aequolance
2961 4989 3153 5051 diviso,
3199 4991 3375 5042 sedem
3415 4983 3515 5042 Pal-

1975 5053 2111 5103 risiis
2138 5060 2354 5129 sortitus
2381 5053 2567 5118 fuerat,
2619 5071 2681 5107 ac
2736 5057 2787 5129 in
2844 5058 2956 5129 ejus
3010 5069 3205 5129 partem
3254 5060 3511 5129 successit

1971 5129 2153 5184 postea
2202 5122 2440 5192 ejusdem
2496 5138 2682 5192 nepos,
2732 5122 3089 5190 Cbaribertus,
3144 5126 3210 5178 de
3257 5140 3359 5191 quo
3409 5128 3510 5183 hoc

1971 5191 2460 5314 ﬁeziiansc‘r;ptum
2519 5191 2617 5248 est.
2670 5191 2798 5248 Vide
2845 5209 2960 5263 que
3010 5196 3239 5249 diximus
3284 5196 3335 5247 in
3389 5196 3507 5252 Vita

2014 5268 2134 5323 ort.,
2169 5275 2219 5311 n.
2245 5268 2333 5314 65.

2044 5337 2066 5363 ι’
2093 5330 2411 5403 cltildeberti
2445 5334 2581 5403 regis
2610 5335 2873 5403 pietatem,
2904 5342 2957 5403 et
2985 5335 3037 5387 in
3083 5334 3275 5403 templa
3328 5336 3500 5389 muni-

1972 5396 2257 5475 ficentiam,
2280 5403 2487 5470 egregie
2505 5396 2889 5456 commendavit
2908 5402 3065 5475 Greg.
3084 5396 3280 5475 Turoni.
3306 5406 3503 5470 passim

1973 5466 2023 5517 in
2057 5465 2187 5540 llist.
2221 5465 2431 5532 Franci,
2465 5481 2519 5524 et
2545 5487 2638 5540 nos
2665 5474 2795 5540 alias
2825 5465 3148 5527 mentionem
3176 5472 3243 5526 de
3284 5465 3395 5540 ipso
3423 5476 3502 5527 fe-

1969 5540 2131 5588 cimus
2155 5534 2205 5589 in
2225 5542 2362 5591 notis
2384 5544 2446 5590 ad
2476 5554 2591 5600 cap.
2615 5538 2704 5602 14,
2729 5538 2817 5590 lib.
2842 5554 2899 5593 ιι.

2041 5605 2213 5683 illaec
2241 5608 2708 5683 tuitUltrogottti‘a,
2737 5618 2791 5683 et
2831 5609 2945 5677 ejus
2977 5607 3115 5675 tilizn,
3144 5610 3499 5683 Chroteherga

1970 5679 2022 5724 et
2042 5670 2402 5751 Chrotesinda,
2430 5670 2556 5741 quas
2584 5670 2877 5751 Clotarius,
2896 5670 3113 5751 mortuo
3131 5670 3492 5751 Chtldeberta,

1970 5752 2021 5817 et
2051 5742 2159 5809 ejus
2176 5758 2348 5817 regno
2388 5754 2663 5817 occupato,
2717 5746 2769 5817 in
2811 5747 3057 5801 exsilium
3104 5753 3341 5809 miserat.
3392 5742 3499 5817 ua'i

1969 5808 2143 5881 itaque
2169 5808 2504 5880 Cbaribertus
2523 5808 2597 5871 ⁷ιιι
2618 5808 2829 5871 tutelam
2859 5824 3075 5888 recepit.
