3952 6222
213 354 319 411 217

216 468 327 522 Illis
356 467 640 522 visceribus
663 466 880 520 retineri
919 465 1024 520 lilia
1055 481 1299 533 poscens,

291 560 370 612 Ex
396 559 584 626 quibus
615 565 736 610 ante
765 557 864 610 sibi
899 558 1027 610 lucis
1053 557 1202 624 origo
1233 557 1342 610 fuit.

213 649 572 703 Committens
599 662 780 701 secura
806 639 928 715 ejus
949 663 1005 700 se
1038 646 1179 701 fasce
1212 649 1394 709 levari,

288 739 450 805 Cuius
466 741 640 793 clausa
672 739 807 793 uteri
851 739 1067 806 pignore
1099 748 1205 792 tuta
1236 737 1352 792 fuit.

215 828 357 884 Tum
399 829 594 896 gemitu
626 829 682 881 lit
709 838 899 882 moesta
929 830 1138 891 domus,
1175 829 1369 894 strepit
1393 828 1508 883 aula
1538 829 1780 890 tumultu,

290 921 506 988 Regina:
531 917 656 973 ﬂetu
685 922 854 986 plorat
881 928 936 973 et
961 921 1136 974 omnis
1169 920 1326 974 homo
1353 929 1401 972 οι.
1691 933 1696 938 '

220 1012 281 1067 In
319 1013 496 1079 populi
528 1011 661 1065 facie
688 1015 1036 1081 Iacrymarutn
1069 1010 1283 1064 ﬂumina
1336 1007 1568 1071 sordent,

293 1105 491 1170 Infans,
525 1105 612 1171 qui
637 1105 884 1157 allectum
911 1103 1101 1164 nescit,
1130 1113 1182 1156 et
1209 1103 1322 1170 ipse
1351 1101 1534 1170 gemit.

213 1193 421 1256 Instant
443 1196 621 1260 legati.
657 1194 966 1248 Germanica
997 1200 1025 1235 δ
1054 1207 1213 1260 regna
1249 1192 1469 1258 requiri,

289 1281 580 1336 Narranles
616 1283 783 1350 looga:
828 1293 1063 1346 tempora
1097 1281 1246 1334 tarda
1280 1279 1400 1332 vige.
1454 1280 1460 1285 ’

213 1375 327 1430 Sed
359 1379 538 1432 matris
567 1378 698 1432 moti
733 1381 932 1448 gemitu
963 1392 1056 1432 sua
1102 1380 1303 1431 viscera
1336 1378 1573 1439 solvunt,

293 1468 361 1522 Et
387 1470 472 1537 qui
495 1471 838 1536 compellunt,
866 1469 1199 1525 dissimulare
1229 1471 1429 1525 volunt.

216 1555 360 1612 Dum
383 1567 528 1612 uane
561 1559 805 1627 amplexu
854 1559 1078 1627 genitrix
1113 1558 1301 1612 nodata
1329 1571 1351 1598 ο
1385 1548 1626 1622 tenetur,

298 1648 628 1703 Praetereunt
655 1647 676 1684 ⁸
710 1650 975 1714 duplices,
1007 1651 1183 1712 tertia,
1217 1661 1400 1713 quarta
1430 1650 1566 1702 dies.

218 1739 427 1792 Instant
448 1739 602 1808 legati
630 1745 751 1794 nota
775 1740 987 1805 regione
1020 1741 1216 1792 reverti
1251 1757 1263 1790 :

294 1830 438 1895 Quos
465 1828 549 1881 his
577 1828 860 1896 alloquitur
890 1827 1198 1882 Goisnintlia
1242 1842 1457 1896 gemens
1489 1845 1502 1880 :

214 1920 273 1976 Si
308 1921 510 1974 feritate
534 1919 698 1973 trucis
731 1928 752 1955 ε
787 1907 1061 1985 premerer
1107 1921 1310 1986 captiva
1341 1919 1529 1974 Geloni
1566 1917 1609 1986 ί,

292 2003 493 2064 Forsan
524 2010 588 2062 ad
620 2008 716 2062 has
744 2008 1000 2078 Iacrymas
1029 2017 1084 2062 et
1110 2011 1224 2076 pius
1254 2009 1423 2062 hostis
1449 2018 1579 2063 erat.

216 2100 278 2156 Si
311 2114 409 2154 nec
434 2100 596 2155 corde
624 2099 760 2168 pius,
790 2097 1015 2164 cupidus
1035 2099 1162 2152 mihi
1195 2109 1219 2146 σ
1251 2100 1466 2153 cederet
1492 2099 1677 2166 hostis,

288 2190 319 2231 ιι
361 2193 425 2248 Ut
467 2202 643 2246 natam
672 2193 736 2246 ad
767 2194 992 2260 pretium
1020 2192 1240 2246 barbara
1275 2191 1448 2260 prada
1471 2191 1648 2246 daret'

215 2283 275 2339 Si
310 2299 484 2353 neque
511 2269 588 2337 sic
624 2284 858 2337 animum
883 2282 1010 2336 velit
1037 2281 1294 2336 inclinare
1321 2291 1615 2341 cruentum,

292 2376 443 2429 Matri
476 2385 776 2444 praestaret,
808 2389 914 2442 quo
944 2373 1100 2428 simul
1133 2375 1233 2428 iret
1274 2375 1395 2428 iter.
1634 2431 1652 2442 κ

219 2463 375 2518 Nunc
403 2478 550 2517 mora
579 2465 721 2518 nulla
753 2465 927 2526 datur,
963 2467 1133 2532 pretio
1162 2481 1332 2535 neque
1359 2465 1619 2521 nectimus
1648 2464 1776 2521 ullo.

288 2551 389 2618 Qui
425 2551 554 2602 nihil
587 2550 840 2618 indulget,
887 2555 1082 2606 sacvius
1117 2556 1267 2607 hoste
1297 2565 1468 2609 nocet.

218 2642 350 2698 Post
376 2642 507 2696 uteri
531 2641 776 2711 gemitus,
814 2653 934 2708 post
987 2645 1150 2696 multa
1183 2648 1411 2710 pericula
1443 2657 1639 2714 partus,

290 2733 522 2801 Postque
553 2732 749 2786 laboris
777 2747 933 2798 onus,
960 2733 1099 2804 quod
1139 2749 1297 2803 grave
1328 2735 1425 2789 feta
1459 2739 1570 2789 tuli.

212 2820 348 2889 Quae
377 2823 554 2892 genui,
581 2829 718 2876 natae
747 2831 971 2875 matrem
1019 2839 1102 2877 me
1136 2839 1239 2877 non
1272 2825 1394 2880 licet
1418 2826 1579 2898 esse?

290 2910 508 2981 Ipsaque
538 2918 744 2966 natura:
773 2913 858 2967 lex
892 2914 1020 2967 mihi
1054 2924 1160 2968 tota
1191 2916 1366 2982 perit?

215 3002 427 3059 Aﬂ'ectu
453 3003 633 3071 jejuna
665 3017 802 3069 meo,
847 3007 1144 3075 lacrymosa
1166 3008 1391 3076 repellor
1418 3027 1430 3060 :

293 3091 401 3146 Nec
426 3092 594 3161 pietas
621 3092 840 3158 aditum,
873 3110 972 3148 nec
1001 3095 1092 3149 dat
1116 3099 1262 3164 origo
1289 3100 1499 3152 locum?

210 3178 352 3246 Quid
378 3181 602 3251 rapitis?
652 3181 858 3237 ditl‘erte
887 3184 1022 3250 dies,
1051 3173 1170 3240 cum
1208 3186 1218 3221 ί
1257 3187 1403 3243 disco
1441 3184 1686 3256 dolores,

287 3270 646 3341 Solamenque
673 3273 794 3326 mali
826 3273 893 3326 sit
922 3289 1068 3331 mora
1093 3278 1204 3330 sola
1234 3277 1358 3332 mei.

211 3358 440 3426 Quando
487 3361 680 3416 iterum
713 3362 941 3431 videam,
973 3365 1183 3434 quando
1215 3367 1329 3422 inec
1357 3362 1501 3423 mihi
1531 3369 1724 3424 lumina
1756 3369 1771 3418 l
1797 3379 1800 3382 '

768 3505 789 3520 κ
1419 3456 1640 3525 findant,

284 3537 506 3602 Quando
536 3537 723 3590 iterum
755 3549 892 3590 nata:
920 3554 1018 3606 per
1056 3542 1140 3607 pia
1168 3543 1299 3594 colla
1329 3544 1547 3596 cadam?
1632 3556 1636 3561 ‘

219 3621 372 3678 Unde
402 3638 590 3692 precor
623 3635 815 3679 tenerae
841 3641 1078 3694 gressum
1111 3631 1359 3695 spectabo
1393 3633 1600 3699 puellm,
1643 3626 1645 3628 ’

287 3716 595 3772 Oblectetve
623 3707 833 3772 animos
864 3721 1047 3789 matris
1077 3729 1130 3774 et
1153 3723 1264 3788 ipse
1313 3724 1500 3790 jocus?

213 3806 344 3863 Poet
388 3821 596 3873 causas,
647 3824 779 3878 quas
826 3824 986 3879 regna
1029 3820 1238 3881 gerunt,
1273 3813 1357 3867 ubi
1408 3825 1590 3869 moesta
1622 3817 1764 3876 recli-

1461 3904 1640 3987 [uergit

281 3999 412 4058 uuis
438 3992 579 4046 colat
607 3990 816 4055 affectu,
844 3992 1043 4046 lambat
1073 3988 1098 4029 II
1132 4001 1186 4047 et
1219 4008 1307 4048 ore
1337 3996 1530 4065 caput?

288 4153 313 4216 ξ
344 4144 458 4216 ρυο
479 4144 644 4198 Codd.
676 4144 813 4207 Vah,
843 4145 1002 4198 omnis
1025 4146 1202 4216 (tortor.
1260 4215 1265 4216 γ
1697 4191 1703 4198 ,

285 4213 333 4284 h_
353 4214 669 4284 Francorum
703 4230 950 4283 regnum,
995 4213 1068 4269 uti
1096 4219 1224 4269 alias
1249 4215 1358 4284 jam
1397 4216 1661 4282 diximus,
1693 4218 1774 4272 Vel

210 4285 268 4341 in
301 4282 634 4338 Germaniam
661 4282 1016 4352 prosutrebat.

289 4363 312 4423 ἐ
346 4355 490 4407 Unus
516 4354 648 4407 Cod.
685 4355 821 4415 V'at.,
854 4355 1039 4406 nudata
1069 4363 1279 4422 tenetur,
1307 4365 1580 4423 corrupte.

286 4422 315 4459 ⁴
343 4424 481 4476 Edit.
515 4423 705 4488 Paris.,
747 4426 952 4488 duplex.

293 4498 317 4562 ἡ
345 4491 476 4562 Yen.
507 4493 672 4562 Edita
702 4496 743 4545 si
765 4496 962 4562 feritate
989 4493 1118 4546 truci
1150 4509 1168 4546 :
1203 4531 1208 4548 ~.

298 4557 330 4631 '_
348 4557 539 4631 Geloni
566 4559 662 4631 feri
685 4576 744 4631 ac
765 4557 977 4614 barbari
1010 4564 1238 4631 Scythiae
1269 4563 1443 4630 pepuli
1473 4603 1486 4625 ,
1521 4562 1675 4615 iidem
1707 4576 1769 4616 ac

211 4628 426 4688 Gellizr,
455 4629 542 4696 qui
571 4633 620 4680 in
650 4629 795 4682 bellis
822 4633 949 4696 falce
975 4628 1158 4685 armati
1190 4628 1484 4699 puinabant
1517 4648 1527 4681 ε
1565 4632 1629 4685 de
1655 4635 1770 4698 qui-

208 4699 313 4771 bus
348 4700 595 4771 Sidonius
618 4737 632 4761 ,
661 4700 881 4771 epistula
915 4699 958 4761 1,
994 4703 1081 4756 lib.
1114 4718 1183 4765 tv,
1216 4721 1326 4770 quia
1354 4701 1586 4771 mandata
1616 4702 1769 4771 (qui-

210 4770 315 4826 bus
343 4768 589 4822 Sidonius
620 4771 684 4821 ab
712 4769 1060 4827 adolescentia
1091 4774 1188 4822 sub
1221 4768 1449 4826 Eusebio
1482 4768 1650 4822 fuerat
1681 4773 1763 4823 in-

212 4838 466 4906 stitutus)
514 4840 556 4892 si
601 4840 710 4904 quis
759 4841 1042 4902 deportaret
1087 4841 1528 4908 philosophaturus
1572 4851 1656 4891 aut
1703 4844 1769 4894 ad

209 4910 531 4982 paludicolas
575 4909 866 4982 Struiubiys
891 4950 902 4967 ,
942 4921 1027 4961 aut
1059 4911 1126 4982 ad
1159 4912 1520 4982 Caucasigenas
1555 4911 1764 4976 Alanos,

207 4977 300 5034 aut
328 4982 395 5032 ad
424 4980 734 5048 equimuluas
775 4977 992 5034 Gelonos
1020 5023 1032 5040 ,
1079 4977 1768 5048 bestialiumrigidarumque

208 5053 474 5104 nationum
497 5051 649 5102 corda
671 5065 870 5121 cornea,
895 5053 1130 5117 [tortoque
1156 5054 1389 5121 glaciales
1422 5070 1433 5115 μ
1455 5050 1596 5101 rocut
1617 5053 1767 5105 dubio

207 5121 575 5191 emollirentur.
601 5120 1082 5191 egelidarenturque.

285 5198 308 5235 ι
343 5191 479 5243 Edit.
516 5190 706 5250 Paris..
730 5192 968 5242 crederet.

284 5258 310 5332 'f
337 5261 470 5332 Edit.
499 5261 689 5332 Pariis”
722 5271 776 5312 ut
814 5277 901 5312 nec
929 5272 1033 5332 tum
1059 5262 1213 5332 om...
1245 5261 1412 5312 darer.

290 5329 302 5360 ‘
341 5329 394 5381 In
425 5332 560 5383 Edit.
610 5331 735 5384 Ven.
781 5345 884 5400 uno
925 5331 1055 5384 Cod.
1108 5330 1224 5383 Vat.
1255 5369 1268 5393 ,
1343 5333 1461 5381 dum
1509 5330 1644 5384 disco
1691 5333 1766 5386 (re-

207 5395 368 5452 bores.
583 5417 586 5420 ’
864 5395 874 5406 ”

283 5467 298 5519 l
333 5468 470 5522 Edil.
501 5469 687 5532 Paris.,
719 5471 970 5523 a’audent.

197 5579 203 5584 ι
281 5537 305 5575 ¹¹
338 5537 484 5594 Unus
505 5540 636 5596 Cod.
668 5541 807 5605 για..
831 5543 1035 5595 (ambiat
1061 5557 1160 5593 ore.

283 5605 303 5646 ι
336 5607 475 5683 Sitit.
509 5609 663 5683 Ven.,
686 5628 881 5683 quoque
909 5614 1102 5681 petisset
1135 5615 1244 5664 iter.

281 5687 321 5716 ιι
353 5678 566 5754 Videtur
594 5678 706 5754 lloc'
733 5678 916 5740 referri
943 5689 1007 5740 ad
1035 5699 1250 5754 negtium
1281 5681 1572 5754 Gothorum
1605 5684 1653 5737 in
1683 5685 1768 5738 lli-

215 5751 423 5823 spania,
471 5752 611 5820 quod
658 5756 857 5809 saeculo
884 5751 1234 5814 antecedente
1281 5757 1345 5814 iis
1391 5753 1441 5808 iu
1467 5754 1766 5826 regionibus

1388 347 1886 406 MlSCELLANEA.
1929 377 1992 388 -η
2037 349 2162 404 LIB.
2204 351 2266 404 vn
2321 418 2325 422 ἠ

1810 469 1858 527 Α
1888 464 2130 520 Extensis
2161 469 2344 532 palmis
2371 468 2491 536 quis
2525 475 2703 521 currat
2750 469 2813 519 ad
2846 467 3046 530 oscula,
3079 467 3160 521 vel
3190 483 3306 537 qua

1956 556 2158 612 Cervici
2189 559 2422 613 insiliant
2470 560 2697 627 pendula
2731 557 2961 611 membra
2997 559 3165 610 ωεξξεῖ

1887 649 2052 714 Quem
2086 660 2290 705 teneam
2311 652 2532 720 gremio,
2559 650 2751 705 blando
2788 650 2882 701 sub
2911 649 3054 702 fasce
3076 648 3341 712 laborans,

1960 744 2063 794 Aut
2088 741 2282 796 leviore
2316 757 2471 796 manu
2503 740 2754 796 verberer
2781 742 2890 808 ipsa
2914 741 3070 806 joco?

1886 829 1994 886 Nec
2035 841 2084 884 te
2125 830 2270 886 ferre
2308 832 2447 896 sinu,
2493 845 2792 899 quanquam
2839 830 2916 883 sis
2948 829 3147 894 adulta,
3181 843 3446 900 gravarer,

1965 923 2093 987 Qua:
2129 923 2260 975 milii
2292 923 2446 978 dulce
2476 924 2652 984 nimis,
2683 931 2734 975 et
2765 923 2881 975 leve
2912 922 3116 990 pondus
3143 936 3284 978 eras.

1887 1011 1992 1064 Cur
2015 1026 2146 1065 nova
2181 1028 2300 1064 rura
2327 1023 2494 1080 petas,
2537 1013 2643 1065 illic
2674 1012 2758 1065 ubi
2791 1027 2891 1064 non
2915 1028 3008 1066 ero
3037 1011 3237 1064 mater?

1964 1103 2043 1157 An
2075 1105 2222 1172 regio
2247 1103 2423 1158 forsan
2471 1121 2573 1158 non
2601 1104 2740 1170 capit
2771 1118 2870 1154 una
2901 1103 3068 1156 duas"!
3131 1138 3139 1146 .

1887 1196 2016 1261 Quae
2044 1210 2280 1264 genuere
2308 1209 2455 1262 ergo,
2486 1195 2788 1248 lacerentur
2820 1195 3022 1247 viscera
3068 1195 3231 1258 luctu,

1967 1287 2169 1341 Gaudia
2194 1290 2277 1341 cui
2305 1296 2548 1355 pereunt,
2583 1296 2819 1353 tempora
2849 1285 2999 1338 lletus
3028 1292 3201 1338 erunt.

1891 1377 2112 1432 Plorans
2161 1378 2376 1446 perdam
2424 1377 2644 1441 oculos,
2703 1375 2901 1430 ducens
2959 1391 3074 1430 mea
3123 1375 3322 1431 lumina
3375 1381 3447 1432 te-

3148 1464 3309 1538 [cum,

1962 1557 2018 1611 Si
2048 1566 2156 1622 tota
2186 1559 2263 1612 ire
2291 1565 2464 1622 vetor,
2497 1569 2618 1625 pars
2641 1571 2757 1611 mea
2793 1565 2842 1614 te
2871 1557 3127 1626 sequitur.

1886 1646 2023 1714 Tum
2050 1659 2324 1715 proceres,
2377 1645 2580 1709 famuli,
2609 1645 2819 1709 domus,
2852 1644 2999 1709 urbs,
3057 1657 3146 1705 rex
3208 1644 3320 1710 ipse
3361 1655 3447 1698 re-

3101 1730 3310 1802 [mugit,

1818 1804 1866 1865 Β
1961 1823 2179 1894 Quaque
2207 1825 2429 1893 petisses
2461 1821 2479 1860 ι
2515 1824 2635 1889 iter,
2662 1803 2788 1880 vox\
2819 1821 2993 1894 gravis
3042 1836 3142 1876 una
3168 1822 3346 1891 gemit.

1891 1915 2237 1984 Progrediere
2268 1915 2408 1970 foras
2436 1915 2670 1980 tandem,
2702 1914 2796 1969 sed
2824 1913 2976 1984 turba
3004 1927 3232 1974 morosa,

1866 2043 1873 2054 ι
1961 1975 2181 2062 solvere
2205 2007 2331 2061 dum
2365 2016 2632 2075 properat,
2657 1975 2727 2060 se
2755 1975 3087 2074 propel‘ando
3130 2004 3276 2074 ligat.

1891 2097 2027 2152 Hinc
2058 2107 2199 2152 tenet
2227 2097 2470 2163 aﬂectus,
2501 2099 2640 2166 rapit
2668 2097 2791 2150 inde
2821 2097 3079 2150 tumultus
3105 2103 3311 2162 euntes,

1962 2187 2048 2242 Sic
2071 2201 2163 2257 per
2191 2195 2441 2251 utrasque
2467 2187 2608 2240 ﬂces
2637 2185 2810 2240 ﬂebile
2849 2185 3015 2239 fervet
3038 2200 3192 2250 opus.

1891 2279 2038 2333 Alter
2086 2279 2232 2333 abire
2284 2287 2483 2344 monet,
2533 2287 2680 2348 rogat
2708 2277 2842 2333 alter
2873 2288 3054 2331 amore
3083 2277 3273 2343 redire,

1960 2369 2049 2422 Sic
2078 2367 2317 2422 variante
2345 2367 2468 2433 title,
2503 2368 2587 2422 hic
2635 2367 2814 2431 trahit,
2863 2367 2952 2421 ille
2977 2374 3135 2440 tenet.

1889 2461 2148 2517 Dividitur
2168 2446 2426 2529 'populus,
2453 2475 2546 2530 per
2574 2475 2733 2530 regna
2782 2459 2986 2515 novella
3011 2467 3051 2496 ω
3085 2468 3344 2524 vetustus,

1957 2554 2075 2607 Stat
2111 2561 2139 2589 η
2184 2561 2350 2621 pater,
2399 2555 2438 2606 it
2470 2554 2698 2621 genitus,
2742 2561 2845 2606 stat
2894 2542 3066 2616 socer,
3097 2551 3241 2621 itque
3270 2551 3445 2620 gener.

1902 2641 2036 2707 °Qui
2071 2643 2509 2710 vidit-strepitum
2528 2681 2544 2705 ,
2573 2643 2793 2709 patriam
2826 2642 3052 2710 migrare
3081 2651 3310 2711 putaret,

1959 2733 2022 2786 Et
2043 2733 2194 2799 quasi
2227 2732 2498 2801 captivum
2522 2732 2767 2788 crederet
2793 2719 2870 2788 ire
2901 2734 3095 2788 solum.

1885 2821 2186 2878 Procedunt
2216 2822 2406 2890 portis,
2429 2830 2643 2878 serraco
2673 2833 2701 2872 ρ
2726 2823 2778 2878 ἰη
2805 2831 2966 2894 ponte
2997 2833 3229 2892 retento,

1959 2912 2186 2966 Protulit
2232 2913 2332 2966 hoc
2362 2913 2486 2967 ﬂetu
2519 2904 2861 2969 Gelesuintha
2892 2925 3050 2983 caput
3079 2931 3093 2964 :

1886 3000 1974 3055 Sic
2005 3003 2233 3071 gremio,
2262 3000 2471 3067 Toleto,
2518 3011 2608 3056 tuo
2631 3002 2978 3066 nutribarput
3007 3016 3165 3073 aegra,

1962 3091 2225 3146 Excludar
2257 3093 2424 3162 portis
2449 3093 2616 3148 tristis
2644 3093 2854 3148 alumna
2883 3094 3025 3148 tuis?

1885 3169 2109 3252 Quoque
2157 3193 2186 3232 ς
2245 3185 2411 3253 magis
2477 3185 2720 3252 crucior,
2779 3185 3006 3254 prodens
3063 3199 3175 3239 mea
3226 3186 3444 3242 vulnera
3498 3187 3502 3191 ’

1953 3273 2076 3327 Stas
2104 3272 2239 3346 felix,
2260 3281 2283 3310 '
2319 3274 2499 3343 regio,
2519 3289 2616 3329 cur
2645 3290 2744 3343 ego
2778 3275 2950 3342 praeda
2983 3275 3209 3330 trahor?
3248 3275 3441 3348 [luctu,

1882 3360 2047 3414 Antea
2078 3361 2252 3414 clausa
2285 3369 2306 3396 ⁸
2338 3362 2440 3426 sui,
2485 3364 2640 3416 modo
2665 3372 2716 3416 te
2740 3362 3022 3417 considero
3049 3373 3234 3430 totam,

1953 3451 2097 3504 Nunc
2122 3451 2256 3506 milii,
2284 3461 2406 3504 nota
2439 3453 2604 3518 prius,
2635 3453 2843 3518 quando
2869 3454 3061 3508 recedo
3097 3456 3264 3512 ferox.

1881 3538 2013 3592 Hinc
2044 3548 2094 3592 te
2115 3538 2398 3592 dinumero
2419 3555 2635 3594 currens
2658 3556 2749 3609 per
2771 3545 3001 3598 culmina
3021 3545 3155 3611 visu,

1951 3625 2025 3678 Eo
2053 3639 2151 3692 ego
2170 3626 2237 3679 de
2259 3641 2477 3684 numero
2507 3642 2612 3682 non
2641 3643 2734 3684 ero
2765 3631 2874 3684 sola
2903 3640 3012 3685 tuo.

1879 3713 2140 3770 Crudeles
2166 3727 2352 3783 portae,
2383 3733 2501 3786 qua:
2531 3734 2618 3774 me
2650 3720 2863 3776 laxastis
2891 3733 3126 3791 euntem,

1949 3806 2193 3878 Clavibus
2219 3809 2477 3876 oppositis
2497 3824 2595 3866 nec
2629 3812 2867 3866 vetuistis
2898 3816 2933 3872 it
2945 3833 2988 3866 (ἔτ

1881 3902 2048 3953 Antea
2078 3913 2173 3951 vos
2213 3899 2449 3966 geminas
2473 3899 2686 3955 adamas
2714 3915 2856 3968 petra
2889 3918 2987 3955 una
3024 3911 3235 3973 ngassei

1950 3986 2119 4054 Quam
2143 3988 2292 4040 daret
2319 3987 2422 4042 huc
2449 3988 2610 4046 ullam
2627 3989 2787 4058 janua
2819 4005 2980 4058 pansa
3011 3993 3167 4047 viam.

1879 4142 2223 4216 constitutum
2273 4139 2444 4196 fuerat
2487 4143 2588 4198 sub
2613 4144 2894 4216 Ataulpho,
2952 4142 3240 4216 Gothorum
3294 4164 3432 4216 rege.

1881 4213 2104 4287 Videgl.
2133 4212 2348 4287 M_urat.,
2377 4217 2563 4266 Annal.
2615 4213 2754 4278 ltal.,
2787 4215 2851 4268 ad
2881 4230 2967 4270 an.
2997 4215 3096 4267 414
3122 4233 3242 4271 utra:
3284 4212 3431 4287 Vulg.

1955 4291 1977 4314 η
2011 4281 2147 4334 Edit.
2175 4281 2308 4337 Ven.
2341 4293 2442 4336 stat
2479 4293 2642 4352 pater,
2665 4294 2712 4338 et
2736 4293 2954 4354 genitor,
2980 4295 3078 4339 stat
3099 4303 3257 4354 socer,
3290 4281 3433 4360 atque
3479 4303 3485 4314 ‘

1880 4365 2046 4419 gener.

1951 4428 1976 4452 σι
2004 4419 2151 4490 βιιὶι.
2185 4420 2374 4490 Paris,
2401 4431 2572 4490 astans
2591 4424 2678 4490 qui
2708 4425 2974 4489 trepidam.

1801 4487 1850 4546 D
1871 4523 1883 4532 .
1944 4499 1971 4537 Ρ
2003 4489 2138 4540 Edit.
2180 4489 2344 4542 Paris.
2372 4529 2386 4552 ,
2421 4486 2704 4546 serrato....
2743 4486 2944 4548 retenti.
2975 4494 3248 4550 Serracum
3276 4499 3435 4552 velli-

1877 4558 1979 4635 culi
2019 4573 2197 4635 genus
2227 4570 2340 4614 erat
2383 4560 2432 4612 in
2462 4559 2649 4635 Gallia.
2692 4561 2834 4635 Idem
2877 4566 3182 4618 vocabulum
3217 4580 3435 4635 usurpat

1872 4625 2116 4690 Fortuu.,
2150 4628 2240 4680 Ill).
2273 4643 2364 4680 vin
2387 4669 2401 4693 ,
2429 4644 2476 4682 c.
2510 4631 2531 4681 -Ι
2563 4670 2579 4696 ,
2611 4633 2687 4684 sic
2712 4633 2929 4701 loquens
2958 4636 3022 4688 de
3070 4625 3385 4704 ltadegunde
3416 4657 3428 4692 :

1991 4719 2248 4785 Splendida
2269 4732 2461 4785 serraco
2485 4720 2722 4780 quondam
2740 4728 2966 4773 subvecta
2989 4727 3219 4785 ευνντδο,

2056 4779 2191 4828 Νυηο
2217 4786 2334 4830 terit
2358 4779 2592 4844 obsequio
2620 4786 2777 4845 planta
2803 4788 3014 4834 modesta
3040 4779 3207 4842 totum.

1871 4860 1962 4933 Vel
1995 4862 2130 4928 apud
2163 4861 2408 4929 profanos
2432 4872 2674 4920 auctores
2703 4871 2932 4921 occurrit
2961 4871 3154 4922 mentio
3185 4865 3428 4933 ejusmoé

1870 4931 1920 4984 di
1954 4934 2338 4997 vehiculorum,
2374 4951 2490 4999 qua:
2514 4952 2715 4989 serraca
2740 4939 3164 5002 nominabantur,
3195 4931 3315 4992 licet
3340 4942 3429 4994 illa

1873 5003 2147 5056 videantur
2174 5005 2237 5056 ad
2271 5006 2483 5060 Viliores
2514 5024 2635 5060 usus
2664 5007 2823 5060 fuis~e
2853 5009 3104 5062 adhibita.
3137 5010 3423 5074 Juvenalis,

1871 5085 2035 5143 satyr.
2073 5075 2122 5136 5,
2155 5085 2372 5143 usurpat
2405 5078 2537 5130 lianc
2560 5092 2764 5136 vocem,
2799 5080 3036 5146 inquiens
3064 5095 3075 5130 ε

1993 5165 2185 5225 Frigida
2208 5169 2538 5229 circumagunt
2560 5169 2679 5230 pigri
2710 5181 2893 5217 sarraca
2920 5168 3109 5216 Bootes.

1873 5248 1926 5300 In
1962 5247 2111 5312 Vulg.
2139 5251 2408 5316 legi-tiatur
2440 5262 2574 5303 terra
2605 5267 2717 5302 cum
2741 5261 2887 5318 ponte
2910 5260 3118 5311 retenta,
3145 5251 3430 5308 adversm-

1873 5319 2008 5370 tibus
2030 5321 2275 5370 omnibus
2305 5321 2453 5384 “55.,
2483 5334 2535 5371 ut
2563 5329 2738 5372 lt:tt'l':tl
2770 5321 2940 5372 Brow.

1942 5397 1968 5436 ει
2001 5386 2140 5457 Edit.
2170 5389 2320 5450 \'en.,
2355 5390 2584 5456 quodI/ue
2613 5391 2790 5457 magis.

1943 5467 1964 5540 ς
1999 5456 2161 5540 ΨὶόὙ
2185 5457 2373 5540 llttfelt'a:
2399 5462 2556 5524 regio.

1947 5535 1967 5600 5
1998 5527 2090 5600 lle
2135 5527 2356 5600 indicari
2403 5539 2525 5600 puto
2552 5527 2842 5579 custodiam
2887 5529 3297 5600 aediligeut‘iatu
3325 5550 3427 5600 qua

1874 5596 2240 5660 Gclesuiutlia,
2276 5596 2443 5650 adhuc
2474 5599 2634 5665 tirgo,
2670 5606 2882 5662 paterna
2917 5599 2965 5651 in
2997 5596 3154 5653 duino
3183 5596 3428 5661 servaba-

1872 5680 1972 5734 tur,
1999 5668 2064 5721 ab
2094 5667 2236 5722 urbis
2265 5676 2478 5736 asycctu
2508 5674 2562 5722 et
2584 5667 2774 5721 civium
2797 5668 2962 5724 oculis
2991 5681 3214 5728 remota.
