3952 6222
706 349 812 405 119

711 461 853 520 Urbs
878 462 962 529 pia
989 460 1104 528 plus
1126 459 1320 525 lueras,
1342 459 1387 514 si
1413 475 1592 516 murus
1615 469 1725 517 tota
1765 463 1979 526 fuisses,

783 553 863 606 Me
888 551 964 606 ire
993 558 1020 587 ι
1057 557 1115 604 ut
1137 565 1204 606 ne
1244 551 1469 614 sineres,
1495 551 1731 620 cingeret
1767 554 1871 606 alta
1900 552 2054 606 silex.

713 646 882 715 Pergo
910 646 1082 713 ignota
1108 643 1260 707 locis,
1286 644 1577 711 trepidans,
1597 644 1847 713 quidnam
1871 655 2024 700 antea
2058 645 2258 700 discam

778 735 995 790 Gentem
1019 732 1068 799 ³,
1091 735 1316 797 animos,
1337 748 1534 798 morm,
1575 735 1768 803 oppida
1789 775 1806 798 .
1846 742 1996 804 rura,
2039 750 2255 800 nemus;

705 826 874 894 Quem
904 840 1089 894 precor
1116 827 1381 882 inveniam
1421 826 1715 893 peregrinis
1740 827 1944 881 advena
1976 828 2152 894 terris,

775 915 887 982 Quo
931 916 1057 978 mihi
1104 930 1260 969 nemo
1312 915 1484 980 venis,
1531 914 1665 969 civis
1708 925 1756 982 α,
1813 916 2004 981 amice,
2038 915 2260 985 parens?

707 1005 816 1066 Dic,
849 1006 891 1058 si
921 1005 1108 1059 blanda
1142 1013 1312 1071 potest
1339 1007 1514 1058 nutrix
1545 1005 1715 1060 aliena
1745 1006 1975 1072 placere,

774 1099 898 1162 Qua:
929 1090 1067 1148 lavet
1088 1107 1183 1150 ora
1213 1110 1389 1156 manu.
1424 1095 1507 1149 vel
1537 1103 1696 1159 caput
1723 1106 1880 1150 ornet
1905 1098 2047 1150 acu?

703 1183 849 1238 Nulla
875 1186 1044 1253 puella
1075 1189 1261 1248 choro,
1296 1201 1465 1254 neque
1484 1186 1811 1241 collectanea
1859 1186 2001 1242 ludat
2030 1206 2042 1242 :
2087 1173 2089 1175 1

774 1275 870 1329 llic
900 1292 1013 1330 mea
1043 1277 1340 1342 blandities,
1374 1277 1459 1332 llic
1484 1293 1600 1334 mea
1631 1292 1757 1332 cura
1780 1282 1948 1346 jacos.

704 1363 759 1422 Si
786 1380 871 1420 me
899 1382 1000 1420 non
1027 1366 1200 1429 aliter,
1228 1367 1308 1419 vel
1338 1367 1473 1420 nuda
1520 1369 1762 1433 sepulcra
1787 1377 2047 1434 tenerent,

772 1455 882 1508 Non
914 1456 1030 1508 licet
1065 1457 1150 1507 llic
1179 1455 1281 1508 vivi
1308 1453 1360 1518 ἀ,
1391 1455 1475 1506 Itic
1505 1456 1635 1507 milli
1681 1456 1834 1510 dulce
1863 1458 2016 1510 mori.

701 1545 814 1599 Non
842 1546 990 1599 fruor
1019 1547 1287 1612 amplexu,
1313 1561 1481 1616 neque
1509 1555 1532 1584 ⁸
1565 1549 1677 1603 visn
1708 1550 1858 1615 plena
1910 1550 2122 1614 recedo,

770 1636 900 1702 Quae
931 1651 1015 1691 me
1042 1637 1290 1701 dimittis,
1317 1639 1446 1692 dura
1475 1638 1683 1702 Tolete,
1712 1641 1830 1694 vale

706 1725 792 1780 Sic
824 1727 1032 1780 accensi
1064 1726 1223 1778 animi
1248 1727 1592 1796 Iacrymarum
1626 1729 1833 1782 [lumina
1866 1738 2143 1800 rumpunt,

773 1814 930 1868 Fixus
958 1823 1014 1868 et
1040 1813 1264 1884 irriguos
1294 1817 1515 1883 parturit
1543 1818 1678 1886 ignis
1714 1834 1896 1886 quas.

702 1902 833 1956 Iiiuc
866 1903 962 1954 itcr
987 1902 1248 1968 arripiunt
1293 1904 1539 1970 genitrix,
1585 1918 1726 1970 nata,
1757 1911 1962 1974 agtnina
2013 1909 2249 1977 llenlum,

768 1991 876 2045 Nec
904 1992 1042 2058 piget
1064 1992 1372 2059 obsequium
1408 1992 1427 2030 ί
1459 2005 1628 2050 mater
1648 1999 1837 2052 anhela
1869 2001 2042 2068 aequi.

702 2081 925 2136 Deducit
949 2079 1152 2134 dulcem
1182 2097 1274 2148 per
1302 2096 1479 2136 amara
1520 2086 1707 2141 viatica
1735 2097 1930 2155 natam,

770 2173 1058 2238 Implentur
1087 2173 1254 2228 valles
1283 2174 1516 2241 ﬂetibus,
1546 2175 1651 2230 alta
1687 2188 1934 2235 tremunt.

701 2260 976 2328 Frangitur
1001 2271 1055 2315 et
1075 2262 1270 2316 densus
1312 2265 1489 2317 vacuis
1519 2264 1803 2321 ululatibus
1832 2283 1943 2334 aer,

769 2349 884 2416 Ipsa
918 2365 1228 2417 repercusso
1257 2368 1526 2406 murmure
1564 2356 1696 2407 silva
1721 2361 1900 2422 gemit.

701 2439 800 2492 Dat
828 2454 1014 2492 causas
1041 2443 1197 2507 spatii
1233 2452 1256 2487 κ
1286 2444 1551 2510 genitrix,
1583 2453 1640 2496 ut
1665 2447 1867 2515 longius
1891 2449 2010 2515 iret,

771 2525 875 2581 Sed
909 2527 1006 2580 fuit
1033 2529 1230 2595 optanti
1272 2540 1500 2600 tempus,
1533 2534 1734 2601 iterque
1763 2536 1939 2592 breve.

703 2616 974 2684 Pervenit,
1005 2635 1106 2684 quo
1146 2629 1314 2674 mater
1351 2623 1444 2687 ait,
1478 2638 1598 2679 sese
1643 2624 1767 2680 inde
1797 2629 1988 2684 reverti

773 2705 872 2760 Sed
903 2710 1040 2775 quod
1068 2709 1195 2764 velle
1225 2710 1389 2779 prius,
1447 2724 1626 2780 postea
1656 2716 1796 2772 nolle
1825 2719 1937 2772 fuit.

701 2795 900 2852 Rursus
927 2798 1071 2854 adire
1091 2801 1234 2868 cupit
1259 2803 1340 2854 via
1364 2818 1466 2870 qua
1497 2801 1520 2840 δ
1554 2801 1657 2861 l‘ert
1688 2806 1824 2860 invia
1853 2817 2078 2866 matrem

770 2887 936 2952 Quam
969 2903 1214 2957 proceres
1244 2891 1495 2957 retinent,
1539 2909 1605 2947 ne
1635 2905 1898 2950 teneretur
1924 2900 2043 2954 iter.

699 2976 978 3033 “terebant
1007 2979 1059 3034 in
1089 2994 1148 3035 se
1173 2981 1448 3048 amplexa,
1484 2985 1779 3052 pariterque
1810 2983 1826 3024 ί
1863 2987 2110 3055 replexa.

778 3070 960 3137 Incipit
985 3070 1068 3124 hic
1103 3072 1300 3140 gemitu
1332 3071 1637 3127 Goisuintlta
1686 3076 1836 3130 tero:

703 3160 913 3217 Civibus
939 3162 1112 3230 ampla
1143 3163 1270 3228 tuis,
1297 3176 1517 3233 angusta
1549 3164 1798 3232 Hispania
1827 3167 2005 3231 matri,

694 3264 699 3271 '
769 3252 836 3310 Et
862 3254 1006 3321 regio
1037 3254 1166 3308 solis
1199 3259 1243 3319 l,
1278 3263 1388 3310 tam
1414 3256 1518 3308 cito
1546 3255 1725 3309 clausa
1751 3253 1900 3312 milii.

704 3344 982 3412 Quaslicet
1030 3359 1058 3397 a
1085 3343 1331 3415 Zspb'yro
1377 3345 1605 3402 calidum
1643 3349 1905 3414 percurris
1954 3349 2005 3404 in
2037 3349 2251 3406 Eurum.

774 3437 838 3489 Et
873 3437 941 3490 de
965 3434 1241 3504 Thyrreno
1272 3436 1300 3476 κ
1327 3436 1497 3490 tendis
1535 3438 1599 3490 ad
1624 3439 1914 3495 Oceanum.

711 3523 992 3580 Suiliciens
1024 3525 1227 3594 populis
1256 3526 1494 3594 quamvis
1517 3529 1820 3596 regionibus
1839 3529 2047 3599 amplis,

772 3612 883 3679 Quo
911 3624 992 3670 est
1043 3631 1161 3671 mea
1206 3624 1331 3670 nata
1380 3617 1589 3683 absens,
1635 3627 1772 3674 terra
1802 3618 1928 3673 mibi
1975 3621 2146 3675 brevis
2175 3635 2232 3677 es

704 3701 807 3759 Nec
837 3703 1006 3759 minus
1028 3705 1113 3760 bic
1133 3707 1247 3760 sine
1273 3714 1323 3760 te
1342 3719 1524 3761 errans
1546 3716 1599 3761 et
1627 3709 1901 3773 peregrina
1929 3708 2169 3772 videbor,

776 3792 933 3860 Inque
955 3782 1071 3847 loco
1102 3793 1314 3862 proprio
1343 3796 1490 3859 civis,
1522 3803 1575 3849 et
1601 3794 1748 3849 exsul
1777 3808 1890 3850 ero.

704 3859 894 3948 Quaeso
915 3885 1040 3951 quid
1071 3859 1351 3953 inspiciam
1377 3887 1735 3957 oculi,quem,
1763 3897 1905 3958 nata,
1939 3888 2203 3959 requirent
2259 3859 2262 3864 I

776 3974 901 4040 Quae
933 3991 1043 4028 mea
1078 3990 1216 4030 nunc
1243 3986 1414 4030 tecum
1447 3978 1642 4032 Iumina
1671 3979 1837 4044 ducis,
1857 3979 2044 4032 amori

706 4065 781 4120 Tu
811 4066 962 4120 dolor
991 4082 1123 4122 unus
1147 4067 1271 4135 eris,
1305 4069 1540 4136 quisquis
1563 4069 1690 4121 milli
1724 4070 1908 4122 luserit
1937 4069 2127 4134 infans,

771 4155 1030 4223 Amplexu
1057 4158 1272 4208 alterius
1295 4165 1346 4209 tu
1375 4158 1503 4209 mihi
1537 4157 1739 4223 pondus
1761 4158 1885 4210 eris.

703 4244 907 4307 Currat,
940 4255 1063 4307 stet,
1093 4245 1296 4307 sedeat,
1322 4245 1462 4307 ﬂeat,
1489 4247 1665 4310 intret,
1689 4255 1736 4298 et
1767 4255 1917 4300 exeat
1943 4247 2096 4313 alter,

777 4335 896 4386 Sola
928 4332 1059 4386 meis
1085 4333 1248 4386 oculis
1277 4333 1444 4388 dulcis
1470 4335 1642 4404 imago
1676 4336 1834 4390 rcdis.

773 4517 797 4544 ι
824 4506 966 4561 Unus
992 4509 1121 4564 Cod.
1148 4509 1284 4573 ναι,
1312 4523 1388 4564 me
1410 4509 1483 4562 ire
1509 4516 1558 4559 at
1580 4523 1662 4561 ne.

773 4578 800 4614 δ
827 4579 960 4631 Etltt.
993 4579 1145 4644 γι-ιι.,
1179 4596 1357 4640 mores,
1391 4587 1581 4649 grntem
1604 4620 1618 4642 ,
1679 4581 1894 4633 animos.
1925 4578 2057 4631 Tres
2081 4579 2248 4632 Codd.

709 4647 844 4708 νει..
867 4658 1077 4714 gentem,
1108 4665 1285 4711 mores,
1305 4647 1516 4710 animos,
1544 4649 2037 4712 invitomelro,Ms.,
2067 4658 2253 4719 gentes.

779 4727 798 4754 ε
827 4719 961 4771 Etlit.
1001 4719 1157 4780 \'en.,
1189 4720 1375 4779 dulcis,
1405 4721 1580 4778 amice,
1609 4736 1807 4785 parens.

773 4786 796 4822 ἀ
824 4789 960 4841 Edit.
997 4789 1149 4852 Vcn.,
1184 4805 1282 4840 non
1312 4788 1423 4840 licet
1482 4790 1560 4838 hic
1584 4791 1734 4840 vivas.
1771 4789 1913 4842 Unus
1939 4785 2068 4842 Cod.
2097 4785 2212 4841 Vat.
2238 4827 2253 4851 ,

707 4859 878 4912 vivere.
913 4859 1046 4911 Edit.
1086 4859 1276 4920 I'aris.,
1307 4859 1463 4908 viuere
1492 4873 1588 4906 non
1611 4857 1721 4910 licet
1751 4860 1849 4911 In'c.

779 4937 798 4961 ⁸
825 4929 963 4980 Edit.
997 4926 1153 4983 Ven..
1176 4929 1428 4993 amplexu,
1462 4939 1572 4990 quia
1599 4928 1725 4978 vim.

778 4995 794 5032 τ
824 4997 932 5049 Dlltl
958 4995 1125 5050 Codd.
1160 4997 1296 5055 Vat.,
1331 5010 1417 5044 nec
1455 4996 1582 5057 piget
1631 4997 1868 5062 obsequii.
1919 4996 2054 5049 Etlit.
2091 4995 2249 5059 \‘en.,

713 5082 798 5118 nec
829 5069 986 5129 placo!
1013 5066 1253 5134 obsequii.
1287 5065 1422 5115 litlit.
1448 5063 1636 5134 Paris,
1669 5081 1755 5116 nec
1779 5067 1926 5130 pudet
1957 5065 2219 5129 obsequiis.

778 5144 800 5181 σ
832 5135 967 5188 Edtt.
1003 5133 1207 5188 Vett.et
1233 5147 1366 5185 unus
1389 5134 1514 5183 llod.
1548 5133 1686 5193 για..
1716 5149 1893 5188 causas
1922 5136 2118 5200 spatiis.

780 5202 804 5239 δ
838 5205 976 5258 Unus
1002 5207 1127 5259 Coti.
1164 5207 1301 5267 Vat.,
1332 5202 1431 5269 via,
1461 5217 1570 5271 qua:
1597 5201 1709 5269 fert.

782 5272 795 5310 ί
830 5273 943 5334 Μκ.,
971 5279 1188 5338 reﬂexit.

780 5347 792 5392 i
830 5312 1209 5398 V3.13:
1233 5356 1364 5394 unus
1392 5338 1522 5393 Cod.
1551 5312 1672 5393 Vat.
1726 5350 1778 5394 et
1822 5340 1958 5395 Edit.
1995 5341 2180 5400 Paris”
2214 5347 2258 5387 οι

709 5415 844 5483 regio
873 5416 966 5467 soli
991 5425 1090 5464 tant
1121 5417 1239 5472 cito,
1272 5411 1408 5480 qttod
1443 5409 1630 5483 placet.

777 5477 798 5523 ί
831 5483 966 5538 Ειιιι.
1004 5484 1155 5546 Ven.,
1190 5494 1234 5536 et
1264 5477 1323 5538 de
1349 5483 1504 5551 stirpe
1531 5477 1670 5531 nothi
1699 5478 1878 5532 tendit.

783 5555 796 5592 ι
838 5560 952 5616 λεδ..
978 5556 1146 5607 etiam.
1595 5567 1602 5571 ‘

775 5631 816 5661 ⁸
841 5625 1000 5693 εόὶιη
1035 5635 1120 5676 aut
1152 5625 1348 5693 plorato
1375 5621 1553 5673 avidis.

774 5699 803 5726 ³
829 5692 966 5745 εαη.
993 5692 1156 5756 Ven.,
1176 5692 1356 5744 tambet
1381 5700 1425 5742 et
1450 5702 1537 5742 ore
1564 5699 1731 5756 genas.

1409 347 1715 406 VENANTII
1758 349 1914 408 HON.
1952 346 2164 406 (ΣΙ-ΕΜ.
2207 349 2247 404 l"

2334 347 2591 410 lTIJNATI
2629 351 2914 412 OPERUM
2955 355 3133 414 PARS
3171 357 3220 414 ι.
3818 368 3877 426 τε

2282 466 2335 524 Δ
2363 464 2437 520 Te
2462 466 2696 535 fugiente
2714 478 2898 522 errans
2919 467 3091 524 aliena
3113 479 3208 538 per
3221 471 3408 531 osenla
3435 483 3672 542 curram,

2426 557 2492 610 Et
2516 571 2677 637 super
2703 571 2795 611 ora
2817 569 3035 627 gemens
3067 560 3227 614 ubera
3255 561 3394 614 sicca
3423 573 3687 628 premam.

2359 646 2434 702 De
2456 648 2587 702 facie
2617 649 2871 703 infantum
2891 651 3148 719 plorantis
3174 653 3368 707 lumina
3393 653 3649 718 lambant;

2428 737 2492 791 Et
2522 746 2730 793 teneras
2761 740 3020 810 lacrymas
3043 741 3287 797 insatiata
3311 743 3508 798 bibam.

2356 822 2472 878 'I‘ali
2493 833 2615 891 potu
2649 823 2670 866 ι
2700 827 2898 880 utinam
2922 828 3005 882 vel
3037 835 3184 894 parte
3211 827 3498 898 rcfrigerer
3517 831 3648 897 ulla,

2424 915 2526 968 Aut
2551 916 2747 982 plorata
2775 917 2926 972 avide
2956 927 2997 956 ³
3027 920 3228 987 mitiget
3248 922 3384 975 unda
3406 922 3568 978 sitim.

2355 1003 2616 1074 Quidquid
2642 1006 2767 1070 erit,
2790 1007 3176 1074 crucior,'nulla
3205 1009 3290 1064 hic
3314 1011 3666 1066 medicamina
3681 1025 3879 1083 prosunt,

2427 1093 2654 1151 Vulnere
2677 1098 2892 1162 distliio,
2925 1098 3415 1166 Gelesulnthaﬂuo

2353 1183 2465 1250 Qua
2487 1199 2634 1253 rogo,
2656 1194 2800 1252 nata,
2824 1200 2982 1241 manu
3008 1189 3166 1242 chara
3196 1187 3310 1242 hac
3330 1200 3482 1243 corna
3501 1200 3640 1257 pexa
3665 1192 3860 1247 nitebitl

2422 1271 2551 1336 Quis
2580 1273 2694 1328 sine
2734 1287 2809 1327 na
2837 1275 3068 1341 placidas
3093 1276 3310 1330 Iambiat
3333 1285 3363 1315 ι
3386 1291 3480 1332 ore
3507 1279 3710 1347 genas?

2352 1360 2478 1428 Quis
2498 1361 2699 1430 gremio
2724 1361 2916 1427 foveat,
2940 1365 3158 1432 genibus
3186 1367 3358 1428 venat,
3387 1369 3589 1420 ambiat
3621 1369 3777 1421 ulna?

2421 1451 2526 1505 Sed
2550 1451 2639 1503 tibi
2670 1459 2863 1520 praeter
2885 1467 2971 1506 me
2996 1465 3101 1506 non
3124 1453 3194 1507 ibi
3223 1464 3391 1508 mater
3415 1457 3540 1509 erit.

2350 1539 2503 1607 Quod
2527 1551 2790 1609 superest,
2805 1543 3169 1610 gemebundus
3185 1553 3209 1580 °
3222 1558 3371 1599 amor
3391 1543 3880 1599 boemandateunu:

2418 1629 2505 1684 Sis
2533 1644 2718 1699 precor
2738 1647 2770 1686 ο
2795 1632 2936 1696 felix,
2969 1631 3060 1686 sed
3085 1646 3213 1686 cave
3236 1635 3388 1688 valde
3413 1643 3462 1696 ρ,
3493 1635 3637 1699 vale.

2350 1721 2499 1776 Mitte
2526 1722 2691 1776 avida
2723 1724 2897 1787 matri,
2922 1723 3003 1778 vel
3033 1739 3126 1793 per
3149 1739 3277 1794 vaga
3301 1723 3486 1790 ﬂabra,
3512 1727 3759 1788 salutem,

2279 1790 2327 1851 Β
2419 1815 2473 1866 Si
2507 1813 2665 1876 venit,
2701 1815 2811 1880 ipsa
2842 1813 2967 1868 milli
3001 1790 3360 1871 nuntietaura
3388 1819 3511 1871 boni
3541 1818 3804 1889 [bonuml.

2348 1903 2481 1957 Filia
2503 1911 2610 1957 tum
2641 1903 2824 1957 validis
2855 1899 3121 1974 genitricis
3143 1917 3330 1960 onusta
3357 1909 3612 1975 querelis,

2417 1995 2624 2060 Tristis,
2655 1996 2806 2062 inops
2829 1995 3011 2059 animi,
3033 2011 3133 2050 nec
3151 1997 3368 2049 valitura
3389 1995 3559 2063 loqui;

2348 2084 2533 2140 Clausa
2554 2099 2685 2139 voce
2707 2084 2819 2149 diu,
2847 2086 2935 2138 vix
2964 2086 3109 2139 fauce
3138 2085 3361 2139 solubile
3391 2083 3559 2150 fandi,

2418 2172 2588 2227 Pauca
2616 2173 2794 2240 refert,
2826 2173 3000 2226 cordis
3030 2173 3248 2227 vulnere
3277 2174 3450 2242 lingua
3471 2173 3686 2241 gravis:

2348 2261 2590 2329 Majestas
2609 2263 2653 2315 si
2683 2263 2822 2315 celsa
2847 2262 2936 2314 Dei
2962 2261 3086 2315 mibi
3119 2271 3352 2329 tempora
3375 2257 3534 2333 vellet
3563 2272 3596 2313 ι

2419 2352 2566 2405 Nunc
2589 2353 2716 2406 dare
2740 2353 2859 2420 plus
2880 2352 3021 2416 vita,
3049 2367 3152 2406 non
3178 2353 3329 2407 daret
3354 2355 3457 2406 ista
3486 2355 3610 2409 via.

2352 2442 2547 2500 Ultima
2573 2445 2664 2500 sed
2686 2444 2935 2513 quoniam
2955 2458 3073 2499 sors
3103 2446 3464 2500 irrevocabilis
3486 2447 3676 2511 instat,

2419 2535 2473 2589 Si
2498 2538 2605 2603 jam
2634 2549 2789 2590 nemo
2808 2543 2971 2601 vetat,
2996 2551 3096 2606 qua
3119 2536 3274 2590 trahit
3303 2537 3376 2589 ira
3406 2550 3623 2604 sequar.

2353 2621 2475 2678 ilice
2493 2635 2726 2678 extrema
2752 2634 2774 2663 τ
2794 2633 2964 2678 tamen
2995 2625 3194 2692 loquar.
3208 2634 3263 2678 et
3283 2626 3626 2680 memoranda
3647 2627 3828 2683 dolori.

2422 2712 2550 2766 Ilinc
2580 2723 2664 2766 tua
2689 2728 2791 2767 non
2814 2722 2897 2766 tua
2919 2720 2941 2748 ι
2972 2723 3114 2778 sunt,
3134 2713 3461 2776 Goisointbn,
3491 2715 3632 2767 vale.

2351 2799 2539 2856 Oscula
2563 2801 2637 2856 sic
2661 2807 2926 2866 rumpunt,
2954 2809 3012 2852 et
3033 2800 3134 2852 lixa
3159 2800 3245 2860 ori
3268 2801 3288 2835 ί
3323 2815 3414 2852 ora
3439 2803 3729 2865 repellunt,

2423 2891 2552 2941 Dum
2573 2901 2630 2940 se
2654 2901 2757 2938 non
2779 2893 3016 2952 possunt,
3035 2899 3155 2938 aera
3180 2886 3362 2938 lambit
3380 2896 3552 2940 amor.

2353 2975 2484 3029 Illuc
2506 2975 2697 3041 pilente
2718 2981 2742 3008 υ
2777 2982 2959 3041 petens
2979 2973 3093 3041 loca
3121 2973 3324 3030 Gallica
3346 2983 3397 3037 ν,
3421 2973 3771 3030 Gelesuintba

2420 3065 2601 3120 Stabat
2626 3065 2726 3120 lixa
2746 3064 2933 3128 oculis,
2965 3067 3148 3130 tristis,
3174 3075 3333 3123 eunte
3360 3073 3493 3121 rota.

2358 3156 2422 3211 Et
2445 3164 2628 3211 contra
2654 3150 2882 3225 'genitrix
2912 3165 3027 3224 post
3053 3164 3227 3210 natam
3255 3159 3450 3212 lumina
3481 3157 3734 3224 tendens.

2422 3245 2541 3302 Uno
2569 3254 2738 3300 stante
2765 3246 2898 3308 loco,
2921 3246 3088 3314 pergit
3111 3255 3165 3300 et
3185 3247 3488 3314 ipsagsimul.

2355 3336 2485 3394 Tota
2509 3347 2762 3402 tremens,
2792 3336 2952 3406 agiles
2977 3346 3183 3406 raperet
3202 3353 3266 3392 ne
3287 3339 3423 3392 mula
3453 3338 3756 3410 quadrigas,

2421 3432 2524 3483 Aut
2550 3442 2713 3495 equus
2742 3429 3015 3496 impatiens
3045 3438 3270 3483 verteret
3299 3444 3393 3482 axe
3414 3438 3581 3485 rotas.

2353 3520 2600 3578 Sollicitis
2627 3521 2790 3575 oculis
2811 3518 3265 3573 circumvolitabat
3285 3528 3575 3584 amantem,

2423 3613 2554 3668 Illuc
2579 3619 2754 3668 mente
2775 3625 2997 3681 sequens
3017 3625 3114 3680 qua
3135 3609 3215 3664 vis
3239 3610 3400 3664 ﬂectit
3417 3610 3542 3665 iter.

2355 3704 2507 3771 Saepe
2538 3702 2851 3770 loquebatur
2873 3703 3023 3769 quasi
3045 3716 3222 3777 secum
3252 3711 3369 3754 nata
3396 3701 3630 3765 sedent,

2423 3796 2814 3860 Absentemque
2843 3807 2999 3846 manu
3031 3801 3056 3830 ⁸
3080 3794 3188 3844 visa
3220 3800 3416 3852 tenere,
3442 3793 3586 3844 sinu.

2357 3884 2619 3947 Prendere
2643 3898 2700 3937 se
2729 3883 2969 3945 credens,
3005 3881 3055 3933 in
3077 3890 3285 3934 ventum
3309 3889 3338 3926 1
3361 3879 3575 3931 brachia
3603 3877 3781 3947 iactat,

2427 3900 2619 3938 enuere
2643 3900 2700 3937 se
2729 3900 2969 3945 credens,
3005 3900 3055 3933 ln
3077 3900 3285 3934 ventum
3309 3900 3330 3926 1
3361 3900 3556 3931 Drat'm:

2400 3900 2530 4029 SVec
2549 3983 2718 4027 natam
2741 3971 2944 4039 recipit,
2972 3971 3063 4024 sed
3089 3983 3214 4039 vaga
3233 3968 3390 4021 Ilabe
3415 3967 3556 4021 terit.

2358 4063 2496 4120 .‘ntcr
2519 4074 2590 4118 tot
2611 4062 2828 4116 comites
2849 4076 3002 4116 unam
3031 4059 3297 4130 spectabat
3318 4069 3553 4121 euntem,

2429 4155 2553 4210 Sola
2576 4154 2842 4207 videbatur
2865 4166 2962 4222 qua
2990 4166 3118 4205 suus
3143 4149 3251 4204 ibat
3279 4162 3444 4201 amor.

2359 4246 2480 4302 Plus
2509 4244 2732 4315 genitrix
2752 4256 3001 4311 suspensa
3031 4241 3206 4294 animo
3232 4253 3387 4307 quam
3413 4236 3514 4291 lilia
3548 4249 3728 4298 curru,

2414 4336 2553 4391 -Il;ec
2579 4334 2808 4390 titubans
2829 4335 2964 4389 votis
2992 4332 3119 4397 ibat,
3147 4340 3200 4385 et
3225 4329 3309 4382 illa
3337 4327 3483 4380 retis.

2278 4520 2331 4578 D
2424 4511 2444 4532 ο
2474 4512 2528 4568 In
2558 4513 2695 4568 Edit.
2725 4509 2854 4563 Ven.
2907 4514 2959 4562 et
2996 4503 3164 4562 tribus
3199 4501 3364 4559 Codd.
3403 4462 3556 4566 ut...
3593 4496 3872 4552 umenti...

2357 4599 2596 4702 amlf'lino
2624 4647 2786 4704 Codd.
2816 4645 2957 4712 ναι,
2986 4647 3129 4711 vade,
3157 4643 3304 4712 sale.
3359 4666 3368 4670 ε

2426 4729 2455 4768 1
2485 4720 2631 4775 Unus
2659 4719 2787 4773 Cod.
2819 4711 2953 4778 \'at.,
2981 4729 3203 4782 tempora
3233 4711 3367 4766 reiit.

2431 4799 2452 4825 τ
2487 4772 2628 4844 illius
2660 4772 2790 4843 Cod.
2827 4772 2968 4853 Van,
2993 4772 3216 4839 extrema
3243 4782 3348 4835 hic:
3370 4788 3560 4831 tamen.
3596 4772 3870 4830 Edit.Ven..

2364 4870 2584 4912 extrema
2613 4859 2716 4910 lucc
2747 4858 2968 4908 tandem.

2433 4935 2451 4962 '
2491 4930 2624 4980 Etlit.
2651 4925 2842 4990 Paris,
2870 4939 3002 4978 sum.

2435 4997 2453 5031 ¹
2492 4997 2628 5048 κάει.
2663 4985 2949 5058 νειι.,’ῥεα
2977 4993 3147 5057 priora
3175 4985 3442 5054 repellunt,
3465 4986 3736 5059 corrupte:

2433 5075 2457 5101 υ
2495 5067 2664 5118 l‘ilens
2687 5106 2700 5128 ,
2733 5049 2825 5116 seu
2848 5049 3153 5128 'pilentum,
3190 5049 3355 5132 genus
3399 5049 3872 5132 «biennes-[Lnga

2363 5113 2722 5189 matr-onaiwuli
2738 5113 3152 5185 consueverant:
3185 5113 3258 5179 τῖι)
3282 5122 3520 5185 Hispanis
3535 5123 3797 5189 inveutm
3818 5113 3869 5186 il-

2363 5187 2556 5259 ludﬁcst
2575 5245 2590 5266 ,
2633 5205 2763 5256 sicut
2794 5201 3061 5266 petoritum
3089 5213 3117 5249 a
3153 5189 3490 5266 Gallis._lllud
3515 5187 3715 5266 duabus
3741 5189 3869 5266 rolIS.

2365 5255 2463 5329 lioc
2483 5255 2702 5342 quatuor
2733 5255 3024 5324 co'ustabat.
3061 5269 3264 5324 liorat.,
3293 5261 3385 5314 lib.
3419 5272 3478 5320 lt,
3509 5255 3714 5322 cpist.l
3748 5263 3763 5303 :

2515 5363 2690 5412 Esseda
2713 5362 2958 5418 festinant,
2986 5357 3182 5416 pilenta,
3211 5349 3461 5411 potOrrita,
3486 5358 3650 5394 naves.

2436 5457 2460 5483 ν
2494 5445 2635 5497 Ultus
2677 5444 2806 5495 le.
2843 5441 3006 5491 Vatic.
3032 5480 3045 5497 ,
3087 5437 3197 5486 loco
3253 5429 3535 5482 Galliarum
3565 5422 3866 5482 Gelasium.

2436 5524 2459 5552 ι
2493 5515 2626 5564 Edit.
2667 5513 2815 5575 item,
2845 5511 3186 5575 absentanth
3210 5514 3442 5575 utamini.

2431 5591 2459 5630 γ
2492 5560 2815 5636 ὖάὸῖὶὸὰἀί
2836 5576 2952 5632 Vat.
2980 5615 2992 5637 ,
3034 5560 3115 5626 in'
3142 5580 3307 5625 ventos
3347 5566 3576 5624 brachia.
3617 5564 3739 5625 ιιω
3769 5560 3866 5616 Ven.

2365 5651 2511 5709 seu.
