3952 6222
684 368 781 425 223

679 506 846 569 thue
876 501 1041 556 tidelis
1066 503 1114 556 ei
1144 502 1207 555 sit
1236 515 1381 571 gens,
1405 510 1597 554 armata
1627 517 1720 570 per
1741 514 1905 566 arma;

740 596 905 659 .lurat,
930 595 1045 662 jure
1062 607 1157 647 suo
1183 607 1241 647 se
1269 608 1474 662 quoque
1492 594 1602 663 lege
1627 595 1767 661 ligat.

678 685 943 755 Regnabat
975 688 1171 753 placido
1198 702 1519 755 componens
1549 690 1755 741 tramite
1778 688 1959 751 vitam,

747 777 1060 840 Pauperibus
1088 779 1321 839 tribuens
1344 774 1540 830 advena
1572 789 1739 830 mater
1766 786 1897 830 erat.

677 876 702 903 ι
726 868 941 934 Quoque
966 870 1129 935 magis
1158 868 1323 934 possit
1351 882 1511 935 regno
1536 881 1816 934 superesse
1841 866 2079 935 perenni,

741 952 1175 1009 Catholicaefidci
1194 958 1468 1009 conciliata
1501 958 1690 1022 placet.

632 1032 633 1035 ¹
667 1045 711 1099 O
732 1046 899 1108 dolor,
933 1045 1149 1114 insignis
1173 1045 1295 1113 quid
1317 1043 1496 1110 differs
1518 1057 1750 1114 tempora
1784 1049 1955 1113 fletus,

736 1136 1107 1205 Lugubresque
1123 1138 1285 1202 vices,
1317 1140 1460 1205 plura
1494 1140 1755 1207 loquendo
1777 1138 1803 1177 1³
1836 1141 2012 1194 taces?

667 1226 901 1292 Itnproba
924 1242 1037 1282 sors
1064 1229 1350 1294 hominum,
1381 1230 1664 1295 improviso
1690 1232 1895 1285 condita
1925 1232 1946 1260 ε
1978 1231 2147 1299 lapsu,

733 1316 836 1370 Tot
864 1318 997 1371 bona
1028 1328 1129 1370 tam
1157 1320 1329 1371 subito
1357 1329 1500 1374 sorte
1528 1322 1735 1374 volante
1761 1320 1787 1356 ⁸
1814 1335 1985 1373 voras.

661 1405 795 1463 Nam
826 1409 980 1462 breve
1010 1402 1211 1476 tempus
1239 1409 1709 1480 babens,consorti
1736 1420 1758 1447 ⁸
1782 1427 1912 1466 nexa
1931 1413 2141 1481 iugalis,

734 1496 994 1566 Principio
1023 1500 1140 1551 vita:
1170 1498 1352 1553 funere
1383 1510 1529 1566 rapta
1560 1499 1675 1552 fuit.

662 1585 927 1655 Praecipiti
950 1602 1093 1649 casu,
1124 1589 1322 1641 volucri
1350 1597 1619 1654 praeventa
1645 1588 1742 1643 sub
1768 1591 1897 1657 ictu,

733 1677 935 1739 Deficit,
966 1686 1020 1731 et
1048 1692 1199 1731 verso
1226 1677 1427 1732 lumine
1457 1678 1632 1733 lumen
1660 1680 1790 1734 obit.

661 1765 839 1820 Infelix
872 1768 1044 1819 nutrix
1067 1767 1246 1833 audito
1283 1766 1468 1822 funere
1492 1769 1735 1834 alumnae,

729 1856 1038 1910 Exanimum
1066 1857 1130 1910 ad
1157 1872 1347 1926 corpus
1370 1860 1453 1911 vix
1479 1860 1704 1911 animata
1731 1860 1886 1913 volat.

659 1944 773 2012 Ipsa
805 1947 937 1999 inter
962 1943 1187 2000 famulas
1216 1948 1524 2002 incumbens
1554 1950 1718 2017 prima
1742 1950 1929 2016 fidelis,

730 2033 851 2086 Haec
882 2036 1088 2089 tandem
1118 2037 1305 2103 potuit,
1336 2040 1508 2092 clausa
1531 2039 1733 2104 dolore,
1767 2039 1909 2109 loqui
1952 2058 1962 2092 :

661 2122 747 2178 Sic
777 2124 993 2193 placida:
1023 2127 1173 2179 matri
1196 2129 1410 2196 promisi
1441 2133 1664 2196 pessima
1688 2134 1885 2197 nutrix,

726 2214 797 2269 Te
821 2200 970 2284 ldnge
997 2217 1333 2285 incolumem,
1365 2218 1731 2288 Gelesuintba,
1758 2223 1888 2279 fore.

654 2303 742 2361 Sic
768 2311 1020 2363 exstincta
1047 2325 1222 2364 meum
1245 2324 1360 2365 mea
1390 2322 1610 2367 cernunt
1630 2314 1824 2368 Iumina
1858 2316 2051 2382 lumen,

728 2396 928 2451 Pallida
958 2399 1034 2452 sic
1062 2401 1238 2466 facies,
1266 2417 1367 2470 qua
1397 2404 1555 2456 rubor
1583 2415 1703 2458 ante
1725 2402 1871 2457 fuit?

652 2486 746 2541 Dic
769 2489 965 2555 aliquid
1002 2490 1278 2557 miserans,
1304 2492 1511 2547 misera:
1544 2494 1669 2545 mihi
1693 2494 2129 2565 reddeloqnelas,

721 2579 854 2644 Quid
876 2580 1097 2635 referam
1128 2582 1193 2635 ad
1224 2593 1461 2648 matrem,
1488 2585 1530 2637 si
1557 2600 1793 2639 remeare
1817 2586 1969 2640 licet?

655 2665 675 2705 ί
696 2668 805 2723 Iloc
834 2684 988 2739 supra
1018 2677 1189 2725 tantos
1218 2675 1490 2743 peregrina
1519 2682 1697 2729 secuta
1726 2675 1953 2740 labores,

720 2756 825 2813 Pro
850 2762 961 2813 vice
992 2761 1093 2816 tale
1121 2762 1249 2816 mihi
1272 2779 1457 2818 munus
1488 2767 1693 2819 alumna
1718 2765 1921 2821 refers?

647 2849 873 2919 Optabas
904 2852 1096 2919 pariter
1117 2854 1266 2907 nobis
1291 2856 1471 2921 vitam,
1502 2866 1655 2924 atque
1675 2858 1938 2924 sepulcra,

715 2940 839 3005 Quae
864 2951 1035 2995 tecum
1069 2944 1199 3006 vixi,
1234 2959 1316 2996 me
1338 2947 1451 2997 sine
1479 2959 1628 3012 passa
1660 2946 1829 3016 mori?

647 3029 785 3083 Ordo
812 3035 1008 3085 utinam
1036 3044 1154 3084 vitae
1174 3033 1476 3102 juvenique,
1506 3037 1722 3103 senique
1746 3034 1949 3091 fuisset.
2010 3078 2011 3081 η

714 3123 789 3175 Te
812 3134 982 3176 Stante
1005 3124 1249 3177 incolumi
1282 3140 1364 3178 me
1388 3126 1530 3193 prius
1552 3128 1629 3179 ire
1655 3128 1788 3179 neci.

646 3207 738 3263 Vix
768 3225 957 3282 paucas
986 3221 1009 3257 Β
1042 3214 1256 3279 profert,
1290 3227 1467 3267 vocem
1489 3215 1625 3282 rapit
1643 3214 1774 3266 alter
1802 3213 2001 3276 ab-ore,

714 3298 820 3353 Nec
850 3302 984 3354 valet
1008 3316 1107 3354 una
1131 3303 1289 3371 loqui,
1322 3305 1459 3373 quod
1488 3305 1629 3360 videt
1658 3307 1772 3360 aula
1802 3309 1961 3377 gemit
1982 3294 2032 3361 δ’.

645 3388 843 3443 Interea
878 3392 1083 3445 vehitur
1112 3394 1241 3446 tristi
1273 3394 1563 3465 lacrymosa
1596 3395 1610 3432 ί
1639 3396 1853 3463 feretro,

712 3482 875 3534 Soluit
904 3493 957 3535 et
982 3485 1262 3554 exsequias
1293 3486 1607 3555 obsequialis
1633 3484 1800 3544 amor.

642 3573 853 3627 Ducitur
885 3574 929 3641 i,
956 3586 1190 3641 ornatur,
1215 3578 1513 3648 deponitur,
1540 3582 1767 3651 undique
1794 3581 1965 3649 ﬂetur,

712 3664 960 3720 Conditur
980 3676 1033 3720 et
1055 3669 1251 3723 tumulo
1275 3670 1349 3723 sic
1370 3675 1644 3741 peregrina
1674 3689 1790 3729 suo.

640 3752 878 3809 Nascitur
902 3760 987 3810 hic
1014 3760 1185 3811 subito
1209 3775 1379 3813 rerum
1410 3763 1650 3817 mirabile
1680 3767 1908 3833 signum,

712 3842 838 3895 Dum
872 3844 1104 3909 pendens
1135 3845 1354 3914 lychnus
1385 3848 1565 3901 lucet“
1591 3852 1656 3904 ad
1678 3853 2007 3920 obsequium.

643 3932 841 3985 Decidit
868 3935 916 3985 in
944 3933 1189 4000 lapidem,
1223 3949 1319 3989 nec
1349 3938 1533 4006 vergit,
1557 3949 1607 3993 et
1637 3942 1839 4007 integer
1866 3948 2006 4000 arsit.

710 4024 812 4078 Nec
841 4024 1026 4077 vitrtun
1054 4030 1213 4092 saxis,
1239 4042 1333 4081 nec
1362 4020 1491 4097 perit
1514 4033 1643 4099 ignis
1672 4034 1839 4102 aquis.

640 4116 795 4169 Fama
829 4132 1010 4171 recens
1042 4118 1239 4173 resides
1258 4134 1521 4188 germanae
1545 4126 1763 4190 perculit
1793 4142 1963 4184 aures.

705 4210 1007 4277 All‘cctuque
1037 4211 1121 4277 pio
1150 4209 1225 4262 sic
1255 4219 1429 4264 movet
1457 4224 1548 4265 ora
1577 4228 1728 4267 soror
1762 4214 1819 4269 ις

705 4470 729 4538 f'
771 4467 887 4529 Ms.,
920 4485 1127 4538 quoque.

704 4531 729 4569 δ
773 4540 909 4592 Etlit.
932 4531 1095 4602 Vel...
1126 4540 1273 4609 plum
1295 4540 1551 4609 loquenda
1581 4555 1729 4600 taces.

929 4610 1056 4664 Ven.
1106 4622 1158 4665 et
1195 4610 1296 4664 duo
1337 4614 1503 4667 Codd.
1550 4614 1690 4685 Vat.,
1739 4633 1849 4684 qua
1917 4620 2182 4691 improviso

634 4680 804 4751 abdita
833 4680 995 4751 lapsu.
1036 4750 1043 4751 ί
1280 4697 1284 4703 ’
1676 4680 1685 4685 ’
1752 4680 1760 4684 ”
1912 4700 1917 4705 ’

697 4749 719 4783 ά
766 4749 898 4803 Ruit.
936 4750 1130 4813 Paris.,
1162 4753 1328 4820 fugas.

704 4828 725 4852 ι’
769 4822 903 4873 Edit.
942 4821 1067 4874 Ven.
1110 4830 1163 4873 et
1213 4825 1316 4873 duo
1366 4822 1529 4883 Codd.
1566 4822 1703 4890 Vat.,
1759 4830 2009 4883 consortia
2055 4847 2183 4884 nexa

628 4890 833 4951 jttqalis.

707 4956 723 4993 ¹
768 4959 906 5012 Etlit.
935 4959 1121 5022 Paris.,
1150 4961 1256 5012 lucc
1284 4970 1502 5027 propter.

699 5036 721 5098 ε
764 5028 893 5098 I‘Ltlit.
936 5028 1200 5098 Ven.,_uix
1228 5032 1397 5095 paucis
1428 5032 1615 5098 profert
1636 5044 1824 5086 vocem.

698 5096 720 5131 ¹ι
761 5097 868 5168 Duo
898 5096 1237 5168 Coum-Vat”
1270 5100 1389 5149 aula
1426 5096 1575 5168 gemi.

630 5231 667 5284 ν
706 5176 716 5200 ι
766 5167 894 5219 Tros
922 5166 1088 5219 Codd.
1130 5165 1268 5229 Vat.,
1300 5165 1615 5235 lachrymato
1649 5173 1845 5238 feretro.
1880 5170 2006 5225 Item
2040 5172 2176 5227 Edit.

673 5249 758 5284 en.

673 5249 734 5285 PII

701 5316 713 5350 ι
767 5304 884 5378 [est
943 5308 1077 5358 hunc
1133 5320 1339 5357 versum
1387 5325 1397 5357 :
1436 5308 1666 5369 Ducitur,
1704 5320 1933 5375 ornatur,
1966 5321 2091 5378 elc.,
2126 5314 2177 5367 in

628 5370 755 5423 Ven.
776 5372 1267 5449 I‘Iilitnnlitexuntur
1292 5380 1590 5449 versus,qui
1624 5381 1881 5445 pertinent
1912 5370 1973 5435 ad
2004 5370 2116 5449 cap.
2148 5383 2179 5435 5

628 5444 714 5515 lib.
741 5457 829 5506 vn,
853 5460 909 5493 :n-
945 5450 975 5494 ii
1009 5450 1191 5515 quibus
1216 5444 1499 5498 Itbsttivlllll‘
1528 5444 1753 5513 prmsens
1782 5466 1983 5515 poema,
2008 5444 2177 5505 trans-

629 5514 956 5565 lrttttilttrntl
988 5529 1033 5566 c.
1068 5513 1095 5563 4
1134 5516 1165 5564 l.
1213 5529 1317 5567 un.
1378 5516 1445 5567 Ita
1506 5528 1556 5569 et
1615 5519 1663 5570 in
1722 5513 1822 5572 uno
1869 5513 1995 5575 Cod.
2056 5521 2173 5575 Vat.

626 5582 798 5658 llrovv.
834 5584 941 5651 ipse
973 5584 1159 5658 fatetur
1204 5600 1260 5658 se
1290 5598 1498 5642 carmen
1544 5590 1679 5642 istud
1733 5591 2065 5658 ret-ollegisse
2110 5608 2173 5645 ex

622 5651 859 5770 sliirtbus
912 5655 1180 5723 partibus,
1242 5654 1293 5708 in
1361 5658 1475 5711 aliis
1528 5662 1847 5715 carminibus
1902 5651 2170 5715 Fvortunati

659 5734 890 5770 ιευειιεις.

659 5734 890 5788 ιεμετδις.

1287 347 1296 362 “
1389 365 1705 419 VENANlH
1748 365 2139 420 HON.CLEM.

2280 366 2574 425 RTUNATI
2609 369 2888 424 OPERUM
2926 370 3101 425 PARS
3142 372 3179 425 I.

3668 91 3904 179 ἐ-

3805 374 3903 434 2“

2256 484 2307 541 A
2334 498 2477 553 Hanc
2504 513 2629 567 rogo
2657 513 2922 566 germanae
2951 500 3228 566 mandasti,
3252 503 3435 571 chara,
3458 506 3715 573 salutem,

2399 589 2600 654 Scripta
2624 590 2728 641 tuis
2756 590 2929 659 digitis
2962 592 3063 645 hoc
3094 592 3221 643 mihi
3242 594 3403 646 chara
3434 594 3643 651 refert?

2330 679 2577 734 Sollie.tis
2599 681 2763 733 oculis
2790 681 3178 749 exspectabam,
3207 684 3343 737 unde
3373 684 3611 751 venires,

2398 770 2509 823 Non
2541 773 2650 839 agis
2676 781 2713 808 σι
2740 772 2864 825 illud
2896 773 3015 835 iter,
3040 774 3191 842 quale
3220 784 3429 843 precata
3463 776 3556 829 fui.

2238 876 2241 877 '
2325 860 2508 926 Optavi
2542 862 2701 915 Gallis
2723 872 2772 916 te
2804 872 2857 915 ut
2882 862 2985 917 huc
3016 864 3258 932 Hispania
3290 866 3470 931 ferret,

2396 950 2505 1003 Non
2535 962 2581 1005 te
2610 952 2696 1005 hic
2725 953 2879 1007 chara
2906 968 3080 1021 soror,
3113 970 3215 1009 non
3246 957 3316 1011 ibi
3337 970 3507 1015 mater
3528 948 3721 1016 habet.

2325 1036 2573 1093 Extremo
2594 1042 2847 1106 obsequio
2867 1058 2970 1097 non
2996 1045 3096 1099 huc
3122 1045 3469 1102 Brunichildis
3497 1050 3668 1115 adiri.

2392 1133 2444 1187 Si
2474 1136 2564 1187 tibi
2589 1136 2660 1189 nil
2682 1138 2837 1200 vivae,
2863 1137 3045 1192 mortis
3067 1138 3266 1193 honore
3291 1142 3495 1197 darent.

2321 1221 2425 1274 Cur
2457 1224 2725 1291 peregrina
2758 1235 2875 1280 tuos
2905 1241 3008 1281 non
3036 1228 3201 1282 clausi
3226 1229 3395 1285 dulcis
3420 1230 3668 1293 ocellos?

2394 1313 2618 1365 Auribus
2644 1323 2733 1367 aut
2757 1316 2927 1371 avidis
2952 1317 3131 1371 ultima
3154 1318 3311 1372 verba
3342 1319 3480 1374 bibi!
3535 1314 3539 1319 ⁷

2320 1400 2563 1457 Officium
2589 1404 2723 1457 tristi
2754 1406 2881 1459 nihil
2912 1407 3141 1472 impendi
3171 1410 3282 1475 ipsa
3303 1410 3497 1472 sorori,

2333 1490 2353 1545 I
2396 1492 2649 1557 Membra,
2668 1508 2876 1560 manus,
2905 1495 3089 1551 faciem
3121 1512 3219 1551 nec
3240 1513 3425 1553 manus
3444 1501 3542 1553 ista
3569 1499 3731 1568 tegit.

2317 1578 2430 1633 Non
2464 1580 2607 1635 licuit
2634 1582 2773 1635 fundi
2799 1582 3080 1653 lacrymas,
3105 1600 3202 1640 nec
3229 1587 3296 1641 ab
3317 1601 3409 1642 ore
3432 1590 3673 1657 resorbi,

2389 1668 2595 1736 Frigida
2626 1662 2723 1726 ne'c
2753 1673 2928 1741 tepido
2953 1675 3153 1728 viscera
3172 1676 3324 1731 fonte
3338 1678 3471 1731 lavo.

2317 1757 2548 1813 Nutritas
2574 1762 2789 1829 pariter,
2814 1762 3020 1831 iunctas
3045 1758 3347 1835 regionibus
3371 1767 3561 1833 isdem,

2390 1848 2496 1902 Cur
2524 1851 2588 1902 ad
2620 1844 2807 1904 mortis
2843 1853 2943 1906 iter
2968 1852 3159 1907 dividis
3179 1854 3282 1908 alte
3310 1855 3495 1910 dolor?

2314 1940 2514 2009 Sicque
2535 1942 2717 1998 relicta
2750 1957 2907 1998 soror
2933 1959 3057 1999 casu
3080 1944 3340 2002 laceratur
3358 1949 3653 2019 adempta,

2385 2029 2506 2085 Haec
2528 2042 2697 2095 vocat,
2732 2033 2816 2086 illa
2840 2034 2995 2102 jacet,
3026 2049 3125 2090 nec
3152 2036 3371 2105 repetita
3393 2039 3548 2093 redit.

2314 2117 2591 2175 Germana:
2622 2121 2820 2185 validos
2848 2124 2991 2177 audit
3016 2124 3295 2179 Germania
3323 2127 3498 2193 ﬂetus,

2384 2209 2601 2279 Quaque
2627 2215 2849 2267 recurrit
2873 2212 2995 2282 iter,
3022 2216 3289 2285 questibus
3317 2226 3455 2269 astra
3486 2217 3635 2272 ferit.

2308 2299 2532 2354 Nomine
2565 2317 2707 2370 saepe
2728 2318 2920 2358 vocans
2942 2312 3013 2364 te.
3045 2305 3406 2368 Gelesuintba,
3435 2320 3725 2374 sororem;

2380 2392 2490 2446 Hoc
2517 2393 2712 2461 fontes,
2739 2396 2907 2459 silvae,
2938 2396 3174 2463 ﬂumina,
3203 2411 3325 2451 rura
3352 2408 3563 2454 sonant.

2308 2478 2645 2536 Gelesuintha
2678 2487 2865 2540 taces?
2894 2488 3152 2555 responde
3181 2497 3236 2542 ut
3257 2499 3397 2543 muta
3428 2491 3604 2546 sorori
3639 2510 3654 2545 :

2382 2574 2716 2642 Respondent
2750 2577 2971 2645 lapides,
3004 2592 3172 2644 mons,
3207 2594 3416 2645 nemus,
3447 2581 3619 2650 unda,
3657 2583 3831 2653 polum

2306 2665 2493 2727 Anxia,
2526 2665 2815 2719 sollicitans
2846 2668 2985 2735 ipSas
3012 2666 3299 2736 interrogat
3320 2684 3497 2737 auras,
3688 2676 3701 2715 /

2374 2754 2479 2809 Sed
2511 2756 2579 2810 de
2602 2760 2865 2827 germanae
2893 2769 3080 2813 cuncta
3109 2758 3279 2814 salute
3310 2762 3493 2821 silent.

2306 2849 2527 2905 Nuntius
2558 2851 2643 2906 hic
2672 2852 2846 2906 subito
2872 2851 3060 2905 ﬂuvios
3089 2853 3412 2907 transcendit
3435 2864 3489 2907 et
3518 2855 3716 2924 Alpes,

2374 2942 2718 3006 Mterorisque
2740 2943 2913 3006 gravis
2942 2951 3045 2993 tant
3076 2942 3180 2995 cito
3201 2957 3368 3009 penna
3390 2951 3417 2978 ι
3443 2945 3606 2997 volat.

2301 3024 2597 3095 Optandum
2618 3027 2805 3090 fuerat,
2830 3037 3106 3097 postquam
3134 3030 3247 3083 loca
3269 3040 3454 3085 cuncta
3476 3034 3766 3101 replesset.

2221 3148 2272 3212 ο
2372 3115 2591 3170 Tardius
2620 3116 2683 3169 ad
2715 3127 2931 3173 matrem
2960 3119 3043 3172 hic
3082 3118 3233 3173 dolor
3260 3122 3361 3174 iret
3386 3120 3508 3176 iter.

2302 3206 2406 3262 Sed
2438 3206 2577 3275 quod
2609 3206 2745 3260 fama
2779 3208 2958 3275 refert,
2986 3210 3074 3279 qui
3106 3211 3219 3277 plus
3244 3222 3406 3278 amat,
3436 3220 3491 3267 et
3520 3215 3679 3283 prius
3704 3214 3856 3281 audit,

2369 3298 2445 3352 Ac
2468 3298 2681 3353 dubium
2712 3301 2902 3366 credit,
2934 3302 3091 3356 dante
3121 3303 3318 3357 timore
3350 3302 3533 3360 fidem.

2298 3388 2414 3443 Mox
2447 3392 2601 3460 igitur
2628 3392 2811 3446 matris
2839 3392 3074 3458 iaculans
3102 3394 3255 3448 dolor
3274 3396 3447 3465 attigit
3472 3412 3662 3466 aures,

2368 3480 2533 3535 Anxia
2559 3483 2765 3536 succiso
2792 3482 2988 3550 poplite
3016 3484 3158 3552 lapsa
3188 3484 3288 3538 fuit
3314 3485 3486 3559 fruit}.

2294 3570 2483 3624 Audita
2506 3570 2574 3626 de
2595 3580 2765 3626 morte
2793 3588 2894 3626 una
2923 3587 3065 3627 mors
3096 3574 3259 3628 altera
3288 3578 3483 3643 pulsat,

2365 3660 2428 3713 Et
2457 3674 2587 3727 pene
2612 3661 2856 3716 incolumi
2884 3677 3107 3731 corpore
3129 3672 3153 3701 ο
3176 3663 3331 3719 funus
3352 3676 3484 3722 erat.

2243 3777 2251 3786 -
2298 3750 2499 3804 Pallida
2524 3753 2721 3805 suffuso
2748 3761 2872 3805 tunc
2896 3752 3208 3808 Goisuintha
3236 3756 3451 3823 rubore,

2362 3838 2586 3891 Molliter
2618 3839 2732 3892 haec
2757 3842 2929 3892 anima
2960 3842 3045 3893 vix
3076 3844 3333 3898 redeunte
3361 3830 3526 3900 refert
3553 3862 3569 3899 :

2292 3922 2495 3977 Siccine
2524 3940 2607 3978 me
2637 3934 2817 3979 tenero
2843 3938 2980 3980 naue
3009 3930 3218 3981 solabar
3245 3945 3442 3996 amore,

2365 4013 2428 4069 Ut
2448 4029 2560 4069 mea
2590 4030 2724 4069 nunc
2752 4018 2965 4085 gravius
2995 4017 3195 4072 viscera
3221 4022 3404 4075 vulnus
3436 4031 3464 4070 Ρ
3488 4026 3652 4077 aret?

2290 4107 2345 4163 Si
2373 4115 2605 4161 nostrum
2629 4107 2736 4177 jam
2768 4108 2943 4163 lumen
2973 4111 3082 4165 obit
3107 4120 3155 4175 ιι,
3186 4112 3227 4165 si
3252 4122 3368 4167 nata
3392 4117 3642 4180 recessit,

2364 4208 2385 4235 τ
2414 4198 2549 4266 Quid
2573 4214 2657 4254 me
2682 4199 2746 4254 ad
2777 4200 2871 4255 bas
2902 4200 3161 4269 lacrymas
3185 4203 3360 4258 invida
3385 4204 3488 4259 vita
3516 4207 3715 4265 tenes?

2216 4483 2271 4545 Ῑ)
2368 4467 2393 4504 κ
2436 4466 2575 4545 Εόῑζ.
2610 4466 2759 4545 ﬁrm,
2815 4468 3302 4545 fycftnut__ttcnil_ad
3349 4471 3668 4545 obsequium.
3714 4473 3831 4545 San-

2292 4546 2406 4592 ctus
2432 4537 2587 4609 Grcg.
2628 4537 2862 4604 Turon.’,
2904 4540 3018 4594 L'IV
3044 4540 3171 4595 Hist.
3207 4540 3395 4601 Franc.
3416 4587 3430 4609 ,
3467 4537 3519 4597 c.
3551 4543 3656 4610 28,
3685 4544 3831 4600 refert

2286 4619 2572 4681 ostentum,
2604 4609 2741 4675 quod
2777 4610 3208 4681 bicmemoratur
3226 4627 3255 4663 a
3282 4611 3598 4681 Fortunato,
3626 4609 3678 4670 et
3698 4615 3827 4669 addit

2288 4678 2532 4747 lychnum
2564 4694 2591 4730 e
2616 4680 2825 4731 sublimi
2856 4679 3147 4745 delapsum,
3179 4695 3281 4733 non
3308 4682 3466 4737 modo
3506 4678 3825 4739 confractum

2286 4763 2387 4800 non
2438 4749 2638 4814 fuisse,
2671 4750 2758 4801 sed
2797 4759 2955 4817 etiam
2984 4752 3050 4803 ita
3076 4766 3105 4804 a
3139 4752 3433 4817 pavimento
3484 4754 3649 4808 fuisse
3687 4768 3826 4808 exce-

2285 4829 2452 4935 ptum,
2479 4830 2551 4896 ut,
2576 4817 2793 4871 cedente
2820 4817 2974 4886 hujus
3004 4820 3217 4885 duritie,
3266 4821 3468 4873 medius
3506 4821 3622 4890 jam
3664 4822 3823 4877 defos-

2285 4901 2371 4935 SIIS
2421 4896 2572 4935 IIt‘fI'Il.

2283 4901 2371 4938 sus
2400 4888 2572 4937 fuerit.

2358 4951 2377 4987 ι
2424 4953 2561 5005 Etlit.
2590 4952 2743 5016 νειμ,
2769 4971 2858 5007 ora
2885 4972 3027 5008 sono.

2352 5029 2387 5055 ω
2419 5019 2557 5072 Edit.
2592 5020 2721 5074 Ven.
2754 5032 2807 5075 et
2833 5028 2934 5078 duo
2963 5022 3127 5077 Codd.
3156 5022 3255 5075 Vat
3284 5041 3296 5074 :

2406 5107 2558 5167 Quale
2581 5119 2769 5168 precata
2793 5109 2875 5169 fui,
2906 5123 2997 5159 non
3023 5116 3174 5168 magis
3202 5110 3315 5160 illud
3341 5113 3452 5163 iter.

2286 5190 2505 5245 Videtur
2526 5191 2871 5268 Brunichildis
2900 5193 3177 5268 scripsisse
3197 5194 3267 5268 ad
3312 5209 3556 5268 sororem
3581 5236 3599 5262 ,
3624 5211 3726 5268 quo
3757 5202 3813 5254 ad

2282 5275 2339 5314 se
2371 5267 2593 5331 veniret,
2621 5260 2688 5312 de
2718 5261 2883 5331 reditu
2912 5265 2963 5314 in
2996 5264 3297 5331 Hispaniam
3325 5260 3604 5320 collatura.

2351 5338 2380 5366 η
2424 5330 2569 5385 Unus
2596 5330 2724 5383 Cod.
2758 5327 2895 5394 νει..
2929 5327 3261 5393 pinna—uolat.

2354 5410 2378 5435 °
2422 5401 2566 5461 fidit.
2591 5398 2745 5465 Ven.,
2796 5402 3037 5455 incolumi
3071 5403 3266 5472 funere.
3324 5402 3479 5460 {unus
3530 5417 3661 5476 erat.
3703 5422 3805 5466 σοι.

2281 5480 2549 5593 mgui‘idit.
2582 5539 2763 5604 Paris.,
2791 5540 2901 5592 alit.

2346 5619 2373 5658 ιι
2415 5611 2552 5662 Edit.
2589 5608 2737 5671 Ven.,
2770 5611 2937 5662 tunica
2966 5609 3092 5664 abit.

2348 5687 2368 5714 ³⁵
2413 5679 2552 5731 Edit.
2586 5678 2770 5741 Paris.,
2795 5682 2868 5729 sic
2902 5678 3027 5745 legit
3071 5678 3208 5733 hunc
3253 5693 3461 5739 venum
3491 5701 3508 5739 ε

2407 5756 2502 5809 Has
2528 5757 2584 5806 ad
2608 5757 2721 5817 quid
2742 5754 2969 5817 lacrymas
2985 5758 3143 5808 invida
3163 5770 3243 5811 me
3266 5762 3459 5819 recitas.
