3952 6222
1173 300 1492 356 ΥΕΝΛΝΤΙΙ
1535 300 1688 370 IION.
1731 299 1936 354 CLEM.
1979 299 2040 353 Ρ(

2164 299 2366 357 UNATI
2407 301 2682 357 OPERUM
2725 301 2896 357 PARS
2936 304 2977 357 ῐ.
3631 301 3715 357 56

466 305 569 365 255

535 415 678 483 regio
722 412 1037 481 patrimonio
1088 410 1241 465 fidem
1282 427 1344 466 ac
1391 411 1716 471 diligentiam
1749 425 2023 466 commen-
2054 418 2100 470 Α
2130 414 2381 468 Attonitis
2410 415 2603 468 animis
2632 430 2728 482 ego
2768 431 2858 482 per
2889 434 3005 478 v.2..-
3198 457 3212 465 .

533 481 693 550 duini
2200 502 2457 550 Nullanue
2496 504 2725 550 suscipio
2754 506 2898 550 signa
2931 516 3093 550 ruma
3124 519 3202 550 ma

570 493 639 536 ill.
656 521 666 534 .

470 597 526 650 Si
556 605 702 668 proni
731 599 904 647 verbis
928 592 1149 647 affectus
1181 602 1360 662 posset
1387 594 1646 662 amantis,

541 682 787 736 Carmina
811 683 958 750 plura
991 683 1080 737 tibi
1107 683 1291 751 pagina
1323 693 1496 738 nostra
1524 684 1695 740 daret.

476 774 579 829 Sed
609 774 748 841 quod
780 773 848 828 ab
877 789 971 830 ore
1002 775 1142 845 loqui
1173 789 1400 842 nequeo,
1433 776 1570 842 quod
1602 786 1816 848 pectore
1842 783 2026 846 gesto,
2061 752 2065 756 i

541 861 622 917 Sit
648 864 776 916 satis
805 851 870 918 ex
897 863 1072 917 multis
1103 863 1184 918 vel
1207 865 1367 919 modo
1394 880 1556 933 pauca
1585 865 1722 920 dari.

469 954 599 1008 Nam
625 953 671 1007 si
696 954 952 1021 respicias
975 961 1153 1009 votum
1189 969 1284 1024 per
1311 959 1468 1010 verba
1499 957 1736 1017 canentis
1757 995 1772 1022 ,

544 1043 827 1098 Malueram
859 1043 1051 1112 majus,
1085 1046 1174 1112 qui
1205 1044 1298 1102 tibi
1329 1060 1486 1114 parva
1511 1045 1647 1101 fero.

470 1132 773 1202 Aspicimus
802 1147 1015 1191 sensum
1049 1141 1213 1190 totum
1245 1135 1297 1190 in
1326 1134 1605 1192 dulcedine
1637 1134 1808 1189 fusum
1833 1176 1849 1200 ,

543 1226 799 1296 Quogsine
828 1227 969 1281 nube
995 1225 1125 1294 doli,
1156 1227 1317 1286 corde
1342 1236 1366 1263 ⁸
1395 1243 1579 1283 serena
1611 1229 1827 1289 micant.

477 1315 616 1369 Puro
648 1315 794 1368 fonte
822 1316 1017 1384 rigans,
1054 1322 1236 1370 nectar
1259 1316 1328 1370 de
1355 1314 1508 1370 fauce
1529 1316 1817 1383 redundat,

544 1403 713 1471 Cujus
741 1406 901 1458 verba
933 1403 1102 1459 libens
1129 1414 1343 1472 pectore
1361 1444 1376 1470 ,
1402 1404 1562 1459 corde
1590 1404 1736 1460 bibo.

469 1488 764 1558 Providus,
798 1502 1047 1559 exertus,
1080 1477 1307 1562 viligans
1327 1533 1341 1557 ,
1371 1493 1694 1563 moderatus,
1728 1495 1996 1558 honestus,

539 1582 951 1638 Condimentum
988 1584 1179 1638 animae
1206 1599 1360 1640 mens
1391 1595 1476 1640 tua
1502 1600 1714 1655 semper
1743 1586 1923 1642 habet.

469 1670 688 1739 Regina:
717 1672 944 1743 egregia:
977 1674 1292 1740 patrimonia
1317 1676 1460 1728 celsa
1489 1675 1749 1745 gubernas
1769 1716 1784 1740 ,

541 1765 668 1831 Quae
697 1763 786 1826 tibi
810 1766 1112 1829 commisit,
1140 1767 1309 1823 sensit
1338 1766 1530 1835 ubique
1556 1767 1732 1821 fidem.
1801 1807 1803 1811 .

475 1853 642 1909 Nemo
669 1856 769 1924 pias
800 1864 1008 1923 poterat
1044 1857 1243 1923 reginae
1270 1855 1298 1894 ¹³
1326 1856 1539 1911 charior
1565 1872 1687 1912 esse
1704 1897 1721 1921 ,

545 1944 716 2010 Quam
746 1944 832 2014 qui
863 1958 959 2014 pro
985 1943 1186 2000 meritis
1209 1945 1326 1999 talis
1351 1954 1405 2000 et
1435 1946 1545 2015 ipse
1576 1946 1730 2000 foret.
1781 1980 1792 1989 ς

473 2035 736 2100 Gundari,
766 2037 927 2105 longo
955 2036 1136 2106 vigeas
1163 2036 1451 2105 placiturus
1483 2038 1533 2091 in
1560 2053 1701 2102 aevo,

547 2125 784 2195 Coniuge
812 2116 933 2180 cum
966 2126 1179 2195 propria
1208 2128 1326 2182 luce
1354 2143 1588 2196 perenne
1619 2142 1857 2182 manens.

1033 2234 1256 2293 CAPUT
1296 2238 1480 2291 XVIII.

1087 2346 1164 2396 Ad
1197 2344 1454 2398 Flavum.‘

471 2453 673 2524 [suam
721 2451 777 2524 in
813 2451 1407 2524 Flavumsedulitatem
1459 2469 1521 2508 ac
1575 2456 1624 2508 in
1665 2455 1930 2508 mittendis
1971 2456 2036 2510 ad

541 2522 714 2588 ipsum
737 2520 947 2576 litteris.
968 2523 1298 2592 diligentiam
1330 2535 1746 2586 commemorat;
1781 2534 1888 2577 tum
1917 2539 2036 2578 eum

543 2592 713 2645 amice
761 2593 999 2655 incusat,
1030 2593 1170 2660 quod
1218 2593 1348 2652 nihil
1380 2594 1448 2646 ad
1480 2608 1601 2648 sese
1633 2595 1922 2646 litterarum
1951 2609 2037 2649 re-

545 2663 754 2741 mittat,
784 2671 1034 2741 rogatque
1065 2672 1123 2717 ut
1153 2663 1582 2733 quovisdemuiu
1605 2663 1832 2718 lubuerit
1853 2666 2034 2731 modo,

541 2730 605 2784 ad
628 2745 685 2784 se
706 2730 975 2786 rescribat.
999 2731 1018 2803 ]

477 2821 558 2879 Ad
588 2822 807 2877 charum
839 2823 995 2877 toties
1026 2837 1143 2878 mea
1175 2824 1345 2894 pergit
1363 2824 1582 2893 epistola
1610 2824 1864 2890 Flavum,

545 2912 633 2967 Sic
662 2920 842 2966 monet
867 2912 1056 2966 officiis
1082 2912 1270 2967 sedula
1297 2927 1424 2967 cura
1452 2913 1614 2979 loqui.

479 2999 627 3054 Nunc
649 3014 861 3068 quoque
891 2999 1157 3065 prosaico,
1183 2998 1341 3053 modo
1362 2999 1580 3054 mittens
1601 3000 1834 3056 carmina
1859 3014 2036 3068 verse,

550 3087 804 3140 Blandior
830 3085 1011 3138 afflatu
1044 3097 1067 3124 ε
1095 3084 1270 3140 debita
1297 3086 1453 3142 solvit
1473 3102 1644 3143 amor.

482 3178 620 3244 Quin
647 3175 738 3228 tibi
767 3187 929 3241 pauca
960 3171 1120 3240 ferat,
1147 3176 1237 3244 qui
1261 3177 1374 3231 vult
1400 3177 1504 3233 iter
1529 3178 1607 3234 ire
1635 3178 1824 3242 viator,
1864 3245 1867 3248 _

556 3264 722 3318 Nemo
749 3263 876 3319 mihi
906 3265 1060 3318 tacite
1084 3266 1484 3334 pretereundus
1509 3268 1637 3322 abit.

480 3352 662 3416 Fmtus
685 3352 712 3390 ⁸
745 3351 990 3411 amiticiaa
1019 3361 1094 3418 te,
1121 3362 1178 3407 ut
1204 3354 1412 3423 pagina,
1438 3369 1580 3425 szrpe
1603 3355 1825 3425 requirit
1853 3366 1902 3420 ο,

551 3444 618 3498 Et
643 3444 687 3498 si
717 3442 798 3497 vir
821 3441 962 3498 desit
988 3441 1007 3485 ι
1044 3442 1267 3513 portitor
1290 3453 1339 3511 ε,
1369 3459 1497 3500 aura
1531 3445 1727 3515 placet.

545 3606 572 3641 ι
609 3597 982 3664 Edit.\’en.,et
1002 3613 1137 3653 unus
1157 3597 1441 3664 Cod.Vat.,
1456 3599 1610 3654 corda
1631 3615 1807 3655 serena
1832 3601 2041 3667 micant,

472 3668 614 3737 quod
647 3671 834 3735 placet.

547 3736 574 3775 δ
614 3741 692 3790 An
737 3737 848 3788 haec
890 3735 1301 3789 Theodechildis
1336 3737 1521 3804 regina
1568 3735 1734 3791 fuisse
1773 3739 2039 3793 censenda

477 3814 582 3870 est,
615 3804 764 3872 cujus
791 3805 1036 3872 pietatem
1082 3805 1294 3872 egregie
1342 3804 1520 3857 laudat
1561 3804 1886 3859 Fortunatus
1908 3847 1921 3868 ,
1948 3806 2044 3861 lib.

480 3889 556 3940 vi,
585 3871 714 3952 cap.
726 3873 780 3938 5,
810 3871 959 3940 cujus
988 3871 1352 3951 forte’negotia
1395 3873 1611 3940 gerebat
1638 3874 2013 3930 Gundoarius?

517 4011 525 4012 ί
557 3954 579 3982 α
619 3942 760 4012 Edtt.
789 3941 920 4012 Ven.
947 3985 962 4009 ,
1006 3941 1239 3995 blandior
1267 3941 1444 4009 e/fectu
1470 3960 1486 4008 ;
1531 3943 1755 4000 fortasse
1781 3985 1797 4012 ,
1833 3943 2019 4012 olfactu

483 3980 969 4075 υηίιεωὸὁὶιζῦξὶᾇ
1001 3980 1235 4065 ῐίιῖὶἰέἓέἓ
1267 3980 1486 4080 ἵῧγῖἇίἱῗ
1531 3980 1797 4012 ’””“”””’
1833 3980 2043 4012 ”¹¹“”“”’

553 4081 577 4118 ἀ
618 4082 752 4135 Tres
776 4082 944 4134 Codd.
981 4082 1120 4143 Vat.,
1154 4087 1289 4150 [olus
1316 4083 1574 4137 amicitiae.

556 4161 582 4223 ξ
621 4151 765 4223 ﬁdit.
800 4151 1011 4223 Venuet
1032 4165 1168 4223 unus
1197 4152 1325 4223 Cod.
1352 4151 1494 4214 Vat.,
1526 4153 1713 4223 pagina
1734 4155 1974 4222 requirat.

448 4273 451 4275 _
556 4219 577 4256 ί
619 4221 674 4272 In
709 4220 839 4288 Ven.
869 4218 1008 4288 Edit.
1034 4218 1409 4288 interpungitttr
1434 4218 1556 4271 ante
1576 4218 1812 4285 portitor.

559 4299 584 4356 tt
625 4290 770 4356 illius
798 4286 929 4356 Cod.
967 4285 1107 4348 Vat.,
1148 4285 1313 4356 potior
1338 4305 1466 4340 aura
1498 4289 1678 4354 placet.

550 4353 583 4394 ι
613 4355 764 4426 .Edit.
799 4355 956 4426 νειμ,
987 4353 1157 4426 nubila
1179 4358 1362 4426 pendo.

2064 1755 2116 1815 Β
2183 1740 2186 1742 ,

2199 502 2457 571 Nullaque
2496 504 2725 569 suscipio
2754 506 2898 572 signa
2931 516 3094 559 iusta
3124 519 3300 558 manu.

2129 593 2209 648 An
2241 593 2332 648 tibi
2362 593 2544 648 charta
2580 609 2762 663 parum
2794 596 3068 664 peregrina
3113 608 3289 649 merce
3314 603 3517 650 rotatur
3545 595 3577 647 ἳ

2201 682 2316 736 Non
2343 691 2491 736 amor
2518 693 2798 752 extorquet
2819 684 2960 753 quod
2982 697 3151 752 neque
3181 694 3391 749 tempus
3417 682 3584 738 habet
3603 679 3633 740 ἲ

2129 772 2374 828 Scribere
2398 789 2504 843 quo
2533 778 2725 842 possis,
2746 774 3007 842 discingat
3030 772 3192 829 fascia
3225 773 3241 811 ί
3268 773 3471 846 fagum.

2199 866 2407 923 Cortice
2445 868 2588 923 dicta
2616 869 2716 938 legi
2739 868 2796 921 fit
2823 867 2951 922 mihi
2972 867 3128 921 dulce
3151 867 3245 923 tui.

2136 962 2214 1014 An
2241 968 2327 1013 tua
2357 960 2668 1013 Romuleum
2702 959 2906 1013 fastidit
2943 958 3118 1029 lingua
3143 972 3418 1016 susurrum
3440 959 3471 1011 τι
3521 963 3528 971 ’

2198 1049 2387 1115 Quaeso
2411 1049 2494 1102 vel
2525 1048 2793 1105 Hebraicis
2816 1048 3024 1103 reddito
3053 1048 3208 1104 verba
3239 1049 3400 1104 notis.

2113 1137 2328 1190 .Doctus
2356 1136 2696 1192 Achaeminiis
2730 1139 2742 1187 l
2779 1139 2979 1206 qumvis
3017 1132 3325 1205 perscribito
3347 1137 3516 1207 signis
3536 1179 3556 1204 ,

2203 1232 2307 1281 Aut
2333 1227 2779 1295 magis-Argolico
2820 1241 2989 1296 pange
3018 1241 3209 1280 canora
3239 1227 3430 1295 s0pho.

2137 1315 2364 1370 Barbara
2390 1316 2641 1370 frasincis
2667 1315 2909 1385 pingalur
2937 1330 3070 1370 ruua
3101 1314 3125 1352 ¹ί
3158 1316 3364 1370 tabellis
3392 1356 3408 1381 ,

2203 1407 2464 1474 Quodque
2489 1423 2721 1478 papyrus
2742 1409 2872 1476 agit,
2903 1406 3103 1475 virgula
3134 1407 3285 1475 plana
3323 1407 3485 1460 valet.

2136 1498 2331 1567 Pagina
2361 1499 2445 1568 vel
2468 1497 2651 1553 redeat
2679 1498 2966 1566 perscripta
2993 1496 3209 1552 dolatile
3233 1496 3252 1534 ι
3294 1496 3475 1552 charta

2204 1587 2355 1654 Quod
2381 1587 2542 1657 relegi
2576 1587 2810 1656 poterit,
2840 1586 3039 1641 fructus
3067 1586 3295 1640 amantis
3319 1585 3441 1640 erit.

2706 1717 2928 1773 CAPUT
2965 1717 3104 1777 XIX.

2573 1830 2650 1880 Ad
2675 1827 2893 1882 Flavum
2913 1840 2957 1880 et
2986 1828 3246 1880 Et'odiunt.

2139 1942 2156 2012 [_
2181 1940 2329 1994 Flavi
2349 1950 2401 1993 et
2427 1939 2610 2012 Evodii
2644 1939 2863 1994 fratrum
2903 1955 3207 2008 germanam
3268 1942 3319 1994 in
3359 1941 3544 1994 eadem
3579 1954 3722 1996 cor-

2208 2025 2390 2078 porum
2413 2010 2756 2064 similitudine
2779 2011 3090 2065 charitatem
3115 2021 3169 2064 et
3186 2012 3523 2065 concordiam
3547 2026 3718 2065 com-

2211 2079 2424 2133 mendat
2443 2120 2457 2144 ,
2487 2081 2676 2148 quibus
2703 2095 2761 2133 se
2793 2082 3006 2138 tertium
3038 2080 3272 2134 additum
3300 2094 3422 2138 esse
3442 2079 3715 2143 afﬁrmat,

2207 2164 2268 2202 ac
2296 2149 2463 2216 poscit
2494 2147 2550 2201 ut
2592 2150 2655 2201 ad
2694 2147 2830 2202 hunc
2858 2163 3094 2203 amorem
3125 2152 3321 2203 arctius
3359 2151 3723 2204 vincieudnm

2211 2215 2608 2273 vel’litterarum
2635 2219 2891 2286 colloquia
2916 2215 3221 2286 accedant.)

2138 2355 2304 2422 Quam
2335 2354 2473 2407 bene
2505 2351 2826 2406 conveniunt
2849 2350 3054 2417 genitor
3080 2363 3214 2418 quos
3257 2349 3471 2404 sustulit
3493 2364 3636 2407 unus
3659 2391 3680 2414 .

2209 2444 2263 2498 Si
2289 2442 2444 2496 simul
2471 2441 2566 2495 hos
2584 2456 2745 2494 unum
2769 2449 2956 2508 pectus
2984 2449 3236 2509 utrosque
3274 2441 3455 2495 tenet?

2143 2531 2444 2586 Visceribus
2473 2540 2512 2567 ιι
2539 2531 2724 2585 iisdem
2754 2531 2959 2599 genitos
2984 2529 3204 2583 Flavum
3238 2529 3641 2599 liv-odiumquel

2214 2620 2439 2675 Prorsus
2469 2632 2650 2674 amore
2679 2633 2784 2673 uno
2814 2619 3020 2672 viscera
3048 2628 3227 2671 nostra
3253 2625 3455 2688 tegunt.

2141 2710 2288 2763 Alter
2320 2709 2369 2762 in
2396 2707 2616 2761 alterius
2645 2704 2777 2763 mihi.
2802 2706 2918 2760 visu
2949 2705 3096 2759 visus
3124 2703 3368 2770 habetur,

2214 2802 2280 2854 Et
2304 2801 2482 2854 fratris
2512 2800 2743 2866 speciem
2778 2797 2956 2849 fratris
2983 2795 3156 2863 imago
3178 2795 3346 2852 dedit.

2145 2890 2310 2944 Unius
2338 2904 2402 2943 ex
2437 2889 2571 2941 facie
2597 2886 2757 2939 facies
2783 2883 2908 2937 mihi
2939 2891 3060 2937 nota
3093 2882 3310 2936 secundi
3331 2921 3353 2947 ι

2211 2979 2301 3034 Sic
2326 2977 2543 3048 speculo
2571 2977 2799 3032 similem
2825 2975 2991 3029 forma
3023 2987 3262 3041 repressa
3301 2970 3484 3034 refert.

2066 3079 2110 3140 α
2146 3067 2284 3139 Ergo
2312 3069 2424 3138 pari
2454 3058 2578 3124 voto
2607 3067 2820 3137 paribus
2858 3066 2990 3120 dans
3019 3073 3138 3118 vota
3165 3063 3380 3126 salutis,

2211 3160 2413 3216 Ambos
2441 3159 2578 3214 inter
2603 3171 2704 3229 ego
2733 3156 2921 3211 tertius
2960 3155 3095 3210 alter
3126 3167 3243 3210 ero.

2141 3248 2254 3304 Hoc
2278 3250 2496 3318 cupiens
2515 3287 2530 3312 ,
2560 3258 2617 3303 ut
2642 3261 2777 3316 quos
2800 3245 2974 3300 charis
3001 3245 3333 3312 amplexibus
3360 3243 3502 3298 idem

2213 3335 2345 3392 Tres
2365 3351 2516 3396 amor
2543 3348 2681 3396 unus
2708 3334 2893 3400 habet,
2921 3347 3016 3388 nos
3042 3347 3251 3408 quoque
3272 3333 3454 3388 charta
3485 3331 3644 3402 liget.

2142 3612 2299 3667 quem
2333 3597 2613 3656 Anthemio
2635 3595 2910 3673 recitavit,
2940 3592 3122 3648 dicat:

2269 3707 2464 3756 Interea
2486 3713 2557 3759 te.
2579 3706 2721 3764 Susa,
2745 3711 2977 3760 tremunt,
2999 3716 3054 3752 ac
3069 3706 3289 3764 supplice
3311 3699 3432 3754 cultu

2270 3765 2446 3815 Flectit
2466 3765 2812 3813 Achemenius
2832 3764 3042 3812 lunatam
3069 3765 3216 3813 Persa
3238 3767 3425 3815 tiaram.
3488 3819 3495 3826 ,

2143 3868 2277 3922 Cum
2304 3877 2481 3922 autem
2528 3877 2634 3920 tam
2669 3875 2909 3934 apertum
2951 3866 3157 3920 Sidonii
3206 3869 3568 3923 testimonium
3618 3871 3719 3924 Ila-

2147 3938 2364 3992 boamus
2388 3977 2404 4000 ,
2435 3935 2558 4003 quid
2586 3949 2720 4003 opus
2744 3943 2827 3989 est
2873 3943 2929 3988 ut
2957 3934 3294 4002 conjecturas
3338 3950 3671 4004 aucupentur
3693 3940 3718 3992 τ

2145 4008 2302 4062 Certe
2349 4007 2667 4067 Herodotus,
2685 4005 2789 4077 _l_ib.
2818 4017 2876 4056 ιιι
2896 4043 2913 4068 ,
2929 4003 3258 4077 principem
3285 4003 3504 4077 generis
3541 4005 3674 4077 Cyri
3698 4047 3715 4072 ,

2146 4079 2520 4134 Achaemenem
2545 4075 2777 4143 appellat
2801 4117 2816 4141 ,
2845 4083 2898 4127 et
2927 4073 3119 4126 Persas
3167 4073 3613 4143 Achzmenidas',
3659 4086 3722 4131 ut

2147 4151 2272 4205 inde
2301 4148 2382 4200 vel
2413 4142 2626 4200 litteras
2653 4143 3020 4199 Achemenias
3049 4157 3146 4210 pro
3173 4142 3403 4198 Persicis
3429 4155 3717 4212 usurpatas

2147 4222 2216 4274 sit
2242 4215 2670 4270 existimandum.
3403 4223 3410 4233 ι

2220 4287 2241 4324 ι
2285 4287 2416 4340 Dani
2462 4287 2660 4339 litteras
2690 4298 2813 4338 suas
2857 4298 3016 4335 rimas
3064 4281 3442 4352 appellabant:
3485 4294 3716 4350 quaram

2149 4355 2794 4426 quibusdamuutebantur
2828 4352 2903 4426 ad
2933 4365 3024 4406 res
3057 4363 3234 4426 gestas
3255 4352 3481 4426 _‘_s_c_ripto
3525 4352 3716 4426 consi-

558 4436 580 4502 ξ
617 4423 856 4494 Hujusce
876 4414 1087 4502 obscuri
1118 4414 1217 4502 loci
1235 4427 1331 4502 _hic
1352 4428 1557 4502 videtur
1587 4442 1706 4502 esse
1726 4441 1942 4502 sensus;
1975 4444 2042 4483 an
2074 4414 2128 4474 Ῑ)
2149 4414 2560 4502 g'tiandas,.alias
2588 4424 2800 4502 magicis
2827 4424 2884 4502 in_
2906 4414 3185 4502 praestigiis
3206 4414 3548 4502 adhibebant.
3581 4419 3718 4502 Ense

479 4495 679 4552 idcirco
701 4511 806 4548 non
826 4495 1019 4549 scribis
1038 4497 1177 4563 quod
1200 4497 1396 4550 charta:
1419 4498 1591 4565 inopia
1617 4499 1847 4552 laboras?
1875 4498 2044 4552 Char-

482 4577 531 4619 ta
561 4567 924 4637 veroisolebat
953 4568 1140 4637 rotari,
1169 4567 1311 4637 unde
1336 4579 1387 4620 et
1409 4568 1609 4620 ratttltts
1635 4568 1845 4622 videtur
1863 4571 2044 4637 appel-

477 4638 617 4700 lari,
650 4636 850 4707 charta
880 4635 1127 4707 videlicet
1166 4635 1217 4707 in
1247 4637 1427 4700 orbis,
1479 4653 1573 4690 seu
1622 4648 1786 4702 rotat,
1823 4635 2041 4707 figuram

480 4706 783 4770 convoluta.
825 4704 893 4757 At
921 4706 988 4766 si,
1031 4704 1225 4770 inquit,
1273 4721 1359 4759 res
1389 4707 1456 4758 ita
1484 4721 1542 4760 se
1573 4707 1762 4767 habet.
1788 4704 2041 4763 corticem

479 4791 511 4830 e
541 4776 680 4839 fago,
711 4789 817 4843 quo
841 4774 1016 4825 fascia:
1044 4774 1233 4844 instar
1252 4775 1476 4844 cingitur
1497 4817 1512 4837 ,
1545 4777 1830 4830 exscindas
1849 4817 1865 4838 ,
1907 4786 1963 4831 et
1990 4779 2043 4831 in

477 4842 994 4916 cortice,tanquam
1040 4842 1093 4896 in
1135 4842 1362 4910 charta,
1400 4846 1620 4900 scribas.
1668 4846 2042 4916 Edit._Paris.,

479 4914 638 4982 [ascia
663 4928 863 4980 sagum.
892 4981 918 4982 η
1006 4981 1011 4982 ί
1808 4913 1813 4919 ’

555 4984 568 5032 i
617 4981 945 5035 Achaemeniis
994 4981 1111 5046 (ait
1132 4981 1344 5050 Brow.)
1375 4982 1570 5044 habet.
1618 4990 1738 5038 cum
1776 4985 2045 5039 veteribus

484 5053 634 5106 libris
659 5096 674 5119 ,
727 5053 821 5102 his.
845 5051 1053 5119 Trevir.
1115 5050 1314 5104 Favent
1339 5053 1460 5106 huic
1501 5055 1710 5109 lectioni
1740 5055 1878 5107 Edit.
1913 5055 2040 5107 Ven.

482 5131 539 5174 et
565 5118 672 5191 tres
697 5120 862 5191 Codd.
898 5118 1067 5191 Vatic.
1110 5121 1285 5191 _Signa
1324 5139 1440 5174 vero
1482 5125 1796 5177 Achtcmenia
1827 5124 2047 5191 (subdit

484 5191 622 5244 Idem
647 5188 846 5258 Bruw.)
885 5189 1071 5254 accipit
1101 5187 1310 5243 Persica
1329 5202 1418 5243 aut
1450 5192 1714 5247 Parthica.
1754 5187 1917 5247 Colon
1946 5194 2042 5247 Ms.

488 5259 657 5316 refert
683 5268 731 5310 et
759 5261 1068 5322 Ammoniis,
1098 5268 1158 5312 ut
1179 5258 1318 5312 idem
1340 5262 1409 5313 sit
1429 5262 1445 5327 (
1467 5265 1716 5328 opinatur
1743 5263 1880 5316 idem
1910 5263 2045 5317 Bro-

479 5344 661 5383 vverus
686 5329 703 5394 )
733 5342 796 5380 ac
815 5329 1037 5382 obscuris
1079 5339 1128 5382 et
1154 5329 1410 5401 involutis.
1439 5333 1479 5382 A
1503 5332 1638 5387 Jove
1673 5333 1868 5401 quippe
1912 5337 2045 5385 Am-

481 5414 640 5453 mone
686 5411 803 5450 eam
830 5413 1030 5470 _vo_cem
1075 5409 1224 5467 putat
1251 5399 1594 5470 iderivfatam,
1639 5399 2045 5470 cujusbra-ula

481 5481 636 5522 erant
681 5470 733 5520 in
766 5465 949 5533 primis
973 5465 1214 5522 obscura.
1239 5469 1600 5530 Sangallensis
1623 5465 1719 5526 Ms:
1753 5471 1936 5525 Glossa
1962 5486 2046 5526 rc—

481 5539 617 5592 fert:
649 5536 998 5595 Acharmeniis,
1027 5537 1079 5589 id
1109 5550 1179 5591 cst
1207 5539 1518 5594 Chaldaicis.
1542 5539 1709 5594 -Addit
1741 5542 2041 5604 Browerus,

485 5608 530 5660 si
561 5610 707 5675 signa
731 5607 1075 5676 Achaemenia
1123 5624 1218 5674 pro
1253 5609 1482 5665 Persicis
1525 5610 1687 5676 signis
1731 5619 2044 5674 sumantur,

491 5677 689 5730 nullum
709 5675 926 5731 dubium
945 5678 1238 5751 rcmaucre,
1261 5696 1378 5739 cum
1402 5689 1454 5738 et
1472 5675 1656 5737 Siden.
1677 5680 1730 5736 in
1753 5680 2009 5752 I'ancgyr.
2029 5722 2044 5750 ,

2181 4511 2265 4550 em
2296 4493 2541 4547 solebant
2585 4490 2833 4560 oblongis
2873 4490 3430 4546 baculis'inscriberc.
3483 4490 3714 4560 Brynol-

2145 4567 2278 4632 phus
2305 4564 2355 4616 in
2382 4564 2520 4618 notis
2542 4561 2610 4614 ad
2790 4559 2952 4632 “58.;
2983 4560 3209 4632 Antiqui,
3240 4561 3314 4613 ait
3335 4601 3352 4624 ,
3376 4576 3494 4614 satas
3526 4559 3716 4632 rium,

2145 4628 2238 4689 hoc
2265 4642 2338 4689 est
2361 4632 2555 4686 litteras
2575 4630 2772 4684 tabellis
2799 4628 2978 4696 ligneis
3007 4631 3364 4683 commiserunt
3380 4670 3398 4696 ,
3421 4640 3527 4684 etc.
3553 4630 3716 4683 Plura

2146 4705 2305 4759 habet
2346 4703 2410 4756 ad
2437 4703 2572 4758 hanc
2620 4714 2802 4756 vocem
2837 4700 3058 4763 Brom;
3102 4715 3220 4769 quas
3252 4699 3406 4769 lege.
3453 4699 3714 4769 si__lubet.

2144 4777 2214 4828 At
2242 4775 2311 4828 cl.
2348 4773 2524 4836 Scipio
2555 4769 2791 4824 Maﬂ'eius
2836 4769 2888 4822 in
2936 4767 3230 4836 opere'cui
3275 4767 3458 4822 titulus
3509 4767 3717 4819 Verona

2143 4843 2422 4906 illustrem,
2447 4837 2718 4897 contendit
2739 4854 2802 4893 ex
2825 4837 3110 4901 Salmasio,
3131 4837 3201 4892 de
3222 4836 3454 4898 uellem,
3475 4845 3530 4906 et
3549 4836 3714 4891 ιω...

2146 4913 2305 4966 Petro
2355 4901 2624 4973 Ludovig,
2674 4909 2728 4961 in
2756 4907 3038 4960 introduct.
3089 4907 3166 4973 at;
3187 4901 3712 4973 metretasCi-acas,

2145 4981 2362 5035 easdem
2392 4993 2511 5032 esse
2539 4971 2740 5031 litteras
2766 4975 2997 5034 ruuicas,
3028 4986 3092 5026 ac
3118 4971 3333 5026 σπευδε
3360 4982 3412 5024 et
3442 4971 3557 5025 Lat.
3582 4972 3718 5026 Cer-

2148 5059 2200 5103 te
2229 5050 2313 5103 hic
2341 5064 2371 5101 a
2400 5048 2710 5106 Fortunato,
2737 5058 2765 5095 a
2795 5057 2902 5111 quo
2931 5043 3158 5108 primum
3181 5056 3273 5095 eas
3298 5042 3407 5094 vult
3427 5050 3715 5108 usurpatas

2146 5117 2330 5184 fuisse,
2357 5113 3343 5186 apertedistinguunturtpresertim
3393 5125 3514 5186 cum
3554 5125 3714 5168 rm

2147 5178 2384 5263 barbaras
2395 5178 2654 5263 appellet.
2684 5178 2836 5263 Illi—us
3020 5178 3349 5263 Vat..,‘l‘tabet
3377 5178 3564 5263 (hanc,
3588 5193 3714 5260 cum

2146 5247 2489 5328 aspiratione:
2525 5257 2664 5311 Idem
2689 5251 2822 5308 Cod.
2853 5251 2951 5305 Ms.
2980 5254 3148 5306 sancti
3172 5249 3421 5305 Germani
3447 5247 3713 5305 Parisien-

2146 5330 2240 5384 sis.
2299 5330 2422 5382 ltetn
2470 5328 2521 5380 in
2561 5325 2824 5381 veteribus
2871 5322 3020 5376 libris
3065 5321 3186 5375 aliis
3213 5319 3350 5372 hanc
3389 5331 3576 5388 vocem
3609 5319 3711 5388 legi

2147 5414 2267 5453 cum
2294 5397 2658 5466 aspirationeJ
2681 5391 3083 5466 animadvertit
3119 5390 3295 5443 Brovv.
3343 5388 3398 5466 Ιρ
3428 5387 3598 5466 Calar:
3631 5387 3711 5447 ai-

2147 5445 2267 5538 EE
2284 5445 2424 5538 iiii;
2445 5445 3029 5538 Yeni_vlidiit.irana_pro
3053 5445 3477 5538 mendose
3496 5445 3710 5538 legitur.

2227 5537 2241 5574 i
2290 5537 2525 5594 Dolatilis
2550 5536 2748 5588 charta:
2792 5531 3006 5587 nomine
3042 5528 3115 5583 nil
3145 5527 3286 5598 aliud
3313 5527 3521 5584 videtnr
3546 5527 3712 5598 signi.

2152 5607 2300 5661 ficari
2327 5621 2482 5673 quam
2516 5605 2689 5658 tabula
2714 5601 2780 5654 ad
2822 5614 2976 5673 usum
3007 5597 3272 5673 scribendi
3302 5598 3529 5657 edolata.

2221 5687 2259 5714 ω
2298 5667 2440 5733 Edit.
2474 5675 2628 5743 γεω..
2659 5670 2924 5727 visceribus
2945 5670 3138 5740 genitos
3173 5667 3354 5726 isdem.
