3952 6222
546 368 653 427 275
918 420 921 421 ν
1256 367 1577 425 VENANTII
1616 364 1770 422 NON.
1810 364 2017 421 CLEM.
2059 362 2449 423 FORTUNATI
2487 323 2765 429 OPERUM
2802 358 2979 416 PARS
3014 357 3057 413 ῐ.

2138 480 2191 541 Α
2224 473 2374 529 Alter
2402 473 2449 529 si
2478 473 2666 542 ploret,
2697 478 2895 535 currat,
2922 476 3048 536 stet,
3079 465 3299 547 gaudeat
3332 464 3536 530 infans,

548 481 701 551 Quod
729 482 873 549 prius
893 486 1001 543 est,
1030 480 1145 535 sine
1166 480 1321 534 sorde
1344 480 1504 544 uitet,
1537 474 1856 561 venerabilis
1882 474 2033 541 orbi,

622 576 832 630 Naturae
860 574 1136 644 proprium
1170 586 1272 626 non
1305 561 1541 625 vitiando
1568 570 1788 625 bonum.

553 666 800 735 Corporis
829 667 1047 719 illaesum
1076 679 1293 719 servans
1321 663 1553 730 pretiosa
1582 660 1839 714 talentum
1858 697 1874 723 ,

622 756 910 823 Perpetuas
942 756 1196 821 retinens,
1231 754 1409 809 nescia
1444 752 1576 805 furis
1598 793 1611 818 ,
1646 764 1794 819 opes.

555 844 668 901 Non
700 845 1127 914 premitincluso
1158 852 1183 880 ι
1217 844 1484 913 torpentia
1512 842 1716 895 viscera
1743 839 1877 906 fetu,

622 936 729 989 Aut
759 950 919 1004 grave
953 933 1088 989 facta
1114 935 1255 1003 jacet
1286 935 1507 1003 pignore
1530 942 1720 986 moesta
1749 945 1847 985 suo
1872 970 1887 997 ,

553 1022 699 1080 Inter
724 1025 1041 1079 anhelantes
1065 1026 1257 1079 animae
1281 1040 1377 1078 seu
1405 1018 1643 1092 corporis
1665 1031 1829 1077 aestus
1849 1062 1864 1090 ,

626 1115 681 1167 In
710 1115 867 1169 dubio
894 1116 1130 1183 pendens
1151 1115 1377 1168 stamine
1402 1114 1538 1168 fessa
1570 1112 1731 1167 salus.

555 1205 779 1272 Quando
808 1206 917 1259 suis
950 1206 1141 1275 jaculis
1170 1206 1305 1259 uteri
1338 1205 1528 1257 Iresura
1560 1202 1835 1267 tumescit,

627 1298 797 1363 Atque
818 1296 1103 1363 voluptatis
1128 1294 1366 1349 morbida
1390 1293 1581 1357 crescit
1608 1292 1837 1363 Ilydrus.

530 1383 707 1465 _Ultra
737 1385 965 1439 hominis
994 1385 1228 1439 habitum
1263 1384 1289 1423 ιδ
1320 1394 1523 1437 tantum
1545 1385 1690 1437 cutis
1722 1381 1881 1436 eﬂera
1914 1390 2121 1453 turget,

630 1475 700 1528 Ut
724 1476 916 1542 pudeat
948 1484 1171 1529 matrem
1199 1476 1321 1539 hoc,
1353 1476 1496 1541 quod
1529 1489 1710 1527 amore
1740 1476 1895 1541 gerit.

561 1566 632 1621 Se
663 1566 822 1635 fugit,
848 1576 899 1618 et
931 1568 1157 1635 propriis
1186 1565 1484 1633 verecunda
1518 1564 1826 1632 parentibus
1851 1561 2052 1624 aufert,

636 1660 812 1712 Donec
838 1658 1137 1725 depoSitum
1170 1660 1379 1711 sarcina
1411 1656 1581 1710 solvat
1609 1670 1765 1708 onus.

516 1806 519 1809 γ
563 1750 693 1817 Quis
723 1748 972 1819 gemitum
1004 1757 1184 1816 partus
1214 1748 1390 1801 verbis
1417 1761 1629 1813 aequare
1660 1744 1896 1799 valebit?

636 1845 744 1898 Aut
769 1842 853 1898 cui
885 1852 963 1895 tot
989 1842 1251 1909 lacrymas
1280 1840 1520 1893 carmine
1542 1838 1671 1891 ﬂere
1692 1836 1876 1891 vacet?

569 1932 701 1985 Cum
730 1944 823 1981 sua
852 1938 1110 1981 secretum
1141 1941 1398 1996 compago
1426 1926 1629 1978 relaxat
1663 1928 1684 1953 ε
1719 1926 2023 1986 honestum;

642 2026 811 2089 Atque
840 2020 1024 2074 dolore
1053 2021 1199 2088 gravi
1226 2022 1431 2073 viscera
1456 2018 1613 2072 fascis
1642 2018 1771 2085 agit.

573 2110 722 2166 Victa
754 2111 1067 2180 puerperio,
1102 2104 1457 2164 membforum
1490 2117 1637 2177 porta
1676 2104 1703 2144 ἀ
1744 2105 1987 2177 patescit,

612 2222 617 2227 ·
645 2199 763 2253 Exit
788 2210 842 2253 et
868 2200 934 2251 ad
965 2202 1132 2252 lucem
1167 2203 1274 2253 fors
1304 2199 1418 2251 sine
1442 2198 1558 2251 luce
1586 2212 1738 2264 puer.

572 2292 664 2347 Sin
698 2293 839 2345 vivat
867 2291 1075 2358 genitus
1105 2290 1329 2359 genitrix
1354 2330 1369 2354 ,
1413 2306 1471 2343 se
1501 2291 1685 2355 oblita,
1722 2288 1972 2358 requirit,

644 2384 834 2438 Tristis
862 2392 918 2437 et
946 2382 1011 2437 ad
1044 2394 1224 2435 natum
1249 2381 1446 2433 Iumina
1482 2392 1502 2417 ε
1524 2380 1671 2433 lassa
1706 2381 1884 2433 trahit.

512 2466 521 2473 ’
572 2472 810 2541 Respicit
840 2472 1161 2540 expositum,
1194 2470 1416 2538 necjam
1444 2485 1533 2523 sua
1567 2480 1756 2534 mater,
1787 2472 2057 2523 alumnum
2080 2508 2097 2537 ,

647 2561 776 2625 Quae
806 2559 889 2635 vis
918 2560 1043 2613 dum
1076 2561 1297 2628 peperit,
1335 2558 1446 2612 haec
1476 2561 1632 2621 modo
1662 2560 1818 2613 funus
1848 2559 2028 2613 habet.

580 2649 691 2704 Nec
716 2660 883 2703 mater
918 2648 935 2685 ί
971 2651 1167 2720 meruit
1198 2650 1354 2703 modo
1383 2649 1521 2730 haec,
1558 2664 1653 2703 nec
1680 2651 1826 2719 virgo
1856 2649 2062 2718 vocari,

646 2742 767 2797 Hae
797 2742 899 2795 duo
927 2741 1115 2795 damna
1146 2742 1354 2807 dolens,
1384 2758 1441 2797 se
1474 2742 1607 2795 mala
1643 2751 1800 2809 nupta
1833 2744 2025 2811 gemit.

577 2843 606 2906 _I
636 2834 766 2890 Nam
798 2834 971 2887 valido
994 2835 1163 2888 fuerat
1184 2835 1370 2889 matris
1397 2849 1519 2901 spes
1549 2846 1699 2904 rapta
1730 2835 1934 2890 dolore.
1990 2902 1999 2907 _

648 2926 755 2981 Nec
786 2927 909 2980 ﬂetu
940 2926 1045 2979 uati
1071 2941 1128 2979 se
1164 2924 1302 2979 fovet
1336 2925 1422 2978 illa
1453 2928 1552 2979 sui.

582 3015 695 3072 Non
721 3018 906 3071 charas
932 3017 1193 3087 lacrymas
1222 3017 1438 3071 infantis
1466 3017 1533 3069 ab
1564 3033 1656 3071 ore
1684 3020 1927 3073 resorbet
1952 3060 1966 3085 ,
2052 3030 2053 3033 ‘

652 3112 755 3161 Aut
784 3118 992 3162 teneras
1022 3122 1177 3161 voces
1201 3148 1215 3169 ,
1247 3109 1384 3161 lacte
1410 3108 1630 3174 ﬂuente,
1658 3110 1815 3176 rapit.

585 3198 773 3254 Tristis
801 3198 1067 3267 decrepito
1093 3198 1307 3250 damnat
1334 3213 1425 3252 sua
1458 3198 1656 3252 viscera
1686 3195 1713 3235 δ
1744 3200 1888 3255 luctu
1916 3240 1931 3265 ,

660 3285 679 3325 ί
715 3288 863 3355 Quod
890 3288 1052 3357 jacuit
1080 3298 1234 3342 natus
1254 3329 1268 3351 ,
1300 3288 1440 3342 heu!
1470 3288 1613 3343 dolet
1640 3289 1729 3343 ille
1759 3289 1922 3344 sinus.

588 3376 739 3441 Quod
766 3377 810 3427 si
840 3376 946 3427 vita
977 3387 1153 3427 manet
1181 3378 1351 3442 pueri,
1385 3392 1482 3428 nec
1504 3392 1711 3445 semper
1736 3378 1976 3433 habenda
2005 3421 2019 3445 ,

660 3462 873 3529 Incipiat
906 3471 1116 3515 teneros
1142 3468 1197 3515 ut
1220 3461 1347 3517 dare
1380 3476 1510 3516 voce
1539 3477 1697 3517 sonos
1729 3480 1741 3515 :

592 3551 905 3619 Imperfecta
937 3550 1085 3617 rudis
1110 3551 1365 3606 collidens
1394 3566 1665 3606 murmura
1698 3554 1885 3622 linguae
1906 3594 1922 3621 ,

656 3643 787 3698 Cum
816 3652 1035 3696 matrem
1064 3642 1200 3696 dulci
1228 3642 1377 3696 fauce
1406 3658 1655 3697 susurrus
1685 3645 1797 3698 alit.

590 3731 978 3797 Contingatque
1007 3730 1179 3794 nefas,
1209 3730 1447 3796 rapiatur
1476 3741 1687 3795 pectore
1717 3732 1933 3797 matris,

661 3819 810 3870 Aitas
838 3817 901 3869 ad
929 3816 1176 3869 damnum
1205 3816 1371 3869 crevit
1398 3816 1571 3870 adulta
1603 3835 1775 3873 suum.

592 3906 767 3961 Triste
797 3905 1066 3974 ﬂagellatis
1096 3902 1317 3975 genitrix
1346 3907 1525 3959 orbata
1559 3908 1787 3977 capillis,

662 3998 895 4050 Defuncti
927 3997 978 4050 in
1004 3997 1153 4051 labiis
1179 3999 1338 4070 ubera
1367 3999 1505 4053 sicca
1542 4002 1753 4067 premit.

594 4086 877 4142 lnfundens
901 4089 1163 4158 lacrymas
1188 4130 1203 4155 ,
1254 4089 1483 4145 lamenta
1513 4092 1793 4145 resuscitat
1822 4092 2032 4159 ardens,

669 4177 733 4229 Et
764 4177 992 4245 gelidum
1020 4192 1212 4246 corpus
1238 4218 1252 4242 ,
1300 4176 1439 4231 fonte
1472 4190 1705 4247 tepente,
1741 4182 1897 4237 lavat.
1970 4176 1985 4227 Ϊ

598 4265 861 4318 Dilacerat
889 4267 1097 4332 faciem,
1144 4268 1343 4320 crinem
1376 4271 1564 4334 aufert,
1598 4280 1811 4336 pectora
1844 4272 2040 4338 tundit,

669 4356 777 4408 Heu
811 4355 961 4409 dolor
990 4367 1243 4419 armatus,
1281 4359 1476 4412 sicsua
1511 4363 1751 4413 membra
1780 4362 1933 4415 ferit'

601 4444 656 4499 Si
689 4446 829 4499 videt
852 4448 1070 4501 alterius
1101 4453 1303 4513 natum,
1337 4464 1430 4503 sua
1464 4442 1675 4519 pignora
1707 4452 1881 4517 deﬂet,

669 4534 1053 4604 Equalemque
1084 4554 1237 4591 suum
1259 4540 1437 4593 tristis
1467 4541 1643 4595 obisse
1676 4545 1856 4612 gemit.

670 4696 694 4762 ξι
736 4686 888 4762 ρηυὲ
909 4688 1037 4743 Cod.
1068 4689 1214 4762 γνοίη
1248 4693 1496 4759 torpentia
1523 4694 1707 4747 viscera
1730 4696 1876 4762 ﬂetu.

666 4755 694 4794 δ
736 4758 831 4810 Ed.
864 4758 1005 4824 Par,,
1030 4761 1147 4811 vitio
1168 4755 1317 4813 cutis.

672 4838 693 4863 °
736 4826 831 4879 Ed.
866 4826 1007 4891 Pan,
1043 4840 1297 4883 onustum.

672 4895 697 4979 εξ
735 4896 1190 4979 EliuanOd.yat.,
1219 4912 1363 4979 porta,
1383 4904 1605 4972 (acescit.
1638 4902 1735 4959 Ed.
1765 4904 1907 4970 Par},
1941 4905 2152 4973 fatiscit.

673 4973 697 5034 ξ
735 4963 843 5034 Ed._
870 4966 1012 5029 Par.,
1042 4966 1173 5034 fessa
1198 4969 1342 5026 mihi.

678 5030 696 5068 ί
740 5032 957 5105 Eadem,
974 5030 1152 5089 meruit
1178 5040 1395 5105 demum,
1421 5059 1530 5098 nec.

675 5112 699 5149 tt
745 5102 1264 5180 H_icversustnancus
1282 5102 1614 5173 legebaturin
1632 5113 1874 5167 omnibus
1888 5130 2017 5170 mss.
2044 5116 2164 5180 qui-

605 5172 702 5241 bus
714 5172 883 5253 prim'o
897 5173 1314 5253 ususbrowerus
1334 5181 1521 5253 fuit._ln
1546 5182 1611 5235 iis
1629 5184 1820 5251 quippe
1836 5184 1911 5237 sic
1926 5172 2161 5253 iacebat:

818 5241 920 5290 Non
947 5242 1129 5290 validus
1151 5258 1264 5307 Spes
1283 5256 1423 5311 rapta
1442 5250 1611 5300 dolore

606 5307 675 5362 Et
700 5310 751 5361 in
778 5326 881 5381 uno
912 5314 1029 5365 Vat.
1061 5315 1137 5368 sic
1166 5307 1355 5381 legitur
1381 5338 1392 5371 :

818 5380 1055 5431 Invalidus
1076 5397 1193 5446 spes
1214 5380 1347 5445 rapta
1370 5386 1583 5438 dolores.

605 5448 1105 5533 sed__‘pps_terioriun
1138 5456 1464 5533 “beneficio,
1533 5473 1640 5514 suae
1687 5461 1832 5517 illum
1879 5460 2169 5533 integritati

604 5516 918 5579 restituisse,
946 5520 1110 5575 refert
1138 5524 1273 5583 idem
1300 5516 1475 5581 Brovr.

676 5584 702 5659 f1
728 5588 839 5659 ibid.
872 5588 1016 5654 PaL,
1036 5591 1200 5659 jactu.

679 5655 693 5692 ί
725 5653 859 5723 ’Μς.,
892 5674 1007 5727 quo.

679 5736 695 5775 ι
736 5718 856 5781 υθέ
884 5718 1071 5796 poema
1109 5718 1209 5804 sub
1243 5732 1365 5817 libri
1402 5735 1614 5821 nomine
1657 5739 1855 5812 primus
1896 5744 2059 5801 edidit
2095 5743 2156 5800 G.

2184 4541 2232 4601 υ

3592 340 3620 360 ⁸
3675 349 3773 406 2⁸16

2289 566 2424 618 Ante
2449 562 2633 618 oculos
2666 562 2771 616 nati
2802 560 2933 615 ludit
2963 559 3136 626 imago
3165 555 3265 611 sui.

2216 655 2385 722 Quem
2419 654 2581 709 semel
2614 652 2821 719 effudit,
2862 666 2954 721 per
2983 658 3176 706 cuncta
3210 655 3484 702 momenta
3537 644 3771 716 requirit,

2298 745 2405 799 Nec
2434 745 2642 799 miserat
2671 744 2858 797 matris
2891 726 3087 809 pendet
3109 739 3172 793 ad
3203 753 3295 793 ora
3322 753 3476 806 puer.

2216 837 2351 905 Quid
2386 838 2431 920 si
2462 836 2604 891 aliud
2634 836 2871 906 gravius,
2909 834 3171 919 moriatur
3200 842 3255 887 et
3287 831 3398 899 ipse
3422 827 3649 898 iugalis-

2288 915 2418 995 Qua:
2442 943 2575 981 nova
2606 935 2770 993 nupta
2804 914 2933 991 fuit,
2949 924 3058 992 jam
3093 922 3305 975 viduata
3332 920 3507 989 jacet.

2219 1021 2296 1076 De
2328 1019 2565 1074 thalamo
2594 1018 2662 1073 ad
2706 1016 2993 1084 tumulum,
3040 1016 3200 1070 modo
3249 1012 3498 1074 candida,
3537 1018 3646 1064 tam
3686 1009 3783 1065 cito

3618 1116 3780 1156 ωιηῖ

2316 1114 2317 1117 ‘
3618 1116 3667 1154 ni
3704 1116 3780 1156 ra'

2291 1205 2427 1259 Ante
2455 1203 2646 1273 quibus
2668 1200 2831 1255 caluit
2854 1196 3046 1270 frigida
3075 1196 3318 1253 membra
3345 1206 3513 1250 tenet.
3596 1100 3616 1173 [
3670 1117 3700 1171 ⁸
3767 1139 3781 1166 '

2213 1293 2497 1350 'Construit
2526 1293 2832 1363 exsequias,
2876 1303 3235 1357 perversaque
3261 1296 3382 1341 vota
3411 1284 3692 1341 celebrans

2298 1385 2533 1438 Exoruat
2558 1381 2837 1445 tumulum,
2873 1380 3005 1433 heu!
3040 1376 3325 1446 spolianda
3355 1384 3557 1430 torum.

2229 1475 2387 1542 Saepe
2412 1472 2651 1525 maritale
2678 1470 2870 1539 repetit
2896 1468 3204 1523 miserando
3231 1466 3565 1534 sepulcrum,

2264 1622 2267 1623 ν
2296 1567 2715 1633 Conteniptaque
2745 1563 2925 1627 domo,
2963 1560 3119 1615 funus
3146 1574 3330 1614 amara
3359 1557 3515 1612 colit.

2228 1658 2487 1714 Incumbit
2517 1656 2738 1721 tumulo,
2769 1654 2955 1710 solatia
2987 1669 3135 1708 cassa
3172 1653 3471 1719 requirens,

2300 1748 2464 1818 Cujus
2491 1746 2737 1801 membra
2768 1747 2936 1815 prius,
2967 1755 3106 1799 nunc
3136 1759 3299 1812 super
3325 1757 3455 1809 ossa.
3472 1740 3687 1810 premit,

2156 1832 2203 1891 Β
2230 1840 2468 1895 Fletibus
2496 1839 2725 1905 irriguis,
2759 1841 2991 1905 perituro
3027 1837 3284 1906 carmine.
3313 1836 3456 1905 iuget
3484 1850 3499 1887 :

2302 1927 2524 1981 Funeris
2552 1928 2807 1992 obsequio
2839 1927 3035 1981 lumina
3066 1928 3241 1996 perdit
3272 1942 3444 1980 amor.

2234 2017 2373 2082 Quot
2401 2015 2535 2068 mala
2572 2015 2791 2083 plebeia:
2828 2015 3045 2072 veniant
3075 2020 3195 2082 quis
3225 2014 3457 2082 pandere
3482 2011 3691 2081 possit?

2309 2105 2404 2159 Vix
2430 2106 2564 2158 bene
2585 2107 2799 2172 regium,
2826 2120 2944 2173 qua:
2974 2103 3187 2157 viduata
3219 2112 3415 2157 manet.

2235 2196 2350 2251 Non
2396 2206 2521 2250 veto
2562 2196 2886 2264 conjugium,
2930 2196 3026 2250 sed
3072 2194 3306 2264 prafero
3346 2194 3565 2264 virginis
3596 2193 3767 2248 alvum

2305 2287 2455 2354 Quod
2483 2288 2575 2341 dat
2599 2288 2889 2355 apostolica
2928 2288 3121 2356 Paulus
3150 2288 3219 2339 ab
3248 2302 3342 2341 ore
3372 2286 3518 2340 tuba.

2234 2379 2434 2450 Inclyta
2460 2379 2761 2447 virginitas,
2789 2379 2954 2432 caelos
2982 2394 3103 2447 qua:
3133 2380 3257 2433 dote
3286 2378 3526 2441 mereris,

2307 2470 2437 2523 Cum
2468 2469 2721 2522 thalamis
2741 2465 2940 2522 Christi
2968 2467 3329 2522 eonsociauda
3366 2468 3564 2535 places.

2240 2562 2451 2616 Funera
2484 2546 2623 2614 nulla
2654 2560 2841 2629 gemis,
2876 2560 2993 2615 sine
3024 2561 3192 2615 limite
3219 2560 3403 2629 gaudia
3430 2558 3635 2614 sumis:

2314 2654 2453 2708 Vivit
2469 2669 2620 2707 amor
2636 2669 2868 2721 semper,
2903 2667 3001 2707 nec
3024 2654 3116 2707 tibi
3142 2651 3396 2707 Christus
3419 2652 3548 2705 obit.

2239 2744 2353 2800 Illic
2382 2760 2543 2815 regna
2574 2754 2744 2810 tenes,
2778 2744 2865 2799 hic
2899 2745 3086 2807 vincis,
3120 2754 3173 2797 et
3199 2744 3407 2813 integra
3436 2740 3629 2812 fulges,

2312 2834 2467 2889 Omni
2498 2844 2606 2889 tuta
2629 2830 2769 2898 loco,
2800 2835 3291 2890 sanctificata'Deo.

2242 2927 2367 2995 Hac
2389 2914 2507 2993 tibi,
2538 2928 2697 2981 chara
2729 2927 2860 2995 Deo,
2894 2927 3098 2983 meritis
3124 2927 3445 2982 venerabilis
3479 2927 3677 2995 Agnes.

2314 3018 2523 3084 Offero;
2550 3033 2655 3087 quo
2686 3019 2951 3086 placeant,
2980 3027 3037 3088 t_u
3065 3018 3310 3072 faciendo
3334 3017 3495 3071 colas.
3556 3084 3559 3085 ν

2244 3108 2446 3167 Judicis
2474 3116 2532 3161 ut
2552 3107 2707 3175 jussu
2737 3122 2928 3162 munus
2953 3108 3213 3162 tribuatur
3244 3108 3499 3176 utrisque,

2169 3174 2247 3261 Ο,
2318 3200 2540 3267 Quando
2556 3174 2763 3256 corona
2794 3199 2909 3267 tibi,
2938 3209 3063 3254 tunc
3093 3199 3220 3253 inihi
3252 3198 3335 3251 vel
3364 3174 3536 3249 venia.

2250 3292 2387 3360 Opto
2413 3306 2506 3359 per
2536 3290 2632 3343 hos
2660 3288 2850 3345 ﬂuctus
2900 3291 3103 3343 animas
3137 3297 3213 3353 tu,
3243 3287 3472 3350 Christe,
3514 3284 3765 3353 gubernes

2321 3381 2547 3445 Arbore,
2580 3387 2635 3433 et
2657 3389 2885 3434 antenna
2916 3381 3215 3434 velificanle
3237 3378 3429 3434 erucis.

2249 3468 2321 3525 Ut
2352 3479 2470 3535 post
2497 3485 2745 3524 emensos
2772 3470 3023 3522 mundani
3054 3469 3283 3536 gurgitis
3302 3471 3482 3531 Tastus,

2292 3598 2295 3599 ν
2319 3559 2377 3613 In
2404 3567 2615 3628 portum
2638 3560 2759 3613 vitae
2787 3574 2887 3623 nos
2915 3566 3001 3613 tua
3032 3560 3219 3613 dextra
3242 3560 3399 3613 locet.

2846 3669 3070 3731 CAPUT
3105 3673 3211 3727 VII.

2251 3780 2266 3829 l
2342 3750 2429 3831 In
2473 3782 2673 3867 laudem
2741 3791 2929 3902 sauctﬁ
2989 3784 3168 3865 diaria,
3238 3781 3457 3854 Virginis
3521 3790 3566 3837 ιι
3630 3779 3762 3835 matri

2932 3868 3104 3902 omim.

2932 3868 3104 3906 omtm.

2251 3940 2529 4012 [Vaticinia
2572 3943 2635 3997 de
2664 3943 2893 4011 Virginis
2944 3955 3092 4012 partu
3123 3946 3263 3998 edita
3297 3955 3571 4009 percenset
3604 3965 3615 3996 :
3648 3951 3769 4007 atqui

2320 4014 2418 4065 alia
2465 4016 2589 4067 item
2641 4017 2801 4068 refert
2866 4018 3097 4068 oracula»
3128 4017 3190 4067 ad
3245 4014 3530 4076 Christum,
3581 4014 3770 4065 fructum

2320 4087 2518 4136 ventris
2540 4084 2676 4152 ejus,
2706 4085 3020 4151 spectantia.
3058 4086 3245 4138 Fusius
3265 4084 3454 4139 deinde
3477 4081 3768 4150 persequitur

2319 4152 2553 4219 ejusdem
2610 4153 2832 4219 Virginis
2891 4154 3129 4209 Deisarae
3186 4156 3405 4221 Iaudes,
3461 4170 3521 4207 ac
3572 4152 3771 4221 c-Jlestit

2321 4221 2372 4273 in
2395 4222 2537 4274 illam
2565 4224 2785 4285 militize,
2809 4238 2869 4275 ac
2898 4227 3056 4277 tutius
3075 4236 3271 4275 natura:
3288 4219 3587 4287 obsequium
3608 4219 3769 4276 descri-

2321 4291 2415 4362 bit.
2448 4293 2524 4343 Ad
2554 4304 2847 4345 extremum
2865 4295 3092 4362 _illius_iu
3117 4295 3251 4348 ρωιυ
3274 4294 3589 4362 triumphum
3616 4306 3663 4346 et
3683 4291 3768 4358 glo-

2320 4360 2448 4416 riam
2479 4360 2882 4433 complecdtur.]

2251 4455 2449 4524 Lingua
2476 4459 2846 4523 prophetarum
2879 4456 3068 4510 cecinit
3087 4457 3153 4511 de
3180 4457 3381 4526 virgine
3412 4469 3637 4527 partum,

2323 4547 2513 4600 Nuntia
2547 4548 2645 4600 fert
2677 4548 2828 4601 terris
2858 4548 3075 4616 angelus
3101 4547 3199 4603 ista
3231 4548 3354 4616 poli.

2264 4699 2534 4773 Fabricius
2571 4715 2689 4773 cum
2736 4700 2899 4773 titulo
2936 4701 3011 4773 De
3056 4713 3205 4773 parta
3242 4702 3486 4773 Virginia,
3528 4703 3771 4759 Horbach-

2266 4771 2437 4822 censis
2461 4770 2684 4822 abbatiae
2707 4770 2931 4822 celebris
2954 4770 3051 4824 Ms.
3079 4770 3569 4832 Codicem'Basileae
3596 4784 3768 4829 nactus.

2266 4838 2413 4913 bicet
2442 4853 2596 4913 porro
2618 4838 2953 4913 abomnihus
2981 4844 3210 4911 antiquis
3238 4843 3406 4909 libris,
3433 4860 3563 4913 quos
3588 4844 3767 4911 quidem

2270 4909 2443 4960 Brow.
2471 4910 2522 4958 in
2548 4908 2788 4962 manibus
2814 4908 3322 4977 habuerat,“abesset
3345 4908 3669 4968 huc'carmen
3687 4955 3700 4977 ,
3722 4928 3771 4966 ex

2270 4978 2461 5029 indicio
2494 4984 2667 5031 tamen
2714 4979 2832 5031 libri
2868 4976 3047 5047 seripti
3089 4982 3397 5034 monasterii
3441 4983 3603 5035 sancti
3629 4976 3766 5046 Galli,

2268 5055 2323 5119 et
2361 5047 2697 5119 ex_styli_ac
2740 5048 2947 5119 dicendi
3004 5048 3350 5106 similitudine
3394 5066 3500 5108 non
3550 5050 3771 5106 dubitarit

2264 5114 2698 5189 interLIj‘ot'ttltiali
2728 5116 2896 5189 Opera
2934 5122 3033 5189 hoc
3068 5135 3275 5188 quoque
3310 5135 3494 5189 poema
3527 5135 3766 5188 reponere.

2263 5185 2368 5239 Nos
2399 5184 2527 5269 iiIqu
2558 5176 2824 5269 {ntegrum
2844 5176 3138 5269 invadimus
3166 5176 3219 5243 in
3250 5176 3371 5269 uno
3386 5176 3555 5269 eoque
3582 5176 3765 5269 ᾔει-λωί-

2265 5269 2369 5324 quo
2397 5251 2533 5328 Cod.
2564 5251 2685 5305 Vat;
2710 5293 2724 5319 ,
2751 5254 2880 5328 olim
2911 5257 3247 5328 bibliothecae
3276 5251 3563 5322 Palatina,
3583 5251 3637 5314 in
3658 5274 3765 5328 quo,

2269 5323 2386 5390 post
2410 5323 2579 5374 Vitam
2602 5324 2769 5388 sancti
2788 5323 3017 5391 Martini;
3037 5341 3064 5379 a
3094 5328 3240 5381 Fort.
3268 5331 3507 5389 versibus
3534 5323 3769 5387 elucubra-

2272 5402 2379 5467 tarn
2402 5434 2417 5458 ,
2449 5394 2697 5467 continuo
2734 5394 2834 5445 hoc
2875 5394 2926 5447 in
2957 5396 3165 5450 Iaudem
3202 5407 3402 5452 sanctae
3431 5399 3600 5453 Maria
3638 5398 3767 5467 viai.

2273 5464 2376 5524 nis,
2402 5470 2529 5533 etc.,
2554 5463 2806 5527 scriptum
2832 5478 3043 5519 carmen
3065 5469 3377 5531 subtexitur.
3406 5468 3462 5520 In
3496 5470 3649 5533 tribus
3669 5463 3765 5524 vero
3846 5522 3847 5527 η

2273 5532 2517 5599 reliquis,
2544 5533 2729 5598 quibus
2762 5535 2863 5585 huc
2900 5548 3065 5601 usque
3093 5539 3172 5593 usi
3211 5546 3417 5601 sumus,
3455 5532 3765 5599 desideratur.

2270 5602 2657 5677 Adiiptavimus
2682 5604 2860 5677 varias
2882 5603 3132 5677 lectiones
3155 5615 3266 5677 tum
3287 5620 3352 5662 ex
3370 5606 3504 5666 Cod.
3534 5606 3669 5677 Van,
3687 5620 3767 5663 tum

2268 5686 2333 5745 ea
2356 5670 2519 5745 Διηἐιιπ.
2554 5671 2693 5745 Eun.
2726 5670 2906 5738 Basil.‘,
2938 5689 3034 5744 pg;
3060 5674 3217 5743 Ioan-
3245 5670 3531 5745 Oporinum
3558 5670 3773 5745 inlisit

2268 5739 3027 5811 elaborata,desumplas.
3109 5739 3113 5743 ’
3281 5739 3311 5757 ’¹’
