  <div class='ocr_page' id='page_1' title='image "/cluster/home/n/w/nwhite01/storage/ocr_20150623/87-88/uva.x000827073/904.png"; bbox 0 0 3822 6392; ppageno 0'>
   <div class='ocr_carea' id='block_1_1' title="bbox 120 349 2152 448">
    <p class='ocr_par' dir='ltr' id='par_1_1' title="bbox 120 349 2152 448">
     <span class='ocr_line' id='line_1_1' title="bbox 120 349 2152 448; baseline -0.004 -31"><span class='ocrx_word' id='word_1_1' title='bbox 120 364 206 418; x_wconf 72' lang='grc'><strong>277</strong></span> <span class='ocrx_word' id='word_1_2' title='bbox 240 433 242 438; x_wconf 86' lang='lat'><em>_</em></span> <span class='ocrx_word' id='word_1_3' title='bbox 837 436 842 442; x_wconf 26' lang='lat'><em>.</em></span> <span class='ocrx_word' id='word_1_4' title='bbox 959 436 962 440; x_wconf 20' lang='lat'>&#39;</span> <span class='ocrx_word' id='word_1_5' title='bbox 1222 355 1714 448; x_wconf 65' lang='lat' dir='ltr'><strong>MISCELLABIEA.</strong></span> <span class='ocrx_word' id='word_1_6' title='bbox 1743 385 1814 396; x_wconf 91' lang='lat'><strong><em>—</em></strong></span> <span class='ocrx_word' id='word_1_7' title='bbox 1847 355 1976 411; x_wconf 79' lang='lat' dir='ltr'><strong>LIB.</strong></span> <span class='ocrx_word' id='word_1_8' title='bbox 2019 349 2152 412; x_wconf 78' lang='lat' dir='ltr'>VIII.</span> 
     </span>
    </p>
   </div>
   <div class='ocr_carea' id='block_1_2' title="bbox 3198 345 3303 400">
    <p class='ocr_par' dir='ltr' id='par_1_2' title="bbox 3198 345 3303 400">
     <span class='ocr_line' id='line_1_2' title="bbox 3198 345 3303 400; baseline 0.029 -3"><span class='ocrx_word' id='word_1_9' title='bbox 3198 345 3303 400; x_wconf 76' lang='lat'><strong>278</strong></span> 
     </span>
    </p>
   </div>
   <div class='ocr_carea' id='block_1_3' title="bbox 117 466 3270 540">
    <p class='ocr_par' dir='ltr' id='par_1_3' title="bbox 117 466 3270 540">
     <span class='ocr_line' id='line_1_3' title="bbox 117 466 3270 540; baseline -0.004 -12"><span class='ocrx_word' id='word_1_10' title='bbox 117 474 330 538; x_wconf 77' lang='lat' dir='ltr'><strong>Consona</strong></span> <span class='ocrx_word' id='word_1_11' title='bbox 355 484 454 524; x_wconf 86' lang='lat' dir='ltr'><strong>vox</strong></span> <span class='ocrx_word' id='word_1_12' title='bbox 474 470 761 540; x_wconf 85' lang='lat' dir='ltr'><strong>hominum</strong></span> <span class='ocrx_word' id='word_1_13' title='bbox 790 475 1069 532; x_wconf 89' lang='lat' dir='ltr'><strong>memorat,</strong></span> <span class='ocrx_word' id='word_1_14' title='bbox 1097 466 1197 521; x_wconf 91' lang='lat' dir='ltr'><strong>hoc</strong></span> <span class='ocrx_word' id='word_1_15' title='bbox 1219 467 1354 530; x_wconf 81' lang='lat' dir='ltr'><strong>terre</strong></span> <span class='ocrx_word' id='word_1_16' title='bbox 1382 466 1608 536; x_wconf 85' lang='lat' dir='ltr'><strong>puellam</strong></span> <span class='ocrx_word' id='word_1_17' title='bbox 1632 484 1646 522; x_wconf 90' lang='lat'><strong>:</strong></span> <span class='ocrx_word' id='word_1_18' title='bbox 1677 469 1732 530; x_wconf 78' lang='grc' dir='ltr'><strong>Α</strong></span> <span class='ocrx_word' id='word_1_19' title='bbox 1754 467 1924 522; x_wconf 80' lang='lat' dir='ltr'><strong>Trans</strong></span> <span class='ocrx_word' id='word_1_20' title='bbox 1949 476 2154 522; x_wconf 79' lang='lat' dir='ltr'><strong>uterum</strong></span> <span class='ocrx_word' id='word_1_21' title='bbox 2185 469 2392 528; x_wconf 87' lang='lat' dir='ltr'><strong>matris,</strong></span> <span class='ocrx_word' id='word_1_22' title='bbox 2422 469 2574 529; x_wconf 84' lang='lat' dir='ltr'><strong>quasi</strong></span> <span class='ocrx_word' id='word_1_23' title='bbox 2605 481 2700 535; x_wconf 88' lang='lat' dir='ltr'><strong>per</strong></span> <span class='ocrx_word' id='word_1_24' title='bbox 2719 466 3006 533; x_wconf 82' lang='lat' dir='ltr'><strong>specularia</strong></span> <span class='ocrx_word' id='word_1_25' title='bbox 3031 477 3270 524; x_wconf 81' lang='lat' dir='ltr'><strong>cernens,</strong></span> 
     </span>
    </p>
   </div>
   <div class='ocr_carea' id='block_1_4' title="bbox 110 557 1504 630">
    <p class='ocr_par' dir='ltr' id='par_1_4' title="bbox 110 557 1504 630">
     <span class='ocr_line' id='line_1_4' title="bbox 110 557 1504 630; baseline -0.005 -13"><span class='ocrx_word' id='word_1_26' title='bbox 110 592 114 596; x_wconf 92' lang='lat'><strong><em>-</em></strong></span> <span class='ocrx_word' id='word_1_27' title='bbox 175 561 308 630; x_wconf 82' lang='lat' dir='ltr'><strong>Quod</strong></span> <span class='ocrx_word' id='word_1_28' title='bbox 336 560 489 615; x_wconf 88' lang='lat' dir='ltr'><strong>daret</strong></span> <span class='ocrx_word' id='word_1_29' title='bbox 509 562 709 629; x_wconf 82' lang='lat' dir='ltr'><strong>absque</strong></span> <span class='ocrx_word' id='word_1_30' title='bbox 739 561 835 613; x_wconf 84' lang='lat' dir='ltr'><strong>viri</strong></span> <span class='ocrx_word' id='word_1_31' title='bbox 873 559 1110 628; x_wconf 77' lang='lat' dir='ltr'><strong>germine</strong></span> <span class='ocrx_word' id='word_1_32' title='bbox 1136 557 1286 626; x_wconf 88' lang='lat' dir='ltr'><strong>virgo</strong></span> <span class='ocrx_word' id='word_1_33' title='bbox 1312 559 1504 619; x_wconf 89' lang='lat' dir='ltr'><strong>virum.</strong></span> 
     </span>
    </p>
   </div>
   <div class='ocr_carea' id='block_1_5' title="bbox 122 646 1380 718">
    <p class='ocr_par' dir='ltr' id='par_1_5' title="bbox 122 646 1380 718">
     <span class='ocr_line' id='line_1_5' title="bbox 122 646 1380 718; baseline -0.003 -17"><span class='ocrx_word' id='word_1_34' title='bbox 122 651 212 702; x_wconf 27' lang='lat' dir='ltr'><strong>ilr‘c</strong></span> <span class='ocrx_word' id='word_1_35' title='bbox 242 650 514 718; x_wconf 67' lang='lat' dir='ltr'><strong>Evangelia</strong></span> <span class='ocrx_word' id='word_1_36' title='bbox 543 649 869 702; x_wconf 79' lang='lat' dir='ltr'><strong>Concordans</strong></span> <span class='ocrx_word' id='word_1_37' title='bbox 896 648 1076 711; x_wconf 79' lang='lat' dir='ltr'><strong>pandit</strong></span> <span class='ocrx_word' id='word_1_38' title='bbox 1114 657 1138 682; x_wconf 73' lang='grc' dir='ltr'>ιι</span> <span class='ocrx_word' id='word_1_39' title='bbox 1181 646 1380 711; x_wconf 83' lang='lat' dir='ltr'><strong>lsaias;</strong></span> 
     </span>
    </p>
   </div>
   <div class='ocr_carea' id='block_1_6' title="bbox 175 734 1380 804">
    <p class='ocr_par' dir='ltr' id='par_1_6' title="bbox 175 734 1380 804">
     <span class='ocr_line' id='line_1_6' title="bbox 175 734 1380 804; baseline -0.005 -13"><span class='ocrx_word' id='word_1_40' title='bbox 175 738 290 804; x_wconf 61' lang='lat' dir='ltr'><strong>Quae</strong></span> <span class='ocrx_word' id='word_1_41' title='bbox 321 738 452 790; x_wconf 86' lang='lat' dir='ltr'><strong>Deus</strong></span> <span class='ocrx_word' id='word_1_42' title='bbox 486 737 730 802; x_wconf 65' lang='lat' dir='ltr'><strong>inspirat,</strong></span> <span class='ocrx_word' id='word_1_43' title='bbox 763 737 877 787; x_wconf 57' lang='lat' dir='ltr'><strong>haec</strong></span> <span class='ocrx_word' id='word_1_44' title='bbox 901 735 1042 786; x_wconf 90' lang='lat' dir='ltr'><strong>canit</strong></span> <span class='ocrx_word' id='word_1_45' title='bbox 1070 734 1183 804; x_wconf 84' lang='lat' dir='ltr'><strong>ipse</strong></span> <span class='ocrx_word' id='word_1_46' title='bbox 1209 734 1334 795; x_wconf 85' lang='lat' dir='ltr'><strong>tuba</strong></span> <span class='ocrx_word' id='word_1_47' title='bbox 1368 752 1380 785; x_wconf 88' lang='lat'><strong><em>:</em></strong></span> 
     </span>
    </p>
   </div>
   <div class='ocr_carea' id='block_1_7' title="bbox 121 823 1286 894">
    <p class='ocr_par' dir='ltr' id='par_1_7' title="bbox 121 823 1286 894">
     <span class='ocr_line' id='line_1_7' title="bbox 121 823 1286 894; baseline -0.006 -14"><span class='ocrx_word' id='word_1_48' title='bbox 121 826 314 894; x_wconf 79' lang='lat' dir='ltr'><strong>Eloquin</strong></span> <span class='ocrx_word' id='word_1_49' title='bbox 336 835 564 888; x_wconf 88' lang='lat' dir='ltr'><strong>torrens,</strong></span> <span class='ocrx_word' id='word_1_50' title='bbox 591 836 642 878; x_wconf 91' lang='lat' dir='ltr'><strong>et</strong></span> <span class='ocrx_word' id='word_1_51' title='bbox 666 824 764 877; x_wconf 89' lang='lat' dir='ltr'><strong>rite</strong></span> <span class='ocrx_word' id='word_1_52' title='bbox 796 823 1050 892; x_wconf 73' lang='lat' dir='ltr'><strong>profunda</strong></span> <span class='ocrx_word' id='word_1_53' title='bbox 1082 823 1286 875; x_wconf 84' lang='lat' dir='ltr'><strong>loeutus</strong></span> 
     </span>
    </p>
   </div>
   <div class='ocr_carea' id='block_1_8' title="bbox 183 901 1407 971">
    <p class='ocr_par' dir='ltr' id='par_1_8' title="bbox 183 901 1407 971">
     <span class='ocr_line' id='line_1_8' title="bbox 183 901 1407 971; baseline -0.002 -15"><span class='ocrx_word' id='word_1_54' title='bbox 183 904 418 956; x_wconf 85' lang='lat' dir='ltr'><strong>Emanuel</strong></span> <span class='ocrx_word' id='word_1_55' title='bbox 448 915 710 967; x_wconf 91' lang='lat' dir='ltr'><strong>nostrum,</strong></span> <span class='ocrx_word' id='word_1_56' title='bbox 737 902 937 971; x_wconf 89' lang='lat' dir='ltr'><strong>virgine</strong></span> <span class='ocrx_word' id='word_1_57' title='bbox 979 901 1161 964; x_wconf 84' lang='lat' dir='ltr'><strong>dante,</strong></span> <span class='ocrx_word' id='word_1_58' title='bbox 1192 907 1407 964; x_wconf 81' lang='lat' dir='ltr'><strong>canens;</strong></span> 
     </span>
    </p>
   </div>
   <div class='ocr_carea' id='block_1_9' title="bbox 119 990 1474 1057">
    <p class='ocr_par' dir='ltr' id='par_1_9' title="bbox 119 990 1474 1057">
     <span class='ocr_line' id='line_1_9' title="bbox 119 990 1474 1057; baseline -0.004 -9"><span class='ocrx_word' id='word_1_59' title='bbox 119 991 390 1048; x_wconf 70' lang='lat' dir='ltr'><strong>Prazdicens</strong></span> <span class='ocrx_word' id='word_1_60' title='bbox 417 991 570 1057; x_wconf 89' lang='lat' dir='ltr'><strong>olim,</strong></span> <span class='ocrx_word' id='word_1_61' title='bbox 605 1003 662 1047; x_wconf 93' lang='lat' dir='ltr'><strong>ut</strong></span> <span class='ocrx_word' id='word_1_62' title='bbox 692 993 758 1046; x_wconf 87' lang='lat' dir='ltr'><strong>de</strong></span> <span class='ocrx_word' id='word_1_63' title='bbox 781 1002 948 1045; x_wconf 91' lang='lat' dir='ltr'><strong>matre</strong></span> <span class='ocrx_word' id='word_1_64' title='bbox 974 990 1230 1044; x_wconf 78' lang='lat' dir='ltr'><strong>Tonantis</strong></span> <span class='ocrx_word' id='word_1_65' title='bbox 1252 990 1474 1053; x_wconf 84' lang='lat' dir='ltr'><strong>honore,</strong></span> 
     </span>
    </p>
   </div>
   <div class='ocr_carea' id='block_1_10' title="bbox 183 1081 1472 1152">
    <p class='ocr_par' dir='ltr' id='par_1_10' title="bbox 183 1081 1472 1152">
     <span class='ocr_line' id='line_1_10' title="bbox 183 1081 1472 1152; baseline 0 -16"><span class='ocrx_word' id='word_1_66' title='bbox 183 1083 378 1138; x_wconf 76' lang='lat' dir='ltr'><strong>Badicis</strong></span> <span class='ocrx_word' id='word_1_67' title='bbox 405 1083 590 1138; x_wconf 84' lang='lat' dir='ltr'><strong>liorem</strong></span> <span class='ocrx_word' id='word_1_68' title='bbox 616 1083 795 1140; x_wconf 71' lang='lat' dir='ltr'><strong>Iessea</strong></span> <span class='ocrx_word' id='word_1_69' title='bbox 819 1081 847 1120; x_wconf 77' lang='grc'><strong>¹³</strong></span> <span class='ocrx_word' id='word_1_70' title='bbox 889 1087 1036 1152; x_wconf 76' lang='lat' dir='ltr'><strong>virgo</strong></span> <span class='ocrx_word' id='word_1_71' title='bbox 1069 1083 1219 1136; x_wconf 86' lang='lat' dir='ltr'><strong>daret</strong></span> <span class='ocrx_word' id='word_1_72' title='bbox 1461 1133 1472 1142; x_wconf 82' lang='lat'><strong><em>_</em></strong></span> 
     </span>
    </p>
   </div>
   <div class='ocr_carea' id='block_1_11' title="bbox 121 1170 1634 1254">
    <p class='ocr_par' dir='ltr' id='par_1_11' title="bbox 121 1170 1634 1254">
     <span class='ocr_line' id='line_1_11' title="bbox 121 1170 1634 1254; baseline -0.003 -25"><span class='ocrx_word' id='word_1_73' title='bbox 121 1174 263 1245; x_wconf 73' lang='lat' dir='ltr'><strong>Virgo</strong></span> <span class='ocrx_word' id='word_1_74' title='bbox 285 1175 393 1230; x_wconf 66' lang='lat' dir='ltr'><strong>hac</strong></span> <span class='ocrx_word' id='word_1_75' title='bbox 412 1177 566 1254; x_wconf 30' lang='lat' dir='ltr'><strong>[virga</strong></span> <span class='ocrx_word' id='word_1_76' title='bbox 596 1176 715 1240; x_wconf 82' lang='lat' dir='ltr'><strong>fuit,</strong></span> <span class='ocrx_word' id='word_1_77' title='bbox 744 1175 859 1254; x_wconf 64' lang='lat' dir='ltr'><strong>ede</strong></span> <span class='ocrx_word' id='word_1_78' title='bbox 881 1191 981 1242; x_wconf 91' lang='lat' dir='ltr'><strong>qua</strong></span> <span class='ocrx_word' id='word_1_79' title='bbox 1013 1175 1110 1228; x_wconf 87' lang='lat' dir='ltr'><strong>tios</strong></span> <span class='ocrx_word' id='word_1_80' title='bbox 1146 1172 1388 1227; x_wconf 71' lang='lat' dir='ltr'><strong>Christus</strong></span> <span class='ocrx_word' id='word_1_81' title='bbox 1417 1170 1634 1225; x_wconf 86' lang='lat' dir='ltr'><strong>abortus</strong></span> 
     </span>
    </p>
   </div>
   <div class='ocr_carea' id='block_1_12' title="bbox 180 1249 1338 1334">
    <p class='ocr_par' dir='ltr' id='par_1_12' title="bbox 180 1249 1338 1334">
     <span class='ocr_line' id='line_1_12' title="bbox 180 1249 1338 1334; baseline -0.004 -13"><span class='ocrx_word' id='word_1_82' title='bbox 180 1265 326 1334; x_wconf 86' lang='lat' dir='ltr'><strong>Cujus</strong></span> <span class='ocrx_word' id='word_1_83' title='bbox 345 1249 477 1320; x_wconf 86' lang='lat' dir='ltr'><strong>odor</strong></span> <span class='ocrx_word' id='word_1_84' title='bbox 503 1265 657 1319; x_wconf 81' lang='lat' dir='ltr'><strong>vivax</strong></span> <span class='ocrx_word' id='word_1_85' title='bbox 690 1249 925 1319; x_wconf 77' lang='lat' dir='ltr'><strong>membra</strong></span> <span class='ocrx_word' id='word_1_86' title='bbox 951 1264 1155 1334; x_wconf 84' lang='lat' dir='ltr'><strong>sepulta</strong></span> <span class='ocrx_word' id='word_1_87' title='bbox 1183 1264 1338 1317; x_wconf 85' lang='lat' dir='ltr'><strong>levat.</strong></span> 
     </span>
    </p>
   </div>
   <div class='ocr_carea' id='block_1_13' title="bbox 121 1354 1440 1425">
    <p class='ocr_par' dir='ltr' id='par_1_13' title="bbox 121 1354 1440 1425">
     <span class='ocr_line' id='line_1_13' title="bbox 121 1354 1440 1425; baseline -0.003 -16"><span class='ocrx_word' id='word_1_88' title='bbox 121 1355 277 1409; x_wconf 77' lang='lat' dir='ltr'><strong>Larus</strong></span> <span class='ocrx_word' id='word_1_89' title='bbox 303 1363 474 1425; x_wconf 83' lang='lat' dir='ltr'><strong>morte</strong></span> <span class='ocrx_word' id='word_1_90' title='bbox 493 1354 697 1424; x_wconf 80' lang='lat' dir='ltr'><strong>jaceus,</strong></span> <span class='ocrx_word' id='word_1_91' title='bbox 729 1355 794 1408; x_wconf 86' lang='lat' dir='ltr'><strong>de</strong></span> <span class='ocrx_word' id='word_1_92' title='bbox 822 1354 970 1423; x_wconf 86' lang='lat' dir='ltr'><strong>cujus</strong></span> <span class='ocrx_word' id='word_1_93' title='bbox 993 1364 1224 1408; x_wconf 59' lang='lat' dir='ltr'><strong>arvmate</strong></span> <span class='ocrx_word' id='word_1_94' title='bbox 1253 1359 1440 1418; x_wconf 90' lang='lat' dir='ltr'><strong>tactus,</strong></span> 
     </span>
    </p>
   </div>
   <div class='ocr_carea' id='block_1_14' title="bbox 184 1442 1410 1515">
    <p class='ocr_par' dir='ltr' id='par_1_14' title="bbox 184 1442 1410 1515">
     <span class='ocr_line' id='line_1_14' title="bbox 184 1442 1410 1515; baseline -0.003 -16"><span class='ocrx_word' id='word_1_95' title='bbox 184 1445 400 1515; x_wconf 78' lang='lat' dir='ltr'><strong>Postque</strong></span> <span class='ocrx_word' id='word_1_96' title='bbox 425 1446 568 1502; x_wconf 91' lang='lat' dir='ltr'><strong>diem</strong></span> <span class='ocrx_word' id='word_1_97' title='bbox 599 1456 841 1513; x_wconf 88' lang='lat' dir='ltr'><strong>quartum</strong></span> <span class='ocrx_word' id='word_1_98' title='bbox 872 1447 1096 1498; x_wconf 76' lang='lat' dir='ltr'><strong>Lazarus</strong></span> <span class='ocrx_word' id='word_1_99' title='bbox 1122 1457 1217 1498; x_wconf 92' lang='lat' dir='ltr'><strong>ore</strong></span> <span class='ocrx_word' id='word_1_100' title='bbox 1239 1442 1410 1504; x_wconf 83' lang='lat' dir='ltr'><strong>reﬂat,</strong></span> 
     </span>
    </p>
   </div>
   <div class='ocr_carea' id='block_1_15' title="bbox 123 1533 1279 1604">
    <p class='ocr_par' dir='ltr' id='par_1_15' title="bbox 123 1533 1279 1604">
     <span class='ocr_line' id='line_1_15' title="bbox 123 1533 1279 1604; baseline -0.002 -16"><span class='ocrx_word' id='word_1_101' title='bbox 123 1534 253 1590; x_wconf 83' lang='lat' dir='ltr'><strong>lianc</strong></span> <span class='ocrx_word' id='word_1_102' title='bbox 282 1533 538 1602; x_wconf 79' lang='lat' dir='ltr'><strong>Jeremias</strong></span> <span class='ocrx_word' id='word_1_103' title='bbox 567 1543 720 1590; x_wconf 87' lang='lat' dir='ltr'><strong>utero</strong></span> <span class='ocrx_word' id='word_1_104' title='bbox 747 1538 862 1604; x_wconf 86' lang='lat' dir='ltr'><strong>ipso</strong></span> <span class='ocrx_word' id='word_1_105' title='bbox 888 1535 1279 1599; x_wconf 67' lang='lat' dir='ltr'><strong>sanctiﬁcatus,</strong></span> 
     </span>
    </p>
   </div>
   <div class='ocr_carea' id='block_1_16' title="bbox 183 1609 1430 1693">
    <p class='ocr_par' dir='ltr' id='par_1_16' title="bbox 183 1609 1430 1693">
     <span class='ocr_line' id='line_1_16' title="bbox 183 1609 1430 1693; baseline -0.005 -15"><span class='ocrx_word' id='word_1_106' title='bbox 183 1626 470 1680; x_wconf 79' lang='lat' dir='ltr'><strong>Monstrans</strong></span> <span class='ocrx_word' id='word_1_107' title='bbox 493 1641 623 1681; x_wconf 88' lang='lat' dir='ltr'><strong>voce</strong></span> <span class='ocrx_word' id='word_1_108' title='bbox 657 1627 788 1693; x_wconf 87' lang='lat' dir='ltr'><strong>pari,</strong></span> <span class='ocrx_word' id='word_1_109' title='bbox 821 1609 897 1679; x_wconf 82' lang='lat' dir='ltr'><strong>sic</strong></span> <span class='ocrx_word' id='word_1_110' title='bbox 927 1640 1136 1692; x_wconf 86' lang='lat' dir='ltr'><strong>quoque</strong></span> <span class='ocrx_word' id='word_1_111' title='bbox 1162 1624 1295 1676; x_wconf 88' lang='lat' dir='ltr'><strong>vatis</strong></span> <span class='ocrx_word' id='word_1_112' title='bbox 1321 1621 1395 1675; x_wconf 90' lang='lat' dir='ltr'><strong>ait</strong></span> <span class='ocrx_word' id='word_1_113' title='bbox 1418 1638 1430 1672; x_wconf 91' lang='lat'><strong>:</strong></span> 
     </span>
    </p>
   </div>
   <div class='ocr_carea' id='block_1_17' title="bbox 125 1709 1422 1775">
    <p class='ocr_par' dir='ltr' id='par_1_17' title="bbox 125 1709 1422 1775">
     <span class='ocr_line' id='line_1_17' title="bbox 125 1709 1422 1775; baseline -0.005 -9"><span class='ocrx_word' id='word_1_114' title='bbox 125 1709 248 1766; x_wconf 80' lang='lat' dir='ltr'><strong>Ecce</strong></span> <span class='ocrx_word' id='word_1_115' title='bbox 271 1713 384 1766; x_wconf 84' lang='lat' dir='ltr'><strong>dies</strong></span> <span class='ocrx_word' id='word_1_116' title='bbox 410 1714 626 1768; x_wconf 75' lang='lat' dir='ltr'><strong>venient</strong></span> <span class='ocrx_word' id='word_1_117' title='bbox 649 1723 701 1772; x_wconf 85' lang='lat' dir='ltr'><strong>et</strong></span> <span class='ocrx_word' id='word_1_118' title='bbox 733 1710 894 1765; x_wconf 81' lang='lat' dir='ltr'><strong>David</strong></span> <span class='ocrx_word' id='word_1_119' title='bbox 919 1711 1120 1764; x_wconf 90' lang='lat' dir='ltr'><strong>suscito</strong></span> <span class='ocrx_word' id='word_1_120' title='bbox 1148 1723 1385 1775; x_wconf 70' lang='lat' dir='ltr'><strong>germen,</strong></span> <span class='ocrx_word' id='word_1_121' title='bbox 1420 1763 1422 1765; x_wconf 53' lang='grc'>,</span> 
     </span>
    </p>
   </div>
   <div class='ocr_carea' id='block_1_18' title="bbox 186 1802 1350 1874">
    <p class='ocr_par' dir='ltr' id='par_1_18' title="bbox 186 1802 1350 1874">
     <span class='ocr_line' id='line_1_18' title="bbox 186 1802 1350 1874; baseline -0.004 -16"><span class='ocrx_word' id='word_1_122' title='bbox 186 1804 245 1858; x_wconf 83' lang='lat' dir='ltr'><strong>Et</strong></span> <span class='ocrx_word' id='word_1_123' title='bbox 272 1806 507 1872; x_wconf 74' lang='lat' dir='ltr'><strong>regnabit</strong></span> <span class='ocrx_word' id='word_1_124' title='bbox 533 1805 669 1870; x_wconf 74' lang='lat' dir='ltr'><strong>Rex,</strong></span> <span class='ocrx_word' id='word_1_125' title='bbox 700 1815 854 1874; x_wconf 86' lang='lat' dir='ltr'><strong>atque</strong></span> <span class='ocrx_word' id='word_1_126' title='bbox 879 1803 978 1859; x_wconf 85' lang='lat' dir='ltr'><strong>erit</strong></span> <span class='ocrx_word' id='word_1_127' title='bbox 1006 1803 1093 1856; x_wconf 88' lang='lat' dir='ltr'><strong>hic</strong></span> <span class='ocrx_word' id='word_1_128' title='bbox 1118 1802 1350 1870; x_wconf 72' lang='lat' dir='ltr'><strong>sapiens.</strong></span> 
     </span>
    </p>
   </div>
   <div class='ocr_carea' id='block_1_19' title="bbox 126 1885 1560 1964">
    <p class='ocr_par' dir='ltr' id='par_1_19' title="bbox 126 1885 1560 1964">
     <span class='ocr_line' id='line_1_19' title="bbox 126 1885 1560 1964; baseline -0.006 -17"><span class='ocrx_word' id='word_1_129' title='bbox 126 1892 222 1949; x_wconf 88' lang='lat' dir='ltr'><strong>Iloc</strong></span> <span class='ocrx_word' id='word_1_130' title='bbox 243 1908 452 1961; x_wconf 89' lang='lat' dir='ltr'><strong>germen</strong></span> <span class='ocrx_word' id='word_1_131' title='bbox 476 1895 676 1964; x_wconf 86' lang='lat' dir='ltr'><strong>justum</strong></span> <span class='ocrx_word' id='word_1_132' title='bbox 699 1894 847 1963; x_wconf 87' lang='lat' dir='ltr'><strong>virgo</strong></span> <span class='ocrx_word' id='word_1_133' title='bbox 874 1901 976 1961; x_wconf 90' lang='lat' dir='ltr'><strong>est,</strong></span> <span class='ocrx_word' id='word_1_134' title='bbox 1001 1901 1053 1947; x_wconf 88' lang='lat' dir='ltr'><strong>et</strong></span> <span class='ocrx_word' id='word_1_135' title='bbox 1070 1891 1180 1946; x_wconf 79' lang='lat' dir='ltr'><strong>ilex</strong></span> <span class='ocrx_word' id='word_1_136' title='bbox 1211 1904 1337 1944; x_wconf 89' lang='lat' dir='ltr'><strong>suus</strong></span> <span class='ocrx_word' id='word_1_137' title='bbox 1365 1885 1560 1950; x_wconf 81' lang='lat' dir='ltr'><strong>iulans,</strong></span> 
     </span>
    </p>
   </div>
   <div class='ocr_carea' id='block_1_20' title="bbox 139 1983 1395 2062">
    <p class='ocr_par' dir='ltr' id='par_1_20' title="bbox 139 1983 1395 2062">
     <span class='ocr_line' id='line_1_20' title="bbox 139 1983 1395 2062; baseline -0.004 -23"><span class='ocrx_word' id='word_1_138' title='bbox 139 2052 148 2062; x_wconf 31' lang='grc' dir='ltr'>θ</span> <span class='ocrx_word' id='word_1_139' title='bbox 185 1985 431 2040; x_wconf 68' lang='lat' dir='ltr'><strong>iudicium</strong></span> <span class='ocrx_word' id='word_1_140' title='bbox 463 1985 684 2054; x_wconf 77' lang='lat' dir='ltr'><strong>faciens,</strong></span> <span class='ocrx_word' id='word_1_141' title='bbox 710 1985 924 2049; x_wconf 80' lang='lat' dir='ltr'><strong>arbiter,</strong></span> <span class='ocrx_word' id='word_1_142' title='bbox 947 1984 1093 2038; x_wconf 85' lang='lat' dir='ltr'><strong>orbis</strong></span> <span class='ocrx_word' id='word_1_143' title='bbox 1120 1983 1310 2038; x_wconf 90' lang='lat' dir='ltr'><strong>herus.</strong></span> <span class='ocrx_word' id='word_1_144' title='bbox 1389 1997 1395 2018; x_wconf 67' lang='grc' dir='ltr'><em>α</em></span> 
     </span>
    </p>
   </div>
   <div class='ocr_carea' id='block_1_21' title="bbox 128 2072 1426 2144">
    <p class='ocr_par' dir='ltr' id='par_1_21' title="bbox 128 2072 1426 2144">
     <span class='ocr_line' id='line_1_21' title="bbox 128 2072 1426 2144; baseline -0.005 -17"><span class='ocrx_word' id='word_1_145' title='bbox 128 2073 503 2144; x_wconf 82' lang='lat' dir='ltr'><strong>Psalmograplii</strong></span> <span class='ocrx_word' id='word_1_146' title='bbox 531 2077 735 2142; x_wconf 80' lang='lat' dir='ltr'><strong>plectro</strong></span> <span class='ocrx_word' id='word_1_147' title='bbox 760 2083 964 2128; x_wconf 86' lang='lat' dir='ltr'><strong>cantata</strong></span> <span class='ocrx_word' id='word_1_148' title='bbox 992 2082 1072 2127; x_wconf 86' lang='lat' dir='ltr'><strong>est</strong></span> <span class='ocrx_word' id='word_1_149' title='bbox 1095 2073 1190 2126; x_wconf 88' lang='lat' dir='ltr'><strong>ista</strong></span> <span class='ocrx_word' id='word_1_150' title='bbox 1221 2072 1426 2138; x_wconf 88' lang='lat' dir='ltr'><strong>virago,</strong></span> 
     </span>
    </p>
   </div>
   <div class='ocr_carea' id='block_1_22' title="bbox 185 2155 1628 2230">
    <p class='ocr_par' dir='ltr' id='par_1_22' title="bbox 185 2155 1628 2230">
     <span class='ocr_line' id='line_1_22' title="bbox 185 2155 1628 2230; baseline -0.009 -11"><span class='ocrx_word' id='word_1_151' title='bbox 185 2164 306 2219; x_wconf 89' lang='lat' dir='ltr'><strong>Cum</strong></span> <span class='ocrx_word' id='word_1_152' title='bbox 335 2164 486 2220; x_wconf 91' lang='lat' dir='ltr'><strong>daret</strong></span> <span class='ocrx_word' id='word_1_153' title='bbox 515 2175 626 2220; x_wconf 90' lang='lat' dir='ltr'><strong>arte</strong></span> <span class='ocrx_word' id='word_1_154' title='bbox 658 2160 821 2225; x_wconf 78' lang='lat' dir='ltr'><strong>melos</strong></span> <span class='ocrx_word' id='word_1_155' title='bbox 847 2179 969 2226; x_wconf 80' lang='lat' dir='ltr'><strong>vox,</strong></span> <span class='ocrx_word' id='word_1_156' title='bbox 1003 2163 1138 2230; x_wconf 82' lang='lat' dir='ltr'><strong>lyra,</strong></span> <span class='ocrx_word' id='word_1_157' title='bbox 1171 2157 1388 2221; x_wconf 77' lang='lat' dir='ltr'><strong>chorda,</strong></span> <span class='ocrx_word' id='word_1_158' title='bbox 1414 2155 1628 2210; x_wconf 77' lang='lat' dir='ltr'><strong>chorus.</strong></span> 
     </span>
    </p>
   </div>
   <div class='ocr_carea' id='block_1_23' title="bbox 127 2246 1610 2320">
    <p class='ocr_par' dir='ltr' id='par_1_23' title="bbox 127 2246 1610 2320">
     <span class='ocr_line' id='line_1_23' title="bbox 127 2246 1610 2320; baseline -0.007 -13"><span class='ocrx_word' id='word_1_159' title='bbox 127 2252 274 2307; x_wconf 79' lang='lat' dir='ltr'><strong>Ilater</strong></span> <span class='ocrx_word' id='word_1_160' title='bbox 301 2255 450 2320; x_wconf 87' lang='lat' dir='ltr'><strong>Sion,</strong></span> <span class='ocrx_word' id='word_1_161' title='bbox 479 2255 626 2319; x_wconf 88' lang='lat' dir='ltr'><strong>dicit,</strong></span> <span class='ocrx_word' id='word_1_162' title='bbox 652 2257 829 2318; x_wconf 90' lang='lat' dir='ltr'><strong>homo,</strong></span> <span class='ocrx_word' id='word_1_163' title='bbox 861 2261 914 2308; x_wconf 92' lang='lat' dir='ltr'><strong>et</strong></span> <span class='ocrx_word' id='word_1_164' title='bbox 943 2253 1101 2307; x_wconf 91' lang='lat' dir='ltr'><strong>homo</strong></span> <span class='ocrx_word' id='word_1_165' title='bbox 1123 2248 1295 2305; x_wconf 76' lang='lat' dir='ltr'><strong>factus</strong></span> <span class='ocrx_word' id='word_1_166' title='bbox 1317 2249 1369 2302; x_wconf 92' lang='lat' dir='ltr'><strong>in</strong></span> <span class='ocrx_word' id='word_1_167' title='bbox 1391 2246 1479 2300; x_wconf 85' lang='lat' dir='ltr'><strong>illa</strong></span> <span class='ocrx_word' id='word_1_168' title='bbox 1507 2251 1610 2308; x_wconf 89' lang='lat' dir='ltr'><strong>est,</strong></span> 
     </span>
    </p>
   </div>
   <div class='ocr_carea' id='block_1_24' title="bbox 182 2339 1629 2413">
    <p class='ocr_par' dir='ltr' id='par_1_24' title="bbox 182 2339 1629 2413">
     <span class='ocr_line' id='line_1_24' title="bbox 182 2339 1629 2413; baseline -0.008 -15"><span class='ocrx_word' id='word_1_169' title='bbox 182 2345 287 2413; x_wconf 85' lang='lat' dir='ltr'><strong>Ipse</strong></span> <span class='ocrx_word' id='word_1_170' title='bbox 315 2340 451 2399; x_wconf 77' lang='lat' dir='ltr'><strong>hanc</strong></span> <span class='ocrx_word' id='word_1_171' title='bbox 477 2345 738 2408; x_wconf 79' lang='lat' dir='ltr'><strong>fundavit,</strong></span> <span class='ocrx_word' id='word_1_172' title='bbox 786 2341 953 2400; x_wconf 80' lang='lat' dir='ltr'><strong>factus</strong></span> <span class='ocrx_word' id='word_1_173' title='bbox 977 2345 1028 2398; x_wconf 90' lang='lat' dir='ltr'><strong>in</strong></span> <span class='ocrx_word' id='word_1_174' title='bbox 1050 2343 1162 2413; x_wconf 83' lang='lat' dir='ltr'><strong>ipsa</strong></span> <span class='ocrx_word' id='word_1_175' title='bbox 1193 2351 1246 2396; x_wconf 89' lang='lat' dir='ltr'><strong>et</strong></span> <span class='ocrx_word' id='word_1_176' title='bbox 1275 2339 1301 2378; x_wconf 74' lang='grc' dir='ltr'><strong>ιι</strong></span> <span class='ocrx_word' id='word_1_177' title='bbox 1347 2339 1629 2391; x_wconf 69' lang='grc' dir='ltr'><strong>Ιιοηιοεθθι.</strong></span> 
     </span>
    </p>
   </div>
   <div class='ocr_carea' id='block_1_25' title="bbox 129 2427 1596 2503">
    <p class='ocr_par' dir='ltr' id='par_1_25' title="bbox 129 2427 1596 2503">
     <span class='ocr_line' id='line_1_25' title="bbox 129 2427 1596 2503; baseline -0.003 -17"><span class='ocrx_word' id='word_1_178' title='bbox 129 2431 204 2487; x_wconf 87' lang='lat' dir='ltr'><strong>Sic</strong></span> <span class='ocrx_word' id='word_1_179' title='bbox 230 2450 429 2502; x_wconf 85' lang='lat' dir='ltr'><strong>quoque</strong></span> <span class='ocrx_word' id='word_1_180' title='bbox 458 2437 546 2503; x_wconf 89' lang='lat' dir='ltr'><strong>qui</strong></span> <span class='ocrx_word' id='word_1_181' title='bbox 585 2436 825 2489; x_wconf 75' lang='lat' dir='ltr'><strong>fundavit</strong></span> <span class='ocrx_word' id='word_1_182' title='bbox 853 2449 1007 2502; x_wconf 87' lang='lat' dir='ltr'><strong>eam,.</strong></span> <span class='ocrx_word' id='word_1_183' title='bbox 1025 2443 1114 2490; x_wconf 88' lang='lat' dir='ltr'><strong>est</strong></span> <span class='ocrx_word' id='word_1_184' title='bbox 1136 2431 1423 2487; x_wconf 83' lang='lat' dir='ltr'><strong>altissimus</strong></span> <span class='ocrx_word' id='word_1_185' title='bbox 1464 2427 1596 2497; x_wconf 82' lang='lat' dir='ltr'><strong>ipse,</strong></span> 
     </span>
    </p>
   </div>
   <div class='ocr_carea' id='block_1_26' title="bbox 191 2517 1432 2594">
    <p class='ocr_par' dir='ltr' id='par_1_26' title="bbox 191 2517 1432 2594">
     <span class='ocr_line' id='line_1_26' title="bbox 191 2517 1432 2594; baseline 0.005 -19"><span class='ocrx_word' id='word_1_186' title='bbox 191 2522 305 2576; x_wconf 70' lang='lat' dir='ltr'><strong>Iiazc</strong></span> <span class='ocrx_word' id='word_1_187' title='bbox 329 2524 455 2576; x_wconf 76' lang='lat' dir='ltr'><strong>Sint]</strong></span> <span class='ocrx_word' id='word_1_188' title='bbox 478 2533 669 2591; x_wconf 81' lang='lat' dir='ltr'><strong>mater,</strong></span> <span class='ocrx_word' id='word_1_189' title='bbox 701 2525 849 2594; x_wconf 89' lang='lat' dir='ltr'><strong>virgo</strong></span> <span class='ocrx_word' id='word_1_190' title='bbox 875 2526 1039 2580; x_wconf 81' lang='lat' dir='ltr'><strong>Maria</strong></span> <span class='ocrx_word' id='word_1_191' title='bbox 1066 2522 1184 2580; x_wconf 81' lang='lat' dir='ltr'><strong>fuit.</strong></span> <span class='ocrx_word' id='word_1_192' title='bbox 1423 2517 1432 2526; x_wconf 77' lang='grc'><em>’</em></span> 
     </span>
    </p>
   </div>
   <div class='ocr_carea' id='block_1_27' title="bbox 136 2597 1596 2682">
    <p class='ocr_par' dir='ltr' id='par_1_27' title="bbox 136 2597 1596 2682">
     <span class='ocr_line' id='line_1_27' title="bbox 136 2597 1596 2682; baseline 0 -18"><span class='ocrx_word' id='word_1_193' title='bbox 136 2621 155 2648; x_wconf 78' lang='grc'><strong><em>⁸</em></strong></span> <span class='ocrx_word' id='word_1_194' title='bbox 189 2613 277 2679; x_wconf 86' lang='lat' dir='ltr'><strong>Qui</strong></span> <span class='ocrx_word' id='word_1_195' title='bbox 307 2623 550 2682; x_wconf 84' lang='lat' dir='ltr'><strong>tanquam</strong></span> <span class='ocrx_word' id='word_1_196' title='bbox 592 2629 818 2682; x_wconf 78' lang='lat' dir='ltr'><strong>sperisus</strong></span> <span class='ocrx_word' id='word_1_197' title='bbox 845 2615 1076 2669; x_wconf 80' lang='lat' dir='ltr'><strong>thalamo</strong></span> <span class='ocrx_word' id='word_1_198' title='bbox 1106 2597 1343 2682; x_wconf 80' lang='lat' dir='ltr'><strong>procedit</strong></span> <span class='ocrx_word' id='word_1_199' title='bbox 1369 2612 1437 2666; x_wconf 92' lang='lat' dir='ltr'><strong>ab</strong></span> <span class='ocrx_word' id='word_1_200' title='bbox 1463 2611 1596 2674; x_wconf 86' lang='lat' dir='ltr'><strong>aito,</strong></span> 
     </span>
    </p>
   </div>
   <div class='ocr_carea' id='block_1_28' title="bbox 191 2700 1362 2774">
    <p class='ocr_par' dir='ltr' id='par_1_28' title="bbox 191 2700 1362 2774">
     <span class='ocr_line' id='line_1_28' title="bbox 191 2700 1362 2774; baseline 0.001 -19"><span class='ocrx_word' id='word_1_201' title='bbox 191 2700 528 2774; x_wconf 80' lang='lat' dir='ltr'><strong>Exsultatque</strong></span> <span class='ocrx_word' id='word_1_202' title='bbox 554 2705 698 2774; x_wconf 82' lang='lat' dir='ltr'><strong>gigas</strong></span> <span class='ocrx_word' id='word_1_203' title='bbox 727 2705 985 2768; x_wconf 82' lang='lat' dir='ltr'><strong>Christus,</strong></span> <span class='ocrx_word' id='word_1_204' title='bbox 1011 2702 1186 2759; x_wconf 90' lang='lat' dir='ltr'><strong>eundo</strong></span> <span class='ocrx_word' id='word_1_205' title='bbox 1206 2702 1362 2770; x_wconf 86' lang='lat' dir='ltr'><strong>viam,</strong></span> 
     </span>
    </p>
   </div>
   <div class='ocr_carea' id='block_1_29' title="bbox 132 2788 1421 2870">
    <p class='ocr_par' dir='ltr' id='par_1_29' title="bbox 132 2788 1421 2870">
     <span class='ocr_line' id='line_1_29' title="bbox 132 2788 1421 2870; baseline 0.001 -26"><span class='ocrx_word' id='word_1_206' title='bbox 132 2788 171 2844; x_wconf 88' lang='grc' dir='ltr'>ο</span> <span class='ocrx_word' id='word_1_207' title='bbox 195 2794 321 2847; x_wconf 86' lang='lat' dir='ltr'><strong>uteri</strong></span> <span class='ocrx_word' id='word_1_208' title='bbox 351 2793 633 2861; x_wconf 80' lang='lat' dir='ltr'><strong>thalamus,</strong></span> <span class='ocrx_word' id='word_1_209' title='bbox 658 2808 793 2850; x_wconf 90' lang='lat' dir='ltr'><strong>nova</strong></span> <span class='ocrx_word' id='word_1_210' title='bbox 817 2794 1023 2870; x_wconf 85' lang='lat' dir='ltr'><strong>junctio</strong></span> <span class='ocrx_word' id='word_1_211' title='bbox 1049 2791 1187 2848; x_wconf 83' lang='lat' dir='ltr'><strong>facta</strong></span> <span class='ocrx_word' id='word_1_212' title='bbox 1214 2791 1421 2854; x_wconf 82' lang='lat' dir='ltr'><strong>salutis,</strong></span> 
     </span>
    </p>
   </div>
   <div class='ocr_carea' id='block_1_30' title="bbox 192 2881 1439 2955">
    <p class='ocr_par' dir='ltr' id='par_1_30' title="bbox 192 2881 1439 2955">
     <span class='ocr_line' id='line_1_30' title="bbox 192 2881 1439 2955; baseline -0.002 -18"><span class='ocrx_word' id='word_1_213' title='bbox 192 2881 483 2952; x_wconf 77' lang='lat' dir='ltr'><strong>QuaDeus,</strong></span> <span class='ocrx_word' id='word_1_214' title='bbox 508 2893 667 2954; x_wconf 89' lang='lat' dir='ltr'><strong>atque</strong></span> <span class='ocrx_word' id='word_1_215' title='bbox 695 2899 822 2940; x_wconf 88' lang='lat' dir='ltr'><strong>caro</strong></span> <span class='ocrx_word' id='word_1_216' title='bbox 843 2883 1245 2955; x_wconf 64' lang='lat' dir='ltr'><strong>nupsit’honore</strong></span> <span class='ocrx_word' id='word_1_217' title='bbox 1273 2881 1439 2936; x_wconf 90' lang='lat' dir='ltr'><strong>novoi</strong></span> 
     </span>
    </p>
   </div>
   <div class='ocr_carea' id='block_1_31' title="bbox 136 2961 1672 3043">
    <p class='ocr_par' dir='ltr' id='par_1_31' title="bbox 136 2961 1672 3043">
     <span class='ocr_line' id='line_1_31' title="bbox 136 2961 1672 3043; baseline -0.003 -17"><span class='ocrx_word' id='word_1_218' title='bbox 136 2967 238 3035; x_wconf 83' lang='lat' dir='ltr'><strong>Quo</strong></span> <span class='ocrx_word' id='word_1_219' title='bbox 263 2971 399 3026; x_wconf 88' lang='lat' dir='ltr'><strong>Deus</strong></span> <span class='ocrx_word' id='word_1_220' title='bbox 424 2974 699 3043; x_wconf 84' lang='lat' dir='ltr'><strong>amplexus</strong></span> <span class='ocrx_word' id='word_1_221' title='bbox 718 2989 932 3031; x_wconf 88' lang='lat' dir='ltr'><strong>carnem</strong></span> <span class='ocrx_word' id='word_1_222' title='bbox 958 2981 1059 3038; x_wconf 92' lang='lat' dir='ltr'><strong>est,</strong></span> <span class='ocrx_word' id='word_1_223' title='bbox 1088 2988 1212 3029; x_wconf 85' lang='lat' dir='ltr'><strong>caro</strong></span> <span class='ocrx_word' id='word_1_224' title='bbox 1231 2972 1410 3042; x_wconf 76' lang='lat' dir='ltr'><strong>juncta</strong></span> <span class='ocrx_word' id='word_1_225' title='bbox 1432 2961 1672 3033; x_wconf 71' lang='lat' dir='ltr'><strong>cohaesit,</strong></span> 
     </span>
    </p>
   </div>
   <div class='ocr_carea' id='block_1_32' title="bbox 196 3057 1668 3131">
    <p class='ocr_par' dir='ltr' id='par_1_32' title="bbox 196 3057 1668 3131">
     <span class='ocr_line' id='line_1_32' title="bbox 196 3057 1668 3131; baseline -0.001 -19"><span class='ocrx_word' id='word_1_226' title='bbox 196 3057 303 3113; x_wconf 87' lang='lat' dir='ltr'><strong>Stat</strong></span> <span class='ocrx_word' id='word_1_227' title='bbox 314 3060 471 3125; x_wconf 83' lang='lat' dir='ltr'><strong>Deus,</strong></span> <span class='ocrx_word' id='word_1_228' title='bbox 483 3071 642 3131; x_wconf 87' lang='lat' dir='ltr'><strong>atque</strong></span> <span class='ocrx_word' id='word_1_229' title='bbox 654 3064 812 3118; x_wconf 89' lang='lat' dir='ltr'><strong>homo</strong></span> <span class='ocrx_word' id='word_1_230' title='bbox 832 3065 906 3128; x_wconf 86' lang='lat' dir='ltr'><strong>Iit,</strong></span> <span class='ocrx_word' id='word_1_231' title='bbox 928 3063 1170 3118; x_wconf 86' lang='lat' dir='ltr'><strong>Christus</strong></span> <span class='ocrx_word' id='word_1_232' title='bbox 1182 3071 1460 3129; x_wconf 89' lang='lat' dir='ltr'><strong>utrumque</strong></span> <span class='ocrx_word' id='word_1_233' title='bbox 1475 3073 1640 3130; x_wconf 88' lang='lat' dir='ltr'><strong>genus</strong></span> <span class='ocrx_word' id='word_1_234' title='bbox 1656 3075 1668 3110; x_wconf 91' lang='lat'>:</span> 
     </span>
    </p>
   </div>
   <div class='ocr_carea' id='block_1_33' title="bbox 135 3131 1748 3219">
    <p class='ocr_par' dir='ltr' id='par_1_33' title="bbox 135 3131 1748 3219">
     <span class='ocr_line' id='line_1_33' title="bbox 135 3131 1748 3219; baseline 0.001 -19"><span class='ocrx_word' id='word_1_235' title='bbox 135 3146 234 3201; x_wconf 77' lang='lat' dir='ltr'><strong>Non</strong></span> <span class='ocrx_word' id='word_1_236' title='bbox 256 3148 397 3203; x_wconf 84' lang='lat' dir='ltr'><strong>Deus</strong></span> <span class='ocrx_word' id='word_1_237' title='bbox 426 3151 478 3204; x_wconf 90' lang='lat' dir='ltr'><strong>in</strong></span> <span class='ocrx_word' id='word_1_238' title='bbox 509 3166 721 3206; x_wconf 88' lang='lat' dir='ltr'><strong>carnem</strong></span> <span class='ocrx_word' id='word_1_239' title='bbox 749 3162 831 3207; x_wconf 89' lang='lat' dir='ltr'><strong>est</strong></span> <span class='ocrx_word' id='word_1_240' title='bbox 859 3167 1064 3219; x_wconf 88' lang='lat' dir='ltr'><strong>versus,</strong></span> <span class='ocrx_word' id='word_1_241' title='bbox 1091 3152 1231 3206; x_wconf 88' lang='lat' dir='ltr'><strong>Deus</strong></span> <span class='ocrx_word' id='word_1_242' title='bbox 1271 3150 1464 3219; x_wconf 88' lang='lat' dir='ltr'><strong>accipit</strong></span> <span class='ocrx_word' id='word_1_243' title='bbox 1492 3156 1668 3210; x_wconf 88' lang='lat' dir='ltr'><strong>artus;</strong></span> <span class='ocrx_word' id='word_1_244' title='bbox 1699 3131 1748 3194; x_wconf 72' lang='grc' dir='ltr'>Ο</span> 
     </span>
    </p>
   </div>
   <div class='ocr_carea' id='block_1_34' title="bbox 194 3237 1495 3310">
    <p class='ocr_par' dir='ltr' id='par_1_34' title="bbox 194 3237 1495 3310">
     <span class='ocr_line' id='line_1_34' title="bbox 194 3237 1495 3310; baseline 0.004 -19"><span class='ocrx_word' id='word_1_245' title='bbox 194 3237 300 3293; x_wconf 79' lang='lat' dir='ltr'><strong>Non</strong></span> <span class='ocrx_word' id='word_1_246' title='bbox 327 3253 384 3293; x_wconf 86' lang='lat' dir='ltr'><strong>se</strong></span> <span class='ocrx_word' id='word_1_247' title='bbox 407 3251 734 3310; x_wconf 86' lang='lat' dir='ltr'><strong>permutans,</strong></span> <span class='ocrx_word' id='word_1_248' title='bbox 764 3243 856 3298; x_wconf 87' lang='lat' dir='ltr'><strong>sed</strong></span> <span class='ocrx_word' id='word_1_249' title='bbox 882 3244 984 3298; x_wconf 87' lang='lat' dir='ltr'><strong>sibi</strong></span> <span class='ocrx_word' id='word_1_250' title='bbox 1015 3244 1248 3298; x_wconf 89' lang='lat' dir='ltr'><strong>membra</strong></span> <span class='ocrx_word' id='word_1_251' title='bbox 1291 3243 1495 3305; x_wconf 84' lang='lat' dir='ltr'><strong>levans,</strong></span> 
     </span>
    </p>
   </div>
   <div class='ocr_carea' id='block_1_35' title="bbox 135 3328 1375 3416">
    <p class='ocr_par' dir='ltr' id='par_1_35' title="bbox 135 3328 1375 3416">
     <span class='ocr_line' id='line_1_35' title="bbox 135 3328 1375 3416; baseline 0.005 -34"><span class='ocrx_word' id='word_1_252' title='bbox 135 3328 281 3398; x_wconf 84' lang='lat' dir='ltr'><strong>Cujus</strong></span> <span class='ocrx_word' id='word_1_253' title='bbox 302 3346 403 3386; x_wconf 89' lang='lat' dir='ltr'><strong>non</strong></span> <span class='ocrx_word' id='word_1_254' title='bbox 429 3342 633 3403; x_wconf 87' lang='lat' dir='ltr'><strong>poterat</strong></span> <span class='ocrx_word' id='word_1_255' title='bbox 658 3333 826 3390; x_wconf 86' lang='lat' dir='ltr'><strong>deitas</strong></span> <span class='ocrx_word' id='word_1_256' title='bbox 856 3351 948 3406; x_wconf 90' lang='lat' dir='ltr'><strong>per</strong></span> <span class='ocrx_word' id='word_1_257' title='bbox 975 3346 1154 3416; x_wconf 77' lang='lat' dir='ltr'><strong>aperta</strong></span> <span class='ocrx_word' id='word_1_258' title='bbox 1184 3333 1375 3399; x_wconf 86' lang='lat' dir='ltr'><strong>videri,</strong></span> 
     </span>
    </p>
   </div>
   <div class='ocr_carea' id='block_1_36' title="bbox 197 3420 1388 3502">
    <p class='ocr_par' dir='ltr' id='par_1_36' title="bbox 197 3420 1388 3502">
     <span class='ocr_line' id='line_1_36' title="bbox 197 3420 1388 3502; baseline 0.008 -29"><span class='ocrx_word' id='word_1_259' title='bbox 197 3420 434 3490; x_wconf 78' lang='lat' dir='ltr'><strong>Velamen</strong></span> <span class='ocrx_word' id='word_1_260' title='bbox 465 3426 711 3494; x_wconf 71' lang='lat' dir='ltr'><strong>sumpsit,</strong></span> <span class='ocrx_word' id='word_1_261' title='bbox 741 3441 900 3502; x_wconf 85' lang='lat' dir='ltr'><strong>carne</strong></span> <span class='ocrx_word' id='word_1_262' title='bbox 929 3427 1182 3482; x_wconf 79' lang='lat' dir='ltr'><strong>videndus</strong></span> <span class='ocrx_word' id='word_1_263' title='bbox 1212 3428 1388 3482; x_wconf 88' lang='lat' dir='ltr'><strong>homo.</strong></span> 
     </span>
    </p>
   </div>
   <div class='ocr_carea' id='block_1_37' title="bbox 139 3508 1314 3585">
    <p class='ocr_par' dir='ltr' id='par_1_37' title="bbox 139 3508 1314 3585">
     <span class='ocr_line' id='line_1_37' title="bbox 139 3508 1314 3585; baseline 0.009 -24"><span class='ocrx_word' id='word_1_264' title='bbox 139 3508 269 3563; x_wconf 79' lang='lat' dir='ltr'><strong>Unus</strong></span> <span class='ocrx_word' id='word_1_265' title='bbox 297 3511 349 3566; x_wconf 87' lang='lat' dir='ltr'><strong>in</strong></span> <span class='ocrx_word' id='word_1_266' title='bbox 365 3513 621 3569; x_wconf 86' lang='lat' dir='ltr'><strong>ambabus</strong></span> <span class='ocrx_word' id='word_1_267' title='bbox 646 3519 870 3580; x_wconf 88' lang='lat' dir='ltr'><strong>naturis,</strong></span> <span class='ocrx_word' id='word_1_268' title='bbox 902 3533 1060 3572; x_wconf 90' lang='lat' dir='ltr'><strong>verus</strong></span> <span class='ocrx_word' id='word_1_269' title='bbox 1084 3519 1134 3570; x_wconf 87' lang='lat' dir='ltr'><strong>in</strong></span> <span class='ocrx_word' id='word_1_270' title='bbox 1168 3519 1314 3585; x_wconf 86' lang='lat' dir='ltr'><strong>ipsis,</strong></span> 
     </span>
    </p>
   </div>
   <div class='ocr_carea' id='block_1_38' title="bbox 198 3599 1298 3673">
    <p class='ocr_par' dir='ltr' id='par_1_38' title="bbox 198 3599 1298 3673">
     <span class='ocr_line' id='line_1_38' title="bbox 198 3599 1298 3673; baseline 0.003 -18"><span class='ocrx_word' id='word_1_271' title='bbox 198 3599 426 3669; x_wconf 65' lang='lat' dir='ltr'><strong>Equth</strong></span> <span class='ocrx_word' id='word_1_272' title='bbox 453 3604 608 3657; x_wconf 84' lang='lat' dir='ltr'><strong>matri</strong></span> <span class='ocrx_word' id='word_1_273' title='bbox 631 3601 782 3672; x_wconf 66' lang='lat' dir='ltr'><strong>hinc,</strong></span> <span class='ocrx_word' id='word_1_274' title='bbox 806 3621 900 3673; x_wconf 88' lang='lat' dir='ltr'><strong>par</strong></span> <span class='ocrx_word' id='word_1_275' title='bbox 921 3607 1116 3660; x_wconf 85' lang='lat' dir='ltr'><strong>deitate</strong></span> <span class='ocrx_word' id='word_1_276' title='bbox 1141 3607 1298 3658; x_wconf 82' lang='lat' dir='ltr'><strong>Patri.</strong></span> 
     </span>
    </p>
   </div>
   <div class='ocr_carea' id='block_1_39' title="bbox 137 3688 1668 3761">
    <p class='ocr_par' dir='ltr' id='par_1_39' title="bbox 137 3688 1668 3761">
     <span class='ocr_line' id='line_1_39' title="bbox 137 3688 1668 3761; baseline 0.001 -17"><span class='ocrx_word' id='word_1_277' title='bbox 137 3688 235 3745; x_wconf 83' lang='lat' dir='ltr'><strong>Non</strong></span> <span class='ocrx_word' id='word_1_278' title='bbox 264 3706 352 3746; x_wconf 86' lang='lat' dir='ltr'><strong>sua</strong></span> <span class='ocrx_word' id='word_1_279' title='bbox 375 3691 727 3758; x_wconf 74' lang='lat' dir='ltr'><strong>confundens,</strong></span> <span class='ocrx_word' id='word_1_280' title='bbox 757 3695 1062 3750; x_wconf 82' lang='lat' dir='ltr'><strong>sibinostra</strong></span> <span class='ocrx_word' id='word_1_281' title='bbox 1113 3695 1206 3749; x_wconf 89' lang='lat' dir='ltr'><strong>sed</strong></span> <span class='ocrx_word' id='word_1_282' title='bbox 1228 3693 1401 3749; x_wconf 90' lang='lat' dir='ltr'><strong>omnia</strong></span> <span class='ocrx_word' id='word_1_283' title='bbox 1432 3700 1668 3761; x_wconf 79' lang='lat' dir='ltr'><strong>nectens,</strong></span> 
     </span>
    </p>
   </div>
   <div class='ocr_carea' id='block_1_40' title="bbox 195 3774 1390 3858">
    <p class='ocr_par' dir='ltr' id='par_1_40' title="bbox 195 3774 1390 3858">
     <span class='ocr_line' id='line_1_40' title="bbox 195 3774 1390 3858; baseline 0.002 -21"><span class='ocrx_word' id='word_1_284' title='bbox 195 3784 354 3849; x_wconf 85' lang='lat' dir='ltr'><strong>Quem</strong></span> <span class='ocrx_word' id='word_1_285' title='bbox 378 3774 494 3839; x_wconf 81' lang='lat' dir='ltr'><strong>sine</strong></span> <span class='ocrx_word' id='word_1_286' title='bbox 521 3794 738 3854; x_wconf 86' lang='lat' dir='ltr'><strong>peccato</strong></span> <span class='ocrx_word' id='word_1_287' title='bbox 760 3787 926 3856; x_wconf 79' lang='lat' dir='ltr'><strong>gignit</strong></span> <span class='ocrx_word' id='word_1_288' title='bbox 954 3797 1170 3858; x_wconf 79' lang='lat' dir='ltr'><strong>uterque</strong></span> <span class='ocrx_word' id='word_1_289' title='bbox 1201 3789 1390 3842; x_wconf 89' lang='lat' dir='ltr'><strong>virum.</strong></span> 
     </span>
    </p>
   </div>
   <div class='ocr_carea' id='block_1_41' title="bbox 138 3871 1614 3948">
    <p class='ocr_par' dir='ltr' id='par_1_41' title="bbox 138 3871 1614 3948">
     <span class='ocr_line' id='line_1_41' title="bbox 138 3871 1614 3948; baseline 0.004 -23"><span class='ocrx_word' id='word_1_290' title='bbox 138 3871 203 3929; x_wconf 90' lang='lat' dir='ltr'><strong>De</strong></span> <span class='ocrx_word' id='word_1_291' title='bbox 230 3873 375 3930; x_wconf 81' lang='lat' dir='ltr'><strong>Patre</strong></span> <span class='ocrx_word' id='word_1_292' title='bbox 401 3883 555 3930; x_wconf 87' lang='lat' dir='ltr'><strong>natus</strong></span> <span class='ocrx_word' id='word_1_293' title='bbox 586 3875 786 3932; x_wconf 76' lang='lat' dir='ltr'><strong>trabeas</strong></span> <span class='ocrx_word' id='word_1_294' title='bbox 814 3878 1008 3946; x_wconf 87' lang='lat' dir='ltr'><strong>divina,</strong></span> <span class='ocrx_word' id='word_1_295' title='bbox 1048 3879 1382 3948; x_wconf 86' lang='lat' dir='ltr'><strong>humanaque</strong></span> <span class='ocrx_word' id='word_1_296' title='bbox 1409 3881 1614 3945; x_wconf 79' lang='lat' dir='ltr'><strong>matris,</strong></span> 
     </span>
    </p>
   </div>
   <div class='ocr_carea' id='block_1_42' title="bbox 197 3960 1394 4038">
    <p class='ocr_par' dir='ltr' id='par_1_42' title="bbox 197 3960 1394 4038">
     <span class='ocr_line' id='line_1_42' title="bbox 197 3960 1394 4038; baseline 0.005 -25"><span class='ocrx_word' id='word_1_297' title='bbox 197 3960 262 4016; x_wconf 91' lang='lat' dir='ltr'><strong>De</strong></span> <span class='ocrx_word' id='word_1_298' title='bbox 286 3960 440 4038; x_wconf 81' lang='lat' dir='ltr'><strong>Patre</strong></span> <span class='ocrx_word' id='word_1_299' title='bbox 479 3965 736 4028; x_wconf 84' lang='lat' dir='ltr'><strong>sublimis,</strong></span> <span class='ocrx_word' id='word_1_300' title='bbox 778 3968 844 4019; x_wconf 89' lang='lat' dir='ltr'><strong>de</strong></span> <span class='ocrx_word' id='word_1_301' title='bbox 872 3968 1128 4035; x_wconf 88' lang='lat' dir='ltr'><strong>genitriee</strong></span> <span class='ocrx_word' id='word_1_302' title='bbox 1159 3967 1394 4022; x_wconf 88' lang='lat' dir='ltr'><strong>humilis.</strong></span> 
     </span>
    </p>
   </div>
   <div class='ocr_carea' id='block_1_43' title="bbox 134 4048 1528 4123">
    <p class='ocr_par' dir='ltr' id='par_1_43' title="bbox 134 4048 1528 4123">
     <span class='ocr_line' id='line_1_43' title="bbox 134 4048 1528 4123; baseline 0.002 -20"><span class='ocrx_word' id='word_1_303' title='bbox 134 4048 338 4114; x_wconf 87' lang='lat' dir='ltr'><strong>Quando</strong></span> <span class='ocrx_word' id='word_1_304' title='bbox 363 4054 706 4122; x_wconf 87' lang='lat' dir='ltr'><strong>incorporeus</strong></span> <span class='ocrx_word' id='word_1_305' title='bbox 742 4053 762 4092; x_wconf 76' lang='grc' dir='ltr'>ί</span> <span class='ocrx_word' id='word_1_306' title='bbox 807 4056 889 4120; x_wconf 91' lang='lat' dir='ltr'><strong>pie</strong></span> <span class='ocrx_word' id='word_1_307' title='bbox 916 4058 1150 4123; x_wconf 90' lang='lat' dir='ltr'><strong>corporis</strong></span> <span class='ocrx_word' id='word_1_308' title='bbox 1174 4056 1344 4109; x_wconf 87' lang='lat' dir='ltr'><strong>induit</strong></span> <span class='ocrx_word' id='word_1_309' title='bbox 1364 4063 1528 4116; x_wconf 82' lang='lat' dir='ltr'><strong>artus,</strong></span> 
     </span>
    </p>
   </div>
   <div class='ocr_carea' id='block_1_44' title="bbox 192 4137 1668 4216">
    <p class='ocr_par' dir='ltr' id='par_1_44' title="bbox 192 4137 1668 4216">
     <span class='ocr_line' id='line_1_44' title="bbox 192 4137 1668 4216; baseline -0.001 -18"><span class='ocrx_word' id='word_1_310' title='bbox 192 4137 422 4211; x_wconf 72' lang='lat' dir='ltr'><strong>Equaiis</strong></span> <span class='ocrx_word' id='word_1_311' title='bbox 438 4144 592 4197; x_wconf 91' lang='lat' dir='ltr'><strong>matri</strong></span> <span class='ocrx_word' id='word_1_312' title='bbox 609 4144 684 4208; x_wconf 87' lang='lat' dir='ltr'><strong>iit,</strong></span> <span class='ocrx_word' id='word_1_313' title='bbox 706 4145 1009 4199; x_wconf 89' lang='lat' dir='ltr'><strong>minorinde</strong></span> <span class='ocrx_word' id='word_1_314' title='bbox 1025 4145 1182 4200; x_wconf 85' lang='lat' dir='ltr'><strong>Patri.</strong></span> <span class='ocrx_word' id='word_1_315' title='bbox 1211 4172 1220 4181; x_wconf 97' lang='lat'><strong>-</strong></span> <span class='ocrx_word' id='word_1_316' title='bbox 1261 4141 1421 4216; x_wconf 88' lang='lat' dir='ltr'><strong>[mur,</strong></span> <span class='ocrx_word' id='word_1_317' title='bbox 1440 4157 1668 4212; x_wconf 86' lang='lat' dir='ltr'><strong>ungues:</strong></span> 
     </span>
    </p>
   </div>
   <div class='ocr_carea' id='block_1_45' title="bbox 133 4219 1674 4313">
    <p class='ocr_par' dir='ltr' id='par_1_45' title="bbox 133 4219 1674 4313">
     <span class='ocr_line' id='line_1_45' title="bbox 133 4219 1674 4313; baseline 0.005 -31"><span class='ocrx_word' id='word_1_318' title='bbox 133 4225 359 4298; x_wconf 82' lang='lat' dir='ltr'><strong>Carnem,</strong></span> <span class='ocrx_word' id='word_1_319' title='bbox 401 4234 654 4302; x_wconf 88' lang='lat' dir='ltr'><strong>animam,</strong></span> <span class='ocrx_word' id='word_1_320' title='bbox 684 4219 826 4301; x_wconf 83' lang='lat' dir='ltr'><strong>ossa,</strong></span> <span class='ocrx_word' id='word_1_321' title='bbox 859 4245 1055 4301; x_wconf 87' lang='lat' dir='ltr'><strong>cutem,</strong></span> <span class='ocrx_word' id='word_1_322' title='bbox 1086 4250 1294 4299; x_wconf 81' lang='lat' dir='ltr'><strong>nervos,</strong></span> <span class='ocrx_word' id='word_1_323' title='bbox 1325 4247 1510 4313; x_wconf 69' lang='lat' dir='ltr'><strong>venas,</strong></span> <span class='ocrx_word' id='word_1_324' title='bbox 1542 4242 1567 4281; x_wconf 72' lang='grc' dir='ltr'>ε</span> <span class='ocrx_word' id='word_1_325' title='bbox 1598 4231 1674 4289; x_wconf 82' lang='lat' dir='ltr'><strong>Ie-</strong></span> 
     </span>
    </p>
   </div>
   <div class='ocr_carea' id='block_1_46' title="bbox 195 4317 1597 4391">
    <p class='ocr_par' dir='ltr' id='par_1_46' title="bbox 195 4317 1597 4391">
     <span class='ocr_line' id='line_1_46' title="bbox 195 4317 1597 4391; baseline -0.001 -14"><span class='ocrx_word' id='word_1_326' title='bbox 195 4320 428 4378; x_wconf 80' lang='lat' dir='ltr'><strong>Formam</strong></span> <span class='ocrx_word' id='word_1_327' title='bbox 462 4325 605 4380; x_wconf 80' lang='lat' dir='ltr'><strong>servi</strong></span> <span class='ocrx_word' id='word_1_328' title='bbox 627 4339 922 4391; x_wconf 88' lang='lat' dir='ltr'><strong>assumens,</strong></span> <span class='ocrx_word' id='word_1_329' title='bbox 952 4326 1121 4380; x_wconf 87' lang='lat' dir='ltr'><strong>minor</strong></span> <span class='ocrx_word' id='word_1_330' title='bbox 1150 4325 1272 4379; x_wconf 90' lang='lat' dir='ltr'><strong>inde</strong></span> <span class='ocrx_word' id='word_1_331' title='bbox 1294 4323 1457 4378; x_wconf 84' lang='lat' dir='ltr'><strong>Patri.</strong></span> <span class='ocrx_word' id='word_1_332' title='bbox 1594 4317 1597 4319; x_wconf 71' lang='grc'><em>’</em></span> 
     </span>
    </p>
   </div>
   <div class='ocr_carea' id='block_1_47' title="bbox 135 4411 1564 4484">
    <p class='ocr_par' dir='ltr' id='par_1_47' title="bbox 135 4411 1564 4484">
     <span class='ocr_line' id='line_1_47' title="bbox 135 4411 1564 4484; baseline 0.002 -20"><span class='ocrx_word' id='word_1_333' title='bbox 135 4411 226 4466; x_wconf 88' lang='lat' dir='ltr'><strong>Sed</strong></span> <span class='ocrx_word' id='word_1_334' title='bbox 253 4415 426 4481; x_wconf 85' lang='lat' dir='ltr'><strong>redeo,</strong></span> <span class='ocrx_word' id='word_1_335' title='bbox 459 4430 560 4483; x_wconf 81' lang='lat' dir='ltr'><strong>qua</strong></span> <span class='ocrx_word' id='word_1_336' title='bbox 602 4416 747 4484; x_wconf 87' lang='lat' dir='ltr'><strong>virgo</strong></span> <span class='ocrx_word' id='word_1_337' title='bbox 773 4415 933 4468; x_wconf 85' lang='lat' dir='ltr'><strong>trahit</strong></span> <span class='ocrx_word' id='word_1_338' title='bbox 963 4415 1087 4469; x_wconf 91' lang='lat' dir='ltr'><strong>miiti</strong></span> <span class='ocrx_word' id='word_1_339' title='bbox 1119 4415 1274 4469; x_wconf 85' lang='lat' dir='ltr'><strong>laude</strong></span> <span class='ocrx_word' id='word_1_340' title='bbox 1303 4413 1564 4480; x_wconf 79' lang='lat' dir='ltr'><strong>canenda,</strong></span> 
     </span>
    </p>
   </div>
   <div class='ocr_carea' id='block_1_48' title="bbox 195 4502 1230 4568">
    <p class='ocr_par' dir='ltr' id='par_1_48' title="bbox 195 4502 1230 4568">
     <span class='ocr_line' id='line_1_48' title="bbox 195 4502 1230 4568; baseline 0.004 -13"><span class='ocrx_word' id='word_1_341' title='bbox 195 4502 362 4566; x_wconf 79' lang='lat' dir='ltr'><strong>Qualis</strong></span> <span class='ocrx_word' id='word_1_342' title='bbox 391 4505 531 4557; x_wconf 89' lang='lat' dir='ltr'><strong>nulla</strong></span> <span class='ocrx_word' id='word_1_343' title='bbox 557 4505 669 4568; x_wconf 80' lang='lat' dir='ltr'><strong>fuit,</strong></span> <span class='ocrx_word' id='word_1_344' title='bbox 695 4505 834 4558; x_wconf 89' lang='lat' dir='ltr'><strong>nulla</strong></span> <span class='ocrx_word' id='word_1_345' title='bbox 863 4504 1032 4558; x_wconf 77' lang='lat' dir='ltr'><strong>futura</strong></span> <span class='ocrx_word' id='word_1_346' title='bbox 1065 4505 1230 4560; x_wconf 84' lang='lat' dir='ltr'><strong>venit.</strong></span> 
     </span>
    </p>
   </div>
   <div class='ocr_carea' id='block_1_49' title="bbox 134 4583 1528 4660">
    <p class='ocr_par' dir='ltr' id='par_1_49' title="bbox 134 4583 1528 4660">
     <span class='ocr_line' id='line_1_49' title="bbox 134 4583 1528 4660; baseline 0.002 -17"><span class='ocrx_word' id='word_1_347' title='bbox 134 4583 385 4660; x_wconf 70' lang='lat' dir='ltr'><strong>Quemqitu</strong></span> <span class='ocrx_word' id='word_1_348' title='bbox 406 4591 594 4659; x_wconf 84' lang='lat' dir='ltr'><strong>pluunt</strong></span> <span class='ocrx_word' id='word_1_349' title='bbox 622 4593 789 4646; x_wconf 83' lang='lat' dir='ltr'><strong>nubes</strong></span> <span class='ocrx_word' id='word_1_350' title='bbox 804 4592 1004 4660; x_wconf 82' lang='lat' dir='ltr'><strong>justum</strong></span> <span class='ocrx_word' id='word_1_351' title='bbox 1039 4591 1107 4646; x_wconf 87' lang='lat' dir='ltr'><strong>do</strong></span> <span class='ocrx_word' id='word_1_352' title='bbox 1132 4605 1255 4648; x_wconf 86' lang='lat' dir='ltr'><strong>rore</strong></span> <span class='ocrx_word' id='word_1_353' title='bbox 1275 4605 1528 4659; x_wconf 81' lang='lat' dir='ltr'><strong>superno,</strong></span> 
     </span>
    </p>
   </div>
   <div class='ocr_carea' id='block_1_50' title="bbox 194 4662 1471 4754">
    <p class='ocr_par' dir='ltr' id='par_1_50' title="bbox 194 4662 1471 4754">
     <span class='ocr_line' id='line_1_50' title="bbox 194 4662 1471 4754; baseline 0.002 -18"><span class='ocrx_word' id='word_1_354' title='bbox 194 4683 308 4738; x_wconf 68' lang='lat' dir='ltr'><strong>Haec</strong></span> <span class='ocrx_word' id='word_1_355' title='bbox 327 4683 664 4739; x_wconf 88' lang='lat' dir='ltr'><strong>Salvatorem</strong></span> <span class='ocrx_word' id='word_1_356' title='bbox 689 4683 923 4754; x_wconf 82' lang='lat' dir='ltr'><strong>germine</strong></span> <span class='ocrx_word' id='word_1_357' title='bbox 954 4696 1091 4739; x_wconf 86' lang='lat' dir='ltr'><strong>terra</strong></span> <span class='ocrx_word' id='word_1_358' title='bbox 1117 4683 1284 4740; x_wconf 88' lang='lat' dir='ltr'><strong>dedit.</strong></span> <span class='ocrx_word' id='word_1_359' title='bbox 1463 4662 1471 4675; x_wconf 61' lang='grc'><em>’</em></span> 
     </span>
    </p>
   </div>
   <div class='ocr_carea' id='block_1_51' title="bbox 135 4771 1666 4844">
    <p class='ocr_par' dir='ltr' id='par_1_51' title="bbox 135 4771 1666 4844">
     <span class='ocr_line' id='line_1_51' title="bbox 135 4771 1666 4844; baseline 0.007 -20"><span class='ocrx_word' id='word_1_360' title='bbox 135 4771 242 4824; x_wconf 61' lang='lat' dir='ltr'><strong>ilic</strong></span> <span class='ocrx_word' id='word_1_361' title='bbox 252 4783 395 4842; x_wconf 88' lang='lat' dir='ltr'><strong>porta</strong></span> <span class='ocrx_word' id='word_1_362' title='bbox 412 4773 701 4839; x_wconf 87' lang='lat' dir='ltr'><strong>estclausa,</strong></span> <span class='ocrx_word' id='word_1_363' title='bbox 716 4774 767 4828; x_wconf 89' lang='lat' dir='ltr'><strong>in</strong></span> <span class='ocrx_word' id='word_1_364' title='bbox 782 4787 939 4843; x_wconf 86' lang='lat' dir='ltr'><strong>quam</strong></span> <span class='ocrx_word' id='word_1_365' title='bbox 955 4772 1224 4844; x_wconf 80' lang='lat' dir='ltr'><strong>intratvir,</strong></span> <span class='ocrx_word' id='word_1_366' title='bbox 1241 4789 1398 4840; x_wconf 75' lang='lat' dir='ltr'><strong>nemo</strong></span> <span class='ocrx_word' id='word_1_367' title='bbox 1413 4790 1511 4832; x_wconf 90' lang='lat' dir='ltr'><strong>nec</strong></span> <span class='ocrx_word' id='word_1_368' title='bbox 1521 4778 1635 4834; x_wconf 71' lang='lat' dir='ltr'><strong>exit</strong></span> <span class='ocrx_word' id='word_1_369' title='bbox 1651 4792 1666 4841; x_wconf 88' lang='lat'><strong>;</strong></span> 
     </span>
    </p>
   </div>
   <div class='ocr_carea' id='block_1_52' title="bbox 194 4859 1500 4934">
    <p class='ocr_par' dir='ltr' id='par_1_52' title="bbox 194 4859 1500 4934">
     <span class='ocr_line' id='line_1_52' title="bbox 194 4859 1500 4934; baseline 0.002 -17"><span class='ocrx_word' id='word_1_370' title='bbox 194 4859 246 4916; x_wconf 81' lang='lat' dir='ltr'><strong>Ni</strong></span> <span class='ocrx_word' id='word_1_371' title='bbox 279 4862 532 4918; x_wconf 88' lang='lat' dir='ltr'><strong>Dominus</strong></span> <span class='ocrx_word' id='word_1_372' title='bbox 555 4864 718 4930; x_wconf 86' lang='lat' dir='ltr'><strong>solus,</strong></span> <span class='ocrx_word' id='word_1_373' title='bbox 748 4862 831 4920; x_wconf 90' lang='lat' dir='ltr'><strong>cui</strong></span> <span class='ocrx_word' id='word_1_374' title='bbox 861 4877 1070 4933; x_wconf 87' lang='lat' dir='ltr'><strong>quoque</strong></span> <span class='ocrx_word' id='word_1_375' title='bbox 1096 4865 1275 4920; x_wconf 85' lang='lat' dir='ltr'><strong>clausa</strong></span> <span class='ocrx_word' id='word_1_376' title='bbox 1300 4873 1500 4934; x_wconf 82' lang='lat' dir='ltr'><strong>patent.</strong></span> 
     </span>
    </p>
   </div>
   <div class='ocr_carea' id='block_1_53' title="bbox 133 4941 1428 5030">
    <p class='ocr_par' dir='ltr' id='par_1_53' title="bbox 133 4941 1428 5030">
     <span class='ocr_line' id='line_1_53' title="bbox 133 4941 1428 5030; baseline 0.007 -27"><span class='ocrx_word' id='word_1_377' title='bbox 133 4948 276 5020; x_wconf 82' lang='lat' dir='ltr'><strong>Cujus</strong></span> <span class='ocrx_word' id='word_1_378' title='bbox 299 4953 350 5009; x_wconf 88' lang='lat' dir='ltr'><strong>in</strong></span> <span class='ocrx_word' id='word_1_379' title='bbox 371 4955 600 5010; x_wconf 85' lang='lat' dir='ltr'><strong>adventu</strong></span> <span class='ocrx_word' id='word_1_380' title='bbox 616 4941 843 5010; x_wconf 55' lang='lat' dir='ltr'><strong>Exsiluit</strong></span> <span class='ocrx_word' id='word_1_381' title='bbox 860 4952 927 5010; x_wconf 89' lang='lat' dir='ltr'><strong>de</strong></span> <span class='ocrx_word' id='word_1_382' title='bbox 952 4965 1137 5018; x_wconf 83' lang='lat' dir='ltr'><strong>ventre</strong></span> <span class='ocrx_word' id='word_1_383' title='bbox 1160 4954 1428 5030; x_wconf 70' lang='lat' dir='ltr'><strong>Joannes,</strong></span> 
     </span>
    </p>
   </div>
   <div class='ocr_carea' id='block_1_54' title="bbox 191 5039 1384 5118">
    <p class='ocr_par' dir='ltr' id='par_1_54' title="bbox 191 5039 1384 5118">
     <span class='ocr_line' id='line_1_54' title="bbox 191 5039 1384 5118; baseline 0.009 -18"><span class='ocrx_word' id='word_1_384' title='bbox 191 5039 220 5082; x_wconf 63' lang='grc' dir='ltr'><strong>λ</strong></span> <span class='ocrx_word' id='word_1_385' title='bbox 252 5045 422 5101; x_wconf 80' lang='lat' dir='ltr'><strong>infans</strong></span> <span class='ocrx_word' id='word_1_386' title='bbox 449 5047 721 5116; x_wconf 83' lang='lat' dir='ltr'><strong>personuit</strong></span> <span class='ocrx_word' id='word_1_387' title='bbox 752 5061 970 5107; x_wconf 85' lang='lat' dir='ltr'><strong>munere</strong></span> <span class='ocrx_word' id='word_1_388' title='bbox 992 5061 1166 5118; x_wconf 65' lang='lat' dir='ltr'><strong>preco</strong></span> <span class='ocrx_word' id='word_1_389' title='bbox 1195 5063 1384 5111; x_wconf 65' lang='lat' dir='ltr'><strong>novus.</strong></span> 
     </span>
    </p>
   </div>
   <div class='ocr_carea' id='block_1_55' title="bbox 193 5138 1218 5244">
    <p class='ocr_par' dir='ltr' id='par_1_55' title="bbox 193 5138 1218 5244">
     <span class='ocr_line' id='line_1_55' title="bbox 193 5138 1218 5244; baseline 0.001 -11"><span class='ocrx_word' id='word_1_390' title='bbox 193 5180 288 5244; x_wconf 61' lang='lat' dir='ltr'><strong>sin</strong></span> <span class='ocrx_word' id='word_1_391' title='bbox 309 5179 444 5236; x_wconf 89' lang='lat' dir='ltr'><strong>Cod.</strong></span> <span class='ocrx_word' id='word_1_392' title='bbox 469 5177 613 5244; x_wconf 61' lang='lat' dir='ltr'><strong>Van,</strong></span> <span class='ocrx_word' id='word_1_393' title='bbox 644 5138 850 5232; x_wconf 68' lang='lat' dir='ltr'><strong>Esaias.</strong></span> <span class='ocrx_word' id='word_1_394' title='bbox 875 5178 953 5232; x_wconf 88' lang='lat' dir='ltr'><strong>Ita</strong></span> <span class='ocrx_word' id='word_1_395' title='bbox 980 5185 1034 5232; x_wconf 91' lang='lat' dir='ltr'><strong>et</strong></span> <span class='ocrx_word' id='word_1_396' title='bbox 1060 5176 1218 5234; x_wconf 79' lang='lat' dir='ltr'><strong>Fabr.</strong></span> 
     </span>
    </p>
   </div>
   <div class='ocr_carea' id='block_1_56' title="bbox 189 5242 821 5318">
    <p class='ocr_par' dir='ltr' id='par_1_56' title="bbox 189 5242 821 5318">
     <span class='ocr_line' id='line_1_56' title="bbox 189 5242 821 5318; baseline -0.006 -14"><span class='ocrx_word' id='word_1_397' title='bbox 189 5242 216 5284; x_wconf 73' lang='grc'><strong><em>³³</em></strong></span> <span class='ocrx_word' id='word_1_398' title='bbox 240 5249 466 5318; x_wconf 58' lang='lat' dir='ltr'><strong>Febrim,</strong></span> <span class='ocrx_word' id='word_1_399' title='bbox 492 5242 632 5318; x_wconf 69' lang='lat' dir='ltr'><strong>uirgo</strong></span> <span class='ocrx_word' id='word_1_400' title='bbox 658 5248 821 5300; x_wconf 82' lang='lat' dir='ltr'><strong>daret.</strong></span> 
     </span>
    </p>
   </div>
   <div class='ocr_carea' id='block_1_57' title="bbox 195 5312 1372 5386">
    <p class='ocr_par' dir='ltr' id='par_1_57' title="bbox 195 5312 1372 5386">
     <span class='ocr_line' id='line_1_57' title="bbox 195 5312 1372 5386; baseline -0.002 -17"><span class='ocrx_word' id='word_1_401' title='bbox 195 5322 215 5386; x_wconf 63' lang='grc' dir='ltr'>ε</span> <span class='ocrx_word' id='word_1_402' title='bbox 242 5316 292 5386; x_wconf 78' lang='lat' dir='ltr'><strong>In</strong></span> <span class='ocrx_word' id='word_1_403' title='bbox 320 5312 462 5374; x_wconf 71' lang='lat' dir='ltr'><strong>Cod.</strong></span> <span class='ocrx_word' id='word_1_404' title='bbox 484 5312 627 5381; x_wconf 74' lang='lat' dir='ltr'><strong>Vat.,</strong></span> <span class='ocrx_word' id='word_1_405' title='bbox 658 5317 719 5371; x_wconf 79' lang='lat' dir='ltr'><strong>de</strong></span> <span class='ocrx_word' id='word_1_406' title='bbox 740 5323 940 5386; x_wconf 70' lang='lat' dir='ltr'><strong>quaest</strong></span> <span class='ocrx_word' id='word_1_407' title='bbox 967 5315 1063 5386; x_wconf 73' lang='lat' dir='ltr'><strong>ﬂos</strong></span> <span class='ocrx_word' id='word_1_408' title='bbox 1090 5312 1342 5380; x_wconf 71' lang='lat' dir='ltr'><strong>Christus.</strong></span> <span class='ocrx_word' id='word_1_409' title='bbox 1370 5371 1372 5374; x_wconf 54' lang='grc'>,</span> 
     </span>
    </p>
   </div>
   <div class='ocr_carea' id='block_1_58' title="bbox 189 5377 912 5456">
    <p class='ocr_par' dir='ltr' id='par_1_58' title="bbox 189 5377 912 5456">
     <span class='ocr_line' id='line_1_58' title="bbox 189 5377 912 5456; baseline 0.001 -19"><span class='ocrx_word' id='word_1_410' title='bbox 189 5377 210 5417; x_wconf 68' lang='grc'><em>⁸</em></span> <span class='ocrx_word' id='word_1_411' title='bbox 239 5381 393 5456; x_wconf 67' lang='lat' dir='ltr'><strong>l_bid.,</strong></span> <span class='ocrx_word' id='word_1_412' title='bbox 427 5388 476 5439; x_wconf 84' lang='lat' dir='ltr'><strong>in</strong></span> <span class='ocrx_word' id='word_1_413' title='bbox 500 5377 786 5456; x_wconf 40' lang='lat' dir='ltr'><strong>ipsa&#39;ltom&#39;o</strong></span> <span class='ocrx_word' id='word_1_414' title='bbox 813 5384 912 5456; x_wconf 59' lang='lat' dir='ltr'><strong>hic.</strong></span> 
     </span>
    </p>
   </div>
   <div class='ocr_carea' id='block_1_59' title="bbox 159 5448 1748 5526">
    <p class='ocr_par' dir='ltr' id='par_1_59' title="bbox 159 5448 1748 5526">
     <span class='ocr_line' id='line_1_59' title="bbox 159 5448 1748 5526; baseline -0.01 -17"><span class='ocrx_word' id='word_1_415' title='bbox 159 5448 172 5526; x_wconf 48' lang='grc' dir='ltr'><strong>ἶ</strong></span> <span class='ocrx_word' id='word_1_416' title='bbox 196 5459 220 5489; x_wconf 76' lang='grc'><strong><em>⁸</em></strong></span> <span class='ocrx_word' id='word_1_417' title='bbox 244 5448 471 5522; x_wconf 59' lang='lat' dir='ltr'><strong>Febrim,</strong></span> <span class='ocrx_word' id='word_1_418' title='bbox 507 5448 591 5511; x_wconf 60' lang='lat' dir='ltr'><strong>llic</strong></span> <span class='ocrx_word' id='word_1_419' title='bbox 606 5467 863 5526; x_wconf 78' lang='lat' dir='ltr'><strong>tanquam.</strong></span> <span class='ocrx_word' id='word_1_420' title='bbox 892 5452 957 5508; x_wconf 78' lang='lat' dir='ltr'><strong>Et</strong></span> <span class='ocrx_word' id='word_1_421' title='bbox 982 5459 1120 5522; x_wconf 83' lang='lat' dir='ltr'><strong>post,</strong></span> <span class='ocrx_word' id='word_1_422' title='bbox 1146 5451 1241 5506; x_wconf 72' lang='grc' dir='ltr'><strong>ΜΒ.</strong></span> <span class='ocrx_word' id='word_1_423' title='bbox 1265 5450 1686 5514; x_wconf 34' lang='lat' dir='ltr'><strong>habet-dum.</strong></span> <span class='ocrx_word' id='word_1_424' title='bbox 1729 5480 1748 5493; x_wconf 92' lang='lat'><strong>.</strong></span> 
     </span>
    </p>
   </div>
   <div class='ocr_carea' id='block_1_60' title="bbox 129 5519 1140 5665">
    <p class='ocr_par' dir='ltr' id='par_1_60' title="bbox 129 5519 1140 5665">
     <span class='ocr_line' id='line_1_60' title="bbox 129 5519 1140 5665; baseline 0.002 -20"><span class='ocrx_word' id='word_1_425' title='bbox 129 5519 386 5665; x_wconf 43' lang='lat' dir='ltr'><strong>“habiti”</strong></span> <span class='ocrx_word' id='word_1_426' title='bbox 416 5593 742 5665; x_wconf 78' lang='lat' dir='ltr'><strong>incorporeus</strong></span> <span class='ocrx_word' id='word_1_427' title='bbox 769 5595 880 5665; x_wconf 67' lang='lat' dir='ltr'><strong>sibi</strong></span> <span class='ocrx_word' id='word_1_428' title='bbox 894 5593 1140 5663; x_wconf 81' lang='lat' dir='ltr'><strong>corporis.</strong></span> 
     </span>
    </p>
   </div>
   <div class='ocr_carea' id='block_1_61' title="bbox 192 5656 1183 5736">
    <p class='ocr_par' dir='ltr' id='par_1_61' title="bbox 192 5656 1183 5736">
     <span class='ocr_line' id='line_1_61' title="bbox 192 5656 1183 5736; baseline 0.006 -23"><span class='ocrx_word' id='word_1_429' title='bbox 192 5656 386 5736; x_wconf 73' lang='lat' dir='ltr'><strong>_KI_bitl_.,</strong></span> <span class='ocrx_word' id='word_1_430' title='bbox 419 5656 616 5736; x_wconf 63' lang='lat' dir='ltr'><strong>neruos,</strong></span> <span class='ocrx_word' id='word_1_431' title='bbox 643 5661 884 5730; x_wconf 71' lang='lat' dir='ltr'><strong>uentrem,</strong></span> <span class='ocrx_word' id='word_1_432' title='bbox 911 5656 1099 5736; x_wconf 63' lang='lat' dir='ltr'><strong>femur.</strong></span> <span class='ocrx_word' id='word_1_433' title='bbox 1175 5716 1183 5725; x_wconf 85' lang='grc'><em>,</em></span> 
     </span>
    </p>
   </div>
   <div class='ocr_carea' id='block_1_62' title="bbox 190 5723 1504 5821">
    <p class='ocr_par' dir='ltr' id='par_1_62' title="bbox 190 5723 1504 5821">
     <span class='ocr_line' id='line_1_62' title="bbox 190 5723 1504 5821; baseline 0.003 -35"><span class='ocrx_word' id='word_1_434' title='bbox 190 5723 212 5765; x_wconf 83' lang='grc'><strong>¹³</strong></span> <span class='ocrx_word' id='word_1_435' title='bbox 246 5728 298 5786; x_wconf 86' lang='lat' dir='ltr'><strong>Io</strong></span> <span class='ocrx_word' id='word_1_436' title='bbox 323 5723 454 5790; x_wconf 64' lang='lat' dir='ltr'><strong>Gud.</strong></span> <span class='ocrx_word' id='word_1_437' title='bbox 489 5723 686 5801; x_wconf 52' lang='lat' dir='ltr'><strong>Vatia,</strong></span> <span class='ocrx_word' id='word_1_438' title='bbox 715 5723 882 5806; x_wconf 69' lang='lat' dir='ltr'><strong>infans</strong></span> <span class='ocrx_word' id='word_1_439' title='bbox 911 5723 1004 5796; x_wconf 68' lang='lat' dir='ltr'><strong>im</strong></span> <span class='ocrx_word' id='word_1_440' title='bbox 1025 5723 1241 5797; x_wconf 68' lang='lat' dir='ltr'><strong>sanetur</strong></span> <span class='ocrx_word' id='word_1_441' title='bbox 1263 5726 1504 5821; x_wconf 49' lang='grc' dir='ltr'><strong>πικραί</strong></span> 
     </span>
    </p>
   </div>
   <div class='ocr_carea' id='block_1_63' title="bbox 1819 555 2990 624">
    <p class='ocr_par' dir='ltr' id='par_1_63' title="bbox 1819 555 2990 624">
     <span class='ocr_line' id='line_1_63' title="bbox 1819 555 2990 624; baseline -0.004 -14"><span class='ocrx_word' id='word_1_442' title='bbox 1819 555 2051 611; x_wconf 76' lang='lat' dir='ltr'><strong>Materna</strong></span> <span class='ocrx_word' id='word_1_443' title='bbox 2078 566 2134 611; x_wconf 88' lang='lat' dir='ltr'><strong>et</strong></span> <span class='ocrx_word' id='word_1_444' title='bbox 2162 562 2326 624; x_wconf 81' lang='lat' dir='ltr'><strong>puero</strong></span> <span class='ocrx_word' id='word_1_445' title='bbox 2351 558 2582 610; x_wconf 86' lang='lat' dir='ltr'><strong>membra</strong></span> <span class='ocrx_word' id='word_1_446' title='bbox 2621 555 2848 623; x_wconf 69' lang='lat' dir='ltr'><strong>fenestra</strong></span> <span class='ocrx_word' id='word_1_447' title='bbox 2877 555 2990 606; x_wconf 82' lang='lat' dir='ltr'><strong>fuit.</strong></span> 
     </span>
    </p>
   </div>
   <div class='ocr_carea' id='block_1_64' title="bbox 1751 642 3170 709">
    <p class='ocr_par' dir='ltr' id='par_1_64' title="bbox 1751 642 3170 709">
     <span class='ocr_line' id='line_1_64' title="bbox 1751 642 3170 709; baseline -0.001 -16"><span class='ocrx_word' id='word_1_448' title='bbox 1751 642 1970 709; x_wconf 86' lang='lat' dir='ltr'><strong>Quando</strong></span> <span class='ocrx_word' id='word_1_449' title='bbox 1993 643 2294 705; x_wconf 87' lang='lat' dir='ltr'><strong>exsultavit,</strong></span> <span class='ocrx_word' id='word_1_450' title='bbox 2343 651 2580 698; x_wconf 88' lang='lat' dir='ltr'><strong>ventrem</strong></span> <span class='ocrx_word' id='word_1_451' title='bbox 2612 642 2678 695; x_wconf 88' lang='lat' dir='ltr'><strong>de</strong></span> <span class='ocrx_word' id='word_1_452' title='bbox 2703 650 2884 694; x_wconf 87' lang='lat' dir='ltr'><strong>ventre</strong></span> <span class='ocrx_word' id='word_1_453' title='bbox 2911 642 3170 702; x_wconf 85' lang='lat' dir='ltr'><strong>salutans,</strong></span> 
     </span>
    </p>
   </div>
   <div class='ocr_carea' id='block_1_65' title="bbox 1823 729 3036 802">
    <p class='ocr_par' dir='ltr' id='par_1_65' title="bbox 1823 729 3036 802">
     <span class='ocr_line' id='line_1_65' title="bbox 1823 729 3036 802; baseline -0.005 -15"><span class='ocrx_word' id='word_1_454' title='bbox 1823 734 1956 787; x_wconf 89' lang='lat' dir='ltr'><strong>Dum</strong></span> <span class='ocrx_word' id='word_1_455' title='bbox 1988 735 2118 801; x_wconf 86' lang='lat' dir='ltr'><strong>pede</strong></span> <span class='ocrx_word' id='word_1_456' title='bbox 2141 748 2245 788; x_wconf 89' lang='lat' dir='ltr'><strong>non</strong></span> <span class='ocrx_word' id='word_1_457' title='bbox 2277 735 2450 802; x_wconf 86' lang='lat' dir='ltr'><strong>potuit</strong></span> <span class='ocrx_word' id='word_1_458' title='bbox 2477 732 2706 786; x_wconf 89' lang='lat' dir='ltr'><strong>motibus</strong></span> <span class='ocrx_word' id='word_1_459' title='bbox 2741 729 2755 766; x_wconf 80' lang='grc' dir='ltr'>ί</span> <span class='ocrx_word' id='word_1_460' title='bbox 2803 732 2895 783; x_wconf 87' lang='lat' dir='ltr'><strong>ivit</strong></span> <span class='ocrx_word' id='word_1_461' title='bbox 2917 730 3036 782; x_wconf 86' lang='lat' dir='ltr'><strong>iter.</strong></span> 
     </span>
    </p>
   </div>
   <div class='ocr_carea' id='block_1_66' title="bbox 1711 815 3134 896">
    <p class='ocr_par' dir='ltr' id='par_1_66' title="bbox 1711 815 3134 896">
     <span class='ocr_line' id='line_1_66' title="bbox 1711 815 3134 896; baseline -0.005 -20"><span class='ocrx_word' id='word_1_462' title='bbox 1711 888 1720 896; x_wconf 26' lang='lat'><strong><em>‘</em></strong></span> <span class='ocrx_word' id='word_1_463' title='bbox 1755 821 1944 889; x_wconf 65' lang='lat' dir='ltr'><strong>Credo,</strong></span> <span class='ocrx_word' id='word_1_464' title='bbox 1966 833 2021 879; x_wconf 89' lang='lat' dir='ltr'><strong>et</strong></span> <span class='ocrx_word' id='word_1_465' title='bbox 2047 832 2336 892; x_wconf 82' lang='lat' dir='ltr'><strong>prostratus</strong></span> <span class='ocrx_word' id='word_1_466' title='bbox 2353 822 2534 891; x_wconf 84' lang='lat' dir='ltr'><strong>jacuit,</strong></span> <span class='ocrx_word' id='word_1_467' title='bbox 2567 821 2873 892; x_wconf 79' lang='lat' dir='ltr'><strong>palmasque</strong></span> <span class='ocrx_word' id='word_1_468' title='bbox 2897 815 3134 882; x_wconf 79' lang='lat' dir='ltr'><strong>tetendit,</strong></span> 
     </span>
    </p>
   </div>
   <div class='ocr_carea' id='block_1_67' title="bbox 1827 907 3151 982">
    <p class='ocr_par' dir='ltr' id='par_1_67' title="bbox 1827 907 3151 982">
     <span class='ocr_line' id='line_1_67' title="bbox 1827 907 3151 982; baseline -0.006 -17"><span class='ocrx_word' id='word_1_469' title='bbox 1827 911 1964 967; x_wconf 84' lang='lat' dir='ltr'><strong>Ante</strong></span> <span class='ocrx_word' id='word_1_470' title='bbox 1993 907 2394 982; x_wconf 76' lang='lat' dir='ltr'><strong>Redemptorein</strong></span> <span class='ocrx_word' id='word_1_471' title='bbox 2432 908 2648 981; x_wconf 84' lang='lat' dir='ltr'><strong>parvula</strong></span> <span class='ocrx_word' id='word_1_472' title='bbox 2678 908 2913 962; x_wconf 87' lang='lat' dir='ltr'><strong>membra</strong></span> <span class='ocrx_word' id='word_1_473' title='bbox 2937 920 3151 959; x_wconf 84' lang='lat' dir='ltr'><strong>movens</strong></span> 
     </span>
    </p>
   </div>
   <div class='ocr_carea' id='block_1_68' title="bbox 1755 994 3313 1075">
    <p class='ocr_par' dir='ltr' id='par_1_68' title="bbox 1755 994 3313 1075">
     <span class='ocr_line' id='line_1_68' title="bbox 1755 994 3313 1075; baseline -0.006 -18"><span class='ocrx_word' id='word_1_474' title='bbox 1755 1001 2150 1070; x_wconf 87' lang='lat' dir='ltr'><strong>Corrigiamque</strong></span> <span class='ocrx_word' id='word_1_475' title='bbox 2171 1003 2362 1071; x_wconf 89' lang='lat' dir='ltr'><strong>pedum</strong></span> <span class='ocrx_word' id='word_1_476' title='bbox 2385 1001 2632 1072; x_wconf 85' lang='lat' dir='ltr'><strong>quoniam</strong></span> <span class='ocrx_word' id='word_1_477' title='bbox 2652 1007 2736 1054; x_wconf 84' lang='lat' dir='ltr'><strong>est</strong></span> <span class='ocrx_word' id='word_1_478' title='bbox 2752 1015 2854 1052; x_wconf 85' lang='lat' dir='ltr'><strong>non</strong></span> <span class='ocrx_word' id='word_1_479' title='bbox 2875 994 3313 1075; x_wconf 74' lang='lat' dir='ltr'><strong>solvere&#39;diguus.</strong></span> 
     </span>
    </p>
   </div>
   <div class='ocr_carea' id='block_1_69' title="bbox 1827 1093 3010 1161">
    <p class='ocr_par' dir='ltr' id='par_1_69' title="bbox 1827 1093 3010 1161">
     <span class='ocr_line' id='line_1_69' title="bbox 1827 1093 3010 1161; baseline -0.004 -13"><span class='ocrx_word' id='word_1_480' title='bbox 1827 1093 2028 1148; x_wconf 83' lang='lat' dir='ltr'><strong>Pronus</strong></span> <span class='ocrx_word' id='word_1_481' title='bbox 2052 1093 2308 1161; x_wconf 84' lang='lat' dir='ltr'><strong>adoravit,</strong></span> <span class='ocrx_word' id='word_1_482' title='bbox 2352 1095 2532 1160; x_wconf 88' lang='lat' dir='ltr'><strong>credo,</strong></span> <span class='ocrx_word' id='word_1_483' title='bbox 2565 1102 2824 1147; x_wconf 89' lang='lat' dir='ltr'><strong>tremente</strong></span> <span class='ocrx_word' id='word_1_484' title='bbox 2853 1106 3010 1160; x_wconf 84' lang='lat' dir='ltr'><strong>genu.</strong></span> 
     </span>
    </p>
   </div>
   <div class='ocr_carea' id='block_1_70' title="bbox 1757 1183 3186 1256">
    <p class='ocr_par' dir='ltr' id='par_1_70' title="bbox 1757 1183 3186 1256">
     <span class='ocr_line' id='line_1_70' title="bbox 1757 1183 3186 1256; baseline -0.003 -17"><span class='ocrx_word' id='word_1_485' title='bbox 1757 1183 1960 1239; x_wconf 84' lang='lat' dir='ltr'><strong>Nobilis</strong></span> <span class='ocrx_word' id='word_1_486' title='bbox 1987 1184 2281 1254; x_wconf 83' lang='lat' dir='ltr'><strong>Eiizabeth,</strong></span> <span class='ocrx_word' id='word_1_487' title='bbox 2310 1187 2376 1239; x_wconf 89' lang='lat' dir='ltr'><strong>de</strong></span> <span class='ocrx_word' id='word_1_488' title='bbox 2407 1199 2507 1254; x_wconf 85' lang='lat' dir='ltr'><strong>qua</strong></span> <span class='ocrx_word' id='word_1_489' title='bbox 2537 1185 2678 1240; x_wconf 88' lang='lat' dir='ltr'><strong>canit</strong></span> <span class='ocrx_word' id='word_1_490' title='bbox 2706 1185 2814 1238; x_wconf 87' lang='lat' dir='ltr'><strong>alta</strong></span> <span class='ocrx_word' id='word_1_491' title='bbox 2843 1185 3186 1256; x_wconf 75' lang='lat' dir='ltr'><strong>prophetans,</strong></span> 
     </span>
    </p>
   </div>
   <div class='ocr_carea' id='block_1_71' title="bbox 1833 1274 3035 1346">
    <p class='ocr_par' dir='ltr' id='par_1_71' title="bbox 1833 1274 3035 1346">
     <span class='ocr_line' id='line_1_71' title="bbox 1833 1274 3035 1346; baseline -0.004 -18"><span class='ocrx_word' id='word_1_492' title='bbox 1833 1275 2257 1344; x_wconf 63' lang='lat' dir='ltr'><strong>Ilac,_operattt&#39;e</strong></span> <span class='ocrx_word' id='word_1_493' title='bbox 2284 1276 2410 1340; x_wconf 83' lang='lat' dir='ltr'><strong>Deo,</strong></span> <span class='ocrx_word' id='word_1_494' title='bbox 2437 1277 2670 1346; x_wconf 82' lang='lat' dir='ltr'><strong>germina</strong></span> <span class='ocrx_word' id='word_1_495' title='bbox 2694 1275 2812 1329; x_wconf 66' lang='lat' dir='ltr'><strong>laeta</strong></span> <span class='ocrx_word' id='word_1_496' title='bbox 2843 1274 3035 1326; x_wconf 78' lang='lat' dir='ltr'><strong>refert:</strong></span> 
     </span>
    </p>
   </div>
   <div class='ocr_carea' id='block_1_72' title="bbox 1761 1365 3041 1436">
    <p class='ocr_par' dir='ltr' id='par_1_72' title="bbox 1761 1365 3041 1436">
     <span class='ocr_line' id='line_1_72' title="bbox 1761 1365 3041 1436; baseline -0.003 -14"><span class='ocrx_word' id='word_1_497' title='bbox 1761 1366 1807 1422; x_wconf 89' lang='grc'>0</span> <span class='ocrx_word' id='word_1_498' title='bbox 1827 1367 2100 1421; x_wconf 81' lang='lat' dir='ltr'><strong>benedicta</strong></span> <span class='ocrx_word' id='word_1_499' title='bbox 2129 1370 2266 1422; x_wconf 85' lang='lat' dir='ltr'><strong>inter</strong></span> <span class='ocrx_word' id='word_1_500' title='bbox 2292 1366 2566 1436; x_wconf 75' lang='lat' dir='ltr'><strong>mulieres,</strong></span> <span class='ocrx_word' id='word_1_501' title='bbox 2593 1365 2732 1426; x_wconf 83' lang='lat' dir='ltr'><strong>unde</strong></span> <span class='ocrx_word' id='word_1_502' title='bbox 2764 1365 2890 1418; x_wconf 88' lang='lat' dir='ltr'><strong>mihi</strong></span> <span class='ocrx_word' id='word_1_503' title='bbox 2921 1365 3041 1427; x_wconf 62' lang='lat' dir='ltr'><strong>hoc;</strong></span> 
     </span>
    </p>
   </div>
   <div class='ocr_carea' id='block_1_73' title="bbox 1832 1444 3027 1520">
    <p class='ocr_par' dir='ltr' id='par_1_73' title="bbox 1832 1444 3027 1520">
     <span class='ocr_line' id='line_1_73' title="bbox 1832 1444 3027 1520; baseline -0.006 -9"><span class='ocrx_word' id='word_1_504' title='bbox 1832 1455 1915 1511; x_wconf 82' lang='lat' dir='ltr'><strong>Me</strong></span> <span class='ocrx_word' id='word_1_505' title='bbox 1941 1467 1995 1510; x_wconf 94' lang='lat' dir='ltr'><strong>ut</strong></span> <span class='ocrx_word' id='word_1_506' title='bbox 2018 1466 2185 1518; x_wconf 84' lang='lat' dir='ltr'><strong>mater</strong></span> <span class='ocrx_word' id='word_1_507' title='bbox 2215 1457 2417 1520; x_wconf 89' lang='lat' dir='ltr'><strong>Domini</strong></span> <span class='ocrx_word' id='word_1_508' title='bbox 2447 1456 2617 1512; x_wconf 87' lang='lat' dir='ltr'><strong>visitet</strong></span> <span class='ocrx_word' id='word_1_509' title='bbox 2650 1455 2787 1510; x_wconf 85' lang='lat' dir='ltr'><strong>alma</strong></span> <span class='ocrx_word' id='word_1_510' title='bbox 2818 1453 2951 1507; x_wconf 82' lang='lat' dir='ltr'><strong>mei?</strong></span> <span class='ocrx_word' id='word_1_511' title='bbox 3020 1444 3027 1448; x_wconf 77' lang='grc'><em>’</em></span> 
     </span>
    </p>
   </div>
   <div class='ocr_carea' id='block_1_74' title="bbox 1765 1539 3204 1617">
    <p class='ocr_par' dir='ltr' id='par_1_74' title="bbox 1765 1539 3204 1617">
     <span class='ocr_line' id='line_1_74' title="bbox 1765 1539 3204 1617; baseline -0.005 -18"><span class='ocrx_word' id='word_1_512' title='bbox 1765 1544 1910 1600; x_wconf 85' lang='lat' dir='ltr'><strong>Hanc</strong></span> <span class='ocrx_word' id='word_1_513' title='bbox 1939 1545 2150 1607; x_wconf 78' lang='lat' dir='ltr'><strong>Gabriel</strong></span> <span class='ocrx_word' id='word_1_514' title='bbox 2178 1545 2373 1600; x_wconf 86' lang='lat' dir='ltr'><strong>vocitat</strong></span> <span class='ocrx_word' id='word_1_515' title='bbox 2400 1547 2736 1600; x_wconf 76' lang='lat' dir='ltr'><strong>benedictum</strong></span> <span class='ocrx_word' id='word_1_516' title='bbox 2769 1543 2922 1596; x_wconf 84' lang='lat' dir='ltr'><strong>laude</strong></span> <span class='ocrx_word' id='word_1_517' title='bbox 2958 1539 3204 1617; x_wconf 74' lang='lat' dir='ltr'><strong>puellam,</strong></span> 
     </span>
    </p>
   </div>
   <div class='ocr_carea' id='block_1_75' title="bbox 1841 1633 3046 1706">
    <p class='ocr_par' dir='ltr' id='par_1_75' title="bbox 1841 1633 3046 1706">
     <span class='ocr_line' id='line_1_75' title="bbox 1841 1633 3046 1706; baseline -0.002 -18"><span class='ocrx_word' id='word_1_518' title='bbox 1841 1635 1909 1689; x_wconf 85' lang='lat' dir='ltr'><strong>Et</strong></span> <span class='ocrx_word' id='word_1_519' title='bbox 1937 1635 2125 1690; x_wconf 88' lang='lat' dir='ltr'><strong>merito</strong></span> <span class='ocrx_word' id='word_1_520' title='bbox 2163 1635 2386 1702; x_wconf 80' lang='lat' dir='ltr'><strong>extollit,</strong></span> <span class='ocrx_word' id='word_1_521' title='bbox 2408 1651 2524 1706; x_wconf 67' lang='lat' dir='ltr'><strong>quae</strong></span> <span class='ocrx_word' id='word_1_522' title='bbox 2557 1651 2690 1690; x_wconf 87' lang='lat' dir='ltr'><strong>nova</strong></span> <span class='ocrx_word' id='word_1_523' title='bbox 2721 1634 2857 1688; x_wconf 87' lang='lat' dir='ltr'><strong>dona</strong></span> <span class='ocrx_word' id='word_1_524' title='bbox 2888 1633 3046 1702; x_wconf 80' lang='lat' dir='ltr'><strong>gerit;</strong></span> 
     </span>
    </p>
   </div>
   <div class='ocr_carea' id='block_1_76' title="bbox 1768 1720 3226 1800">
    <p class='ocr_par' dir='ltr' id='par_1_76' title="bbox 1768 1720 3226 1800">
     <span class='ocr_line' id='line_1_76' title="bbox 1768 1720 3226 1800; baseline -0.005 -21"><span class='ocrx_word' id='word_1_525' title='bbox 1768 1723 1896 1792; x_wconf 66' lang='lat' dir='ltr'><strong>Qum</strong></span> <span class='ocrx_word' id='word_1_526' title='bbox 1924 1724 2160 1794; x_wconf 87' lang='lat' dir='ltr'><strong>genitura</strong></span> <span class='ocrx_word' id='word_1_527' title='bbox 2183 1725 2318 1789; x_wconf 75' lang='lat' dir='ltr'><strong>foret</strong></span> <span class='ocrx_word' id='word_1_528' title='bbox 2348 1725 2679 1791; x_wconf 82' lang='lat' dir='ltr'><strong>benedicmm</strong></span> <span class='ocrx_word' id='word_1_529' title='bbox 2710 1724 2944 1800; x_wconf 82' lang='lat' dir='ltr'><strong>germine</strong></span> <span class='ocrx_word' id='word_1_530' title='bbox 2975 1720 3226 1786; x_wconf 82' lang='lat' dir='ltr'><strong>fructum,</strong></span> 
     </span>
    </p>
   </div>
   <div class='ocr_carea' id='block_1_77' title="bbox 1839 1812 2982 1890">
    <p class='ocr_par' dir='ltr' id='par_1_77' title="bbox 1839 1812 2982 1890">
     <span class='ocr_line' id='line_1_77' title="bbox 1839 1812 2982 1890; baseline -0.007 -19"><span class='ocrx_word' id='word_1_531' title='bbox 1839 1824 2006 1882; x_wconf 74' lang='lat' dir='ltr'><strong>Quem</strong></span> <span class='ocrx_word' id='word_1_532' title='bbox 2033 1815 2323 1872; x_wconf 82' lang='lat' dir='ltr'><strong>Hieremias</strong></span> <span class='ocrx_word' id='word_1_533' title='bbox 2355 1830 2486 1870; x_wconf 91' lang='lat' dir='ltr'><strong>voce</strong></span> <span class='ocrx_word' id='word_1_534' title='bbox 2525 1823 2738 1890; x_wconf 79' lang='lat' dir='ltr'><strong>tonante</strong></span> <span class='ocrx_word' id='word_1_535' title='bbox 2763 1812 2929 1884; x_wconf 75' lang='lat' dir='ltr'><strong>refert</strong></span> <span class='ocrx_word' id='word_1_536' title='bbox 2963 1830 2982 1886; x_wconf 34' lang='grc' dir='ltr'><strong>ε,</strong></span> 
     </span>
    </p>
   </div>
   <div class='ocr_carea' id='block_1_78' title="bbox 1768 1898 3294 1972">
    <p class='ocr_par' dir='ltr' id='par_1_78' title="bbox 1768 1898 3294 1972">
     <span class='ocr_line' id='line_1_78' title="bbox 1768 1898 3294 1972; baseline -0.006 -14"><span class='ocrx_word' id='word_1_537' title='bbox 1768 1901 1866 1958; x_wconf 72' lang='lat' dir='ltr'><strong>Ilio</strong></span> <span class='ocrx_word' id='word_1_538' title='bbox 1888 1903 2027 1959; x_wconf 90' lang='lat' dir='ltr'><strong>Deus</strong></span> <span class='ocrx_word' id='word_1_539' title='bbox 2055 1913 2136 1958; x_wconf 90' lang='lat' dir='ltr'><strong>est</strong></span> <span class='ocrx_word' id='word_1_540' title='bbox 2166 1915 2370 1972; x_wconf 87' lang='lat' dir='ltr'><strong>noster,</strong></span> <span class='ocrx_word' id='word_1_541' title='bbox 2403 1919 2507 1960; x_wconf 90' lang='lat' dir='ltr'><strong>non</strong></span> <span class='ocrx_word' id='word_1_542' title='bbox 2536 1904 2733 1970; x_wconf 80' lang='lat' dir='ltr'><strong>absque</strong></span> <span class='ocrx_word' id='word_1_543' title='bbox 2772 1903 2861 1956; x_wconf 81' lang='lat' dir='ltr'><strong>illo</strong></span> <span class='ocrx_word' id='word_1_544' title='bbox 2895 1901 3025 1954; x_wconf 89' lang='lat' dir='ltr'><strong>alter</strong></span> <span class='ocrx_word' id='word_1_545' title='bbox 3053 1898 3294 1964; x_wconf 84' lang='lat' dir='ltr'><strong>habetur,</strong></span> 
     </span>
    </p>
   </div>
   <div class='ocr_carea' id='block_1_79' title="bbox 1837 1991 3094 2054">
    <p class='ocr_par' dir='ltr' id='par_1_79' title="bbox 1837 1991 3094 2054">
     <span class='ocr_line' id='line_1_79' title="bbox 1837 1991 3094 2054; baseline -0.002 -8"><span class='ocrx_word' id='word_1_546' title='bbox 1837 1992 1964 2048; x_wconf 87' lang='lat' dir='ltr'><strong>Post</strong></span> <span class='ocrx_word' id='word_1_547' title='bbox 1991 1994 2104 2047; x_wconf 65' lang='lat' dir='ltr'><strong>haec</strong></span> <span class='ocrx_word' id='word_1_548' title='bbox 2133 1994 2185 2047; x_wconf 91' lang='lat' dir='ltr'><strong>in</strong></span> <span class='ocrx_word' id='word_1_549' title='bbox 2217 1995 2371 2048; x_wconf 90' lang='lat' dir='ltr'><strong>terris</strong></span> <span class='ocrx_word' id='word_1_550' title='bbox 2397 1995 2539 2047; x_wconf 90' lang='lat' dir='ltr'><strong>visus</strong></span> <span class='ocrx_word' id='word_1_551' title='bbox 2568 1994 2727 2048; x_wconf 89' lang='lat' dir='ltr'><strong>homo</strong></span> <span class='ocrx_word' id='word_1_552' title='bbox 2753 2002 2833 2046; x_wconf 87' lang='lat' dir='ltr'><strong>est</strong></span> <span class='ocrx_word' id='word_1_553' title='bbox 2865 1991 3094 2054; x_wconf 78' lang='lat' dir='ltr'><strong>habitus,</strong></span> 
     </span>
    </p>
   </div>
   <div class='ocr_carea' id='block_1_80' title="bbox 1767 2080 3237 2149">
    <p class='ocr_par' dir='ltr' id='par_1_80' title="bbox 1767 2080 3237 2149">
     <span class='ocr_line' id='line_1_80' title="bbox 1767 2080 3237 2149; baseline -0.003 -13"><span class='ocrx_word' id='word_1_554' title='bbox 1767 2080 1933 2148; x_wconf 87' lang='lat' dir='ltr'><strong>Quem</strong></span> <span class='ocrx_word' id='word_1_555' title='bbox 1965 2082 2145 2136; x_wconf 87' lang='lat' dir='ltr'><strong>Daniel</strong></span> <span class='ocrx_word' id='word_1_556' title='bbox 2177 2092 2415 2136; x_wconf 75' lang='lat' dir='ltr'><strong>Sanctum</strong></span> <span class='ocrx_word' id='word_1_557' title='bbox 2449 2093 2750 2136; x_wconf 85' lang='lat' dir='ltr'><strong>sanctorum</strong></span> <span class='ocrx_word' id='word_1_558' title='bbox 2779 2081 3031 2149; x_wconf 74' lang='lat' dir='ltr'><strong>praedicat</strong></span> <span class='ocrx_word' id='word_1_559' title='bbox 3057 2094 3237 2145; x_wconf 81' lang='lat' dir='ltr'><strong>unum,</strong></span> 
     </span>
    </p>
   </div>
   <div class='ocr_carea' id='block_1_81' title="bbox 1837 2159 3149 2241">
    <p class='ocr_par' dir='ltr' id='par_1_81' title="bbox 1837 2159 3149 2241">
     <span class='ocr_line' id='line_1_81' title="bbox 1837 2159 3149 2241; baseline -0.005 -17"><span class='ocrx_word' id='word_1_560' title='bbox 1837 2170 1913 2224; x_wconf 88' lang='lat' dir='ltr'><strong>De</strong></span> <span class='ocrx_word' id='word_1_561' title='bbox 1941 2180 2119 2226; x_wconf 91' lang='lat' dir='ltr'><strong>monte</strong></span> <span class='ocrx_word' id='word_1_562' title='bbox 2145 2169 2356 2226; x_wconf 89' lang='lat' dir='ltr'><strong>excisus</strong></span> <span class='ocrx_word' id='word_1_563' title='bbox 2382 2172 2468 2241; x_wconf 88' lang='lat' dir='ltr'><strong>qui</strong></span> <span class='ocrx_word' id='word_1_564' title='bbox 2499 2172 2714 2241; x_wconf 82' lang='lat' dir='ltr'><strong>angelus</strong></span> <span class='ocrx_word' id='word_1_565' title='bbox 2741 2177 2796 2222; x_wconf 91' lang='lat' dir='ltr'><strong>et</strong></span> <span class='ocrx_word' id='word_1_566' title='bbox 2825 2168 2952 2238; x_wconf 88' lang='lat' dir='ltr'><strong>lapis</strong></span> <span class='ocrx_word' id='word_1_567' title='bbox 2977 2179 3078 2222; x_wconf 89' lang='lat' dir='ltr'><strong>est.</strong></span> <span class='ocrx_word' id='word_1_568' title='bbox 3147 2159 3149 2162; x_wconf 37' lang='grc'><em>⁴</em></span> 
     </span>
    </p>
   </div>
   <div class='ocr_carea' id='block_1_82' title="bbox 1768 2259 3224 2331">
    <p class='ocr_par' dir='ltr' id='par_1_82' title="bbox 1768 2259 3224 2331">
     <span class='ocr_line' id='line_1_82' title="bbox 1768 2259 3224 2331; baseline 0 -20"><span class='ocrx_word' id='word_1_569' title='bbox 1768 2261 1844 2322; x_wconf 72' lang='lat' dir='ltr'><strong>De</strong></span> <span class='ocrx_word' id='word_1_570' title='bbox 1870 2274 1974 2330; x_wconf 87' lang='lat' dir='ltr'><strong>quo</strong></span> <span class='ocrx_word' id='word_1_571' title='bbox 2013 2259 2028 2310; x_wconf 83' lang='lat' dir='ltr'><strong>l</strong></span> <span class='ocrx_word' id='word_1_572' title='bbox 2077 2260 2280 2331; x_wconf 80' lang='lat' dir='ltr'><strong>Moyses</strong></span> <span class='ocrx_word' id='word_1_573' title='bbox 2306 2279 2318 2314; x_wconf 86' lang='lat'><strong>:</strong></span> <span class='ocrx_word' id='word_1_574' title='bbox 2350 2261 2490 2316; x_wconf 90' lang='lat' dir='ltr'><strong>Deus</strong></span> <span class='ocrx_word' id='word_1_575' title='bbox 2517 2261 2713 2316; x_wconf 75' lang='lat' dir='ltr'><strong>excitat</strong></span> <span class='ocrx_word' id='word_1_576' title='bbox 2734 2274 2856 2315; x_wconf 91' lang='lat' dir='ltr'><strong>ecce</strong></span> <span class='ocrx_word' id='word_1_577' title='bbox 2889 2260 3224 2328; x_wconf 79' lang='lat' dir='ltr'><strong>pr0phetam,</strong></span> 
     </span>
    </p>
   </div>
   <div class='ocr_carea' id='block_1_83' title="bbox 1844 2350 3022 2422">
    <p class='ocr_par' dir='ltr' id='par_1_83' title="bbox 1844 2350 3022 2422">
     <span class='ocr_line' id='line_1_83' title="bbox 1844 2350 3022 2422; baseline -0.003 -17"><span class='ocrx_word' id='word_1_578' title='bbox 1844 2350 2027 2417; x_wconf 85' lang='lat' dir='ltr'><strong>Vobis,</strong></span> <span class='ocrx_word' id='word_1_579' title='bbox 2058 2365 2126 2405; x_wconf 85' lang='lat' dir='ltr'><strong>ex</strong></span> <span class='ocrx_word' id='word_1_580' title='bbox 2161 2353 2349 2407; x_wconf 90' lang='lat' dir='ltr'><strong>vestris</strong></span> <span class='ocrx_word' id='word_1_581' title='bbox 2372 2352 2643 2417; x_wconf 80' lang='lat' dir='ltr'><strong>fratribus,</strong></span> <span class='ocrx_word' id='word_1_582' title='bbox 2675 2350 2815 2406; x_wconf 86' lang='lat' dir='ltr'><strong>orbis</strong></span> <span class='ocrx_word' id='word_1_583' title='bbox 2844 2365 3022 2422; x_wconf 89' lang='lat' dir='ltr'><strong>opem.</strong></span> 
     </span>
    </p>
   </div>
   <div class='ocr_carea' id='block_1_84' title="bbox 1769 2435 3329 2514">
    <p class='ocr_par' dir='ltr' id='par_1_84' title="bbox 1769 2435 3329 2514">
     <span class='ocr_line' id='line_1_84' title="bbox 1769 2435 3329 2514; baseline -0.006 -15"><span class='ocrx_word' id='word_1_584' title='bbox 1769 2441 1827 2499; x_wconf 88' lang='lat' dir='ltr'><strong>Si</strong></span> <span class='ocrx_word' id='word_1_585' title='bbox 1846 2457 1950 2512; x_wconf 89' lang='lat' dir='ltr'><strong>qua</strong></span> <span class='ocrx_word' id='word_1_586' title='bbox 1974 2442 2305 2500; x_wconf 39' lang='lat' dir='ltr'><strong>anima’hunc</strong></span> <span class='ocrx_word' id='word_1_587' title='bbox 2319 2460 2424 2508; x_wconf 86' lang='lat' dir='ltr'><strong>non</strong></span> <span class='ocrx_word' id='word_1_588' title='bbox 2449 2444 2698 2511; x_wconf 88' lang='lat' dir='ltr'><strong>audierit,</strong></span> <span class='ocrx_word' id='word_1_589' title='bbox 2732 2443 2820 2514; x_wconf 90' lang='lat' dir='ltr'><strong>qui</strong></span> <span class='ocrx_word' id='word_1_590' title='bbox 2850 2440 3161 2497; x_wconf 81' lang='lat' dir='ltr'><strong>exterminat</strong></span> <span class='ocrx_word' id='word_1_591' title='bbox 3185 2435 3329 2504; x_wconf 88' lang='lat' dir='ltr'><strong>illum</strong></span> 
     </span>
    </p>
   </div>
   <div class='ocr_carea' id='block_1_85' title="bbox 1841 2533 3026 2605">
    <p class='ocr_par' dir='ltr' id='par_1_85' title="bbox 1841 2533 3026 2605">
     <span class='ocr_line' id='line_1_85' title="bbox 1841 2533 3026 2605; baseline -0.003 -16"><span class='ocrx_word' id='word_1_592' title='bbox 1841 2533 1917 2589; x_wconf 83' lang='lat' dir='ltr'><strong>De</strong></span> <span class='ocrx_word' id='word_1_593' title='bbox 1945 2534 2140 2604; x_wconf 87' lang='lat' dir='ltr'><strong>populo</strong></span> <span class='ocrx_word' id='word_1_594' title='bbox 2166 2536 2356 2590; x_wconf 81' lang='lat' dir='ltr'><strong>vindex</strong></span> <span class='ocrx_word' id='word_1_595' title='bbox 2385 2535 2498 2604; x_wconf 88' lang='lat' dir='ltr'><strong>ipse</strong></span> <span class='ocrx_word' id='word_1_596' title='bbox 2525 2535 2776 2605; x_wconf 88' lang='lat' dir='ltr'><strong>propheta</strong></span> <span class='ocrx_word' id='word_1_597' title='bbox 2809 2547 2905 2589; x_wconf 91' lang='lat' dir='ltr'><strong>suo</strong></span> <span class='ocrx_word' id='word_1_598' title='bbox 2927 2540 3026 2587; x_wconf 90' lang='lat' dir='ltr'><strong>est.</strong></span> 
     </span>
    </p>
   </div>
   <div class='ocr_carea' id='block_1_86' title="bbox 1766 2609 3112 2700">
    <p class='ocr_par' dir='ltr' id='par_1_86' title="bbox 1766 2609 3112 2700">
     <span class='ocr_line' id='line_1_86' title="bbox 1766 2609 3112 2700; baseline -0.001 -24"><span class='ocrx_word' id='word_1_599' title='bbox 1766 2621 1942 2676; x_wconf 86' lang='lat' dir='ltr'><strong>David</strong></span> <span class='ocrx_word' id='word_1_600' title='bbox 1972 2623 2104 2676; x_wconf 85' lang='lat' dir='ltr'><strong>dixit</strong></span> <span class='ocrx_word' id='word_1_601' title='bbox 2137 2609 2494 2680; x_wconf 21' lang='lat' dir='ltr'><strong>:IAdorabuut</strong></span> <span class='ocrx_word' id='word_1_602' title='bbox 2518 2623 2662 2678; x_wconf 86' lang='lat' dir='ltr'><strong>hunc</strong></span> <span class='ocrx_word' id='word_1_603' title='bbox 2688 2637 2910 2677; x_wconf 88' lang='lat' dir='ltr'><strong>munere</strong></span> <span class='ocrx_word' id='word_1_604' title='bbox 2940 2634 3112 2700; x_wconf 78' lang='lat' dir='ltr'><strong>reges,</strong></span> 
     </span>
    </p>
   </div>
   <div class='ocr_carea' id='block_1_87' title="bbox 1842 2710 2944 2784">
    <p class='ocr_par' dir='ltr' id='par_1_87' title="bbox 1842 2710 2944 2784">
     <span class='ocr_line' id='line_1_87' title="bbox 1842 2710 2944 2784; baseline -0.002 -17"><span class='ocrx_word' id='word_1_605' title='bbox 1842 2710 2129 2767; x_wconf 89' lang='lat' dir='ltr'><strong>Servibunt</strong></span> <span class='ocrx_word' id='word_1_606' title='bbox 2149 2721 2352 2784; x_wconf 84' lang='lat' dir='ltr'><strong>gentes,</strong></span> <span class='ocrx_word' id='word_1_607' title='bbox 2383 2724 2433 2768; x_wconf 89' lang='lat' dir='ltr'><strong>et</strong></span> <span class='ocrx_word' id='word_1_608' title='bbox 2460 2714 2596 2768; x_wconf 86' lang='lat' dir='ltr'><strong>Saba</strong></span> <span class='ocrx_word' id='word_1_609' title='bbox 2626 2714 2759 2768; x_wconf 86' lang='lat' dir='ltr'><strong>dona</strong></span> <span class='ocrx_word' id='word_1_610' title='bbox 2784 2713 2944 2766; x_wconf 86' lang='lat' dir='ltr'><strong>dabit.</strong></span> 
     </span>
    </p>
   </div>
   <div class='ocr_carea' id='block_1_88' title="bbox 1773 2791 3212 2877">
    <p class='ocr_par' dir='ltr' id='par_1_88' title="bbox 1773 2791 3212 2877">
     <span class='ocr_line' id='line_1_88' title="bbox 1773 2791 3212 2877; baseline 0 -21"><span class='ocrx_word' id='word_1_611' title='bbox 1773 2799 2050 2870; x_wconf 84' lang='lat' dir='ltr'><strong>Accipiens</strong></span> <span class='ocrx_word' id='word_1_612' title='bbox 2073 2791 2302 2860; x_wconf 26' lang='lat' dir='ltr'><strong>Simeon‘</strong></span> <span class='ocrx_word' id='word_1_613' title='bbox 2321 2804 2562 2858; x_wconf 88' lang='lat' dir='ltr'><strong>manibus</strong></span> <span class='ocrx_word' id='word_1_614' title='bbox 2584 2818 2739 2872; x_wconf 91' lang='lat' dir='ltr'><strong>quem</strong></span> <span class='ocrx_word' id='word_1_615' title='bbox 2763 2803 2932 2872; x_wconf 62' lang='lat' dir='ltr'><strong>justus</strong></span> <span class='ocrx_word' id='word_1_616' title='bbox 2956 2801 3212 2877; x_wconf 85' lang='lat' dir='ltr'><strong>utrisque,</strong></span> 
     </span>
    </p>
   </div>
   <div class='ocr_carea' id='block_1_89' title="bbox 1848 2889 3064 2964">
    <p class='ocr_par' dir='ltr' id='par_1_89' title="bbox 1848 2889 3064 2964">
     <span class='ocr_line' id='line_1_89' title="bbox 1848 2889 3064 2964; baseline -0.002 -17"><span class='ocrx_word' id='word_1_617' title='bbox 1848 2889 1877 2928; x_wconf 72' lang='grc' dir='ltr'>ι</span> <span class='ocrx_word' id='word_1_618' title='bbox 1913 2892 2226 2962; x_wconf 90' lang='lat' dir='ltr'><strong>Decrepitus</strong></span> <span class='ocrx_word' id='word_1_619' title='bbox 2246 2896 2394 2949; x_wconf 91' lang='lat' dir='ltr'><strong>senio</strong></span> <span class='ocrx_word' id='word_1_620' title='bbox 2439 2894 2553 2949; x_wconf 62' lang='lat' dir='ltr'><strong>haec</strong></span> <span class='ocrx_word' id='word_1_621' title='bbox 2583 2897 2662 2964; x_wconf 80' lang='lat' dir='ltr'><strong>pia</strong></span> <span class='ocrx_word' id='word_1_622' title='bbox 2693 2895 2852 2949; x_wconf 87' lang='lat' dir='ltr'><strong>verba</strong></span> <span class='ocrx_word' id='word_1_623' title='bbox 2883 2891 3064 2956; x_wconf 84' lang='lat' dir='ltr'><strong>dedit:</strong></span> 
     </span>
    </p>
   </div>
   <div class='ocr_carea' id='block_1_90' title="bbox 1776 2980 3292 3054">
    <p class='ocr_par' dir='ltr' id='par_1_90' title="bbox 1776 2980 3292 3054">
     <span class='ocr_line' id='line_1_90' title="bbox 1776 2980 3292 3054; baseline -0.001 -17"><span class='ocrx_word' id='word_1_624' title='bbox 1776 2980 1924 3038; x_wconf 82' lang='lat' dir='ltr'><strong>Nunc</strong></span> <span class='ocrx_word' id='word_1_625' title='bbox 1952 2984 2158 3045; x_wconf 85' lang='lat' dir='ltr'><strong>dimitte</strong></span> <span class='ocrx_word' id='word_1_626' title='bbox 2188 2985 2239 3042; x_wconf 93' lang='lat' dir='ltr'><strong>in</strong></span> <span class='ocrx_word' id='word_1_627' title='bbox 2266 3000 2392 3054; x_wconf 83' lang='lat' dir='ltr'><strong>pace</strong></span> <span class='ocrx_word' id='word_1_628' title='bbox 2424 2994 2567 3040; x_wconf 88' lang='lat' dir='ltr'><strong>tuum</strong></span> <span class='ocrx_word' id='word_1_629' title='bbox 2603 2999 2834 3050; x_wconf 82' lang='lat' dir='ltr'><strong>servum,</strong></span> <span class='ocrx_word' id='word_1_630' title='bbox 2864 2991 3046 3049; x_wconf 79' lang='lat' dir='ltr'><strong>auctor</strong></span> <span class='ocrx_word' id='word_1_631' title='bbox 3076 2982 3142 3037; x_wconf 87' lang='lat' dir='ltr'><strong>ab</strong></span> <span class='ocrx_word' id='word_1_632' title='bbox 3169 2981 3292 3042; x_wconf 89' lang='lat' dir='ltr'><strong>alto.</strong></span> 
     </span>
    </p>
   </div>
   <div class='ocr_carea' id='block_1_91' title="bbox 1848 3073 2847 3144">
    <p class='ocr_par' dir='ltr' id='par_1_91' title="bbox 1848 3073 2847 3144">
     <span class='ocr_line' id='line_1_91' title="bbox 1848 3073 2847 3144; baseline -0.003 -15"><span class='ocrx_word' id='word_1_633' title='bbox 1848 3073 2104 3129; x_wconf 81' lang='lat' dir='ltr'><strong>Viderunt</strong></span> <span class='ocrx_word' id='word_1_634' title='bbox 2127 3075 2266 3129; x_wconf 88' lang='lat' dir='ltr'><strong>oculi</strong></span> <span class='ocrx_word' id='word_1_635' title='bbox 2297 3075 2552 3144; x_wconf 85' lang='lat' dir='ltr'><strong>jamquia</strong></span> <span class='ocrx_word' id='word_1_636' title='bbox 2575 3082 2692 3135; x_wconf 81' lang='lat' dir='ltr'><strong>vota</strong></span> <span class='ocrx_word' id='word_1_637' title='bbox 2722 3074 2847 3136; x_wconf 81' lang='lat' dir='ltr'><strong>mei,</strong></span> 
     </span>
    </p>
   </div>
   <div class='ocr_carea' id='block_1_92' title="bbox 1777 3159 3241 3231">
    <p class='ocr_par' dir='ltr' id='par_1_92' title="bbox 1777 3159 3241 3231">
     <span class='ocr_line' id='line_1_92' title="bbox 1777 3159 3241 3231; baseline -0.005 -13"><span class='ocrx_word' id='word_1_638' title='bbox 1777 3162 1999 3231; x_wconf 82' lang='lat' dir='ltr'><strong>Quando</strong></span> <span class='ocrx_word' id='word_1_639' title='bbox 2028 3163 2256 3218; x_wconf 87' lang='lat' dir='ltr'><strong>salutare</strong></span> <span class='ocrx_word' id='word_1_640' title='bbox 2281 3163 2382 3218; x_wconf 84' lang='lat' dir='ltr'><strong>hoc</strong></span> <span class='ocrx_word' id='word_1_641' title='bbox 2410 3165 2597 3228; x_wconf 86' lang='lat' dir='ltr'><strong>merui,</strong></span> <span class='ocrx_word' id='word_1_642' title='bbox 2624 3173 2710 3216; x_wconf 88' lang='lat' dir='ltr'><strong>tua</strong></span> <span class='ocrx_word' id='word_1_643' title='bbox 2744 3161 2900 3223; x_wconf 83' lang='lat' dir='ltr'><strong>verba</strong></span> <span class='ocrx_word' id='word_1_644' title='bbox 2932 3159 3241 3228; x_wconf 85' lang='lat' dir='ltr'><strong>secundum,</strong></span> 
     </span>
    </p>
   </div>
   <div class='ocr_carea' id='block_1_93' title="bbox 1845 3251 3023 3321">
    <p class='ocr_par' dir='ltr' id='par_1_93' title="bbox 1845 3251 3023 3321">
     <span class='ocr_line' id='line_1_93' title="bbox 1845 3251 3023 3321; baseline -0.009 -8"><span class='ocrx_word' id='word_1_645' title='bbox 1845 3255 2008 3312; x_wconf 77' lang='lat' dir='ltr'><strong>Ferre</strong></span> <span class='ocrx_word' id='word_1_646' title='bbox 2037 3270 2217 3320; x_wconf 88' lang='lat' dir='ltr'><strong>manu,</strong></span> <span class='ocrx_word' id='word_1_647' title='bbox 2248 3263 2300 3311; x_wconf 92' lang='lat' dir='ltr'><strong>et</strong></span> <span class='ocrx_word' id='word_1_648' title='bbox 2324 3255 2441 3321; x_wconf 85' lang='lat' dir='ltr'><strong>visu</strong></span> <span class='ocrx_word' id='word_1_649' title='bbox 2462 3267 2680 3310; x_wconf 89' lang='lat' dir='ltr'><strong>cernere</strong></span> <span class='ocrx_word' id='word_1_650' title='bbox 2695 3251 2816 3321; x_wconf 89' lang='lat' dir='ltr'><strong>jure</strong></span> <span class='ocrx_word' id='word_1_651' title='bbox 2841 3251 3023 3306; x_wconf 89' lang='lat' dir='ltr'><strong>Deum.</strong></span> 
     </span>
    </p>
   </div>
   <div class='ocr_carea' id='block_1_94' title="bbox 1684 3330 3122 3420">
    <p class='ocr_par' dir='ltr' id='par_1_94' title="bbox 1684 3330 3122 3420">
     <span class='ocr_line' id='line_1_94' title="bbox 1684 3330 3122 3420; baseline -0.012 -13"><span class='ocrx_word' id='word_1_652' title='bbox 1684 3393 1688 3396; x_wconf 55' lang='grc' dir='ltr'><strong>η</strong></span> <span class='ocrx_word' id='word_1_653' title='bbox 1775 3349 1819 3406; x_wconf 91' lang='grc'>0</span> <span class='ocrx_word' id='word_1_654' title='bbox 1841 3330 1992 3404; x_wconf 81' lang='lat' dir='ltr'><strong>sacra</strong></span> <span class='ocrx_word' id='word_1_655' title='bbox 2028 3345 2318 3417; x_wconf 81' lang='lat' dir='ltr'><strong>virgoDei,</strong></span> <span class='ocrx_word' id='word_1_656' title='bbox 2349 3346 2507 3401; x_wconf 87' lang='lat' dir='ltr'><strong>talem</strong></span> <span class='ocrx_word' id='word_1_657' title='bbox 2536 3341 2838 3420; x_wconf 84' lang='lat' dir='ltr'><strong>generando</strong></span> <span class='ocrx_word' id='word_1_658' title='bbox 2872 3340 3054 3404; x_wconf 80' lang='lat' dir='ltr'><strong>Maria,</strong></span> <span class='ocrx_word' id='word_1_659' title='bbox 3113 3331 3122 3336; x_wconf 75' lang='grc'><em>’</em></span> 
     </span>
    </p>
   </div>
   <div class='ocr_carea' id='block_1_95' title="bbox 1845 3431 3193 3511">
    <p class='ocr_par' dir='ltr' id='par_1_95' title="bbox 1845 3431 3193 3511">
     <span class='ocr_line' id='line_1_95' title="bbox 1845 3431 3193 3511; baseline -0.01 -16"><span class='ocrx_word' id='word_1_660' title='bbox 1845 3439 1947 3495; x_wconf 87' lang='lat' dir='ltr'><strong>Per</strong></span> <span class='ocrx_word' id='word_1_661' title='bbox 1974 3454 2132 3508; x_wconf 79' lang='lat' dir='ltr'><strong>quem</strong></span> <span class='ocrx_word' id='word_1_662' title='bbox 2161 3440 2334 3494; x_wconf 83' lang='lat' dir='ltr'><strong>iumen</strong></span> <span class='ocrx_word' id='word_1_663' title='bbox 2359 3438 2516 3492; x_wconf 86' lang='lat' dir='ltr'><strong>habet</strong></span> <span class='ocrx_word' id='word_1_664' title='bbox 2553 3436 2700 3505; x_wconf 86' lang='lat' dir='ltr'><strong>plebs</strong></span> <span class='ocrx_word' id='word_1_665' title='bbox 2731 3433 3007 3490; x_wconf 89' lang='lat' dir='ltr'><strong>tenebrosa</strong></span> <span class='ocrx_word' id='word_1_666' title='bbox 3029 3431 3193 3511; x_wconf 86' lang='lat' dir='ltr'><strong>prius,</strong></span> 
     </span>
    </p>
   </div>
   <div class='ocr_carea' id='block_1_96' title="bbox 1770 3520 3108 3600">
    <p class='ocr_par' dir='ltr' id='par_1_96' title="bbox 1770 3520 3108 3600">
     <span class='ocr_line' id='line_1_96' title="bbox 1770 3520 3108 3600; baseline -0.006 -18"><span class='ocrx_word' id='word_1_667' title='bbox 1770 3527 1832 3600; x_wconf 76' lang='lat' dir='ltr'><strong>In</strong></span> <span class='ocrx_word' id='word_1_668' title='bbox 1855 3529 2070 3598; x_wconf 87' lang='lat' dir='ltr'><strong>regione</strong></span> <span class='ocrx_word' id='word_1_669' title='bbox 2097 3529 2296 3581; x_wconf 63' lang='lat' dir='ltr'><strong>umbra:</strong></span> <span class='ocrx_word' id='word_1_670' title='bbox 2322 3527 2508 3581; x_wconf 87' lang='lat' dir='ltr'><strong>mortis</strong></span> <span class='ocrx_word' id='word_1_671' title='bbox 2550 3522 2570 3563; x_wconf 83' lang='grc' dir='ltr'>ι</span> <span class='ocrx_word' id='word_1_672' title='bbox 2612 3525 2703 3578; x_wconf 90' lang='lat' dir='ltr'><strong>lux</strong></span> <span class='ocrx_word' id='word_1_673' title='bbox 2737 3531 2851 3576; x_wconf 88' lang='lat' dir='ltr'><strong>orta</strong></span> <span class='ocrx_word' id='word_1_674' title='bbox 2881 3520 3108 3584; x_wconf 81' lang='lat' dir='ltr'><strong>refulsit,</strong></span> 
     </span>
    </p>
   </div>
   <div class='ocr_carea' id='block_1_97' title="bbox 1843 3612 3168 3671">
    <p class='ocr_par' dir='ltr' id='par_1_97' title="bbox 1843 3612 3168 3671">
     <span class='ocr_line' id='line_1_97' title="bbox 1843 3612 3168 3671; baseline -0.005 -1"><span class='ocrx_word' id='word_1_675' title='bbox 1843 3628 1880 3655; x_wconf 82' lang='grc' dir='ltr'>ω</span> <span class='ocrx_word' id='word_1_676' title='bbox 1908 3615 2244 3670; x_wconf 81' lang='lat' dir='ltr'><strong>Admirabilis</strong></span> <span class='ocrx_word' id='word_1_677' title='bbox 2267 3624 2350 3671; x_wconf 84' lang='lat' dir='ltr'><strong>est</strong></span> <span class='ocrx_word' id='word_1_678' title='bbox 2375 3614 2704 3670; x_wconf 88' lang='lat' dir='ltr'><strong>consiliarius</strong></span> <span class='ocrx_word' id='word_1_679' title='bbox 2730 3612 2834 3670; x_wconf 80' lang='lat' dir='ltr'><strong>hic.</strong></span> <span class='ocrx_word' id='word_1_680' title='bbox 3165 3650 3168 3654; x_wconf 81' lang='lat'><strong>.</strong></span> 
     </span>
    </p>
   </div>
   <div class='ocr_carea' id='block_1_98' title="bbox 1772 3699 3330 3780">
    <p class='ocr_par' dir='ltr' id='par_1_98' title="bbox 1772 3699 3330 3780">
     <span class='ocr_line' id='line_1_98' title="bbox 1772 3699 3330 3780; baseline -0.007 -16"><span class='ocrx_word' id='word_1_681' title='bbox 1772 3708 1874 3777; x_wconf 87' lang='lat' dir='ltr'><strong>Qui</strong></span> <span class='ocrx_word' id='word_1_682' title='bbox 1905 3707 2046 3763; x_wconf 90' lang='lat' dir='ltr'><strong>Deus</strong></span> <span class='ocrx_word' id='word_1_683' title='bbox 2072 3717 2153 3774; x_wconf 85' lang='lat' dir='ltr'><strong>est</strong></span> <span class='ocrx_word' id='word_1_684' title='bbox 2179 3705 2353 3774; x_wconf 79' lang='lat' dir='ltr'><strong>fortis,</strong></span> <span class='ocrx_word' id='word_1_685' title='bbox 2383 3705 2556 3770; x_wconf 89' lang='lat' dir='ltr'><strong>Pater,</strong></span> <span class='ocrx_word' id='word_1_686' title='bbox 2579 3714 2737 3779; x_wconf 83' lang='lat' dir='ltr'><strong>atque</strong></span> <span class='ocrx_word' id='word_1_687' title='bbox 2759 3703 2812 3758; x_wconf 93' lang='lat' dir='ltr'><strong>in</strong></span> <span class='ocrx_word' id='word_1_688' title='bbox 2839 3699 3031 3764; x_wconf 67' lang='lat' dir='ltr'><strong>saacuia</strong></span> <span class='ocrx_word' id='word_1_689' title='bbox 3064 3700 3330 3780; x_wconf 78' lang='lat' dir='ltr'><strong>princeps,</strong></span> 
     </span>
    </p>
   </div>
   <div class='ocr_carea' id='block_1_99' title="bbox 1845 3797 2878 3870">
    <p class='ocr_par' dir='ltr' id='par_1_99' title="bbox 1845 3797 2878 3870">
     <span class='ocr_line' id='line_1_99' title="bbox 1845 3797 2878 3870; baseline -0.005 -16"><span class='ocrx_word' id='word_1_690' title='bbox 1845 3799 2056 3869; x_wconf 89' lang='lat' dir='ltr'><strong>imperii</strong></span> <span class='ocrx_word' id='word_1_691' title='bbox 2087 3797 2236 3870; x_wconf 86' lang='lat' dir='ltr'><strong>cujus</strong></span> <span class='ocrx_word' id='word_1_692' title='bbox 2280 3813 2378 3868; x_wconf 80' lang='lat' dir='ltr'><strong>pax</strong></span> <span class='ocrx_word' id='word_1_693' title='bbox 2408 3797 2521 3853; x_wconf 90' lang='lat' dir='ltr'><strong>sine</strong></span> <span class='ocrx_word' id='word_1_694' title='bbox 2553 3798 2654 3852; x_wconf 86' lang='lat' dir='ltr'><strong>line</strong></span> <span class='ocrx_word' id='word_1_695' title='bbox 2677 3804 2878 3862; x_wconf 74' lang='lat' dir='ltr'><strong>manet.</strong></span> 
     </span>
    </p>
   </div>
   <div class='ocr_carea' id='block_1_100' title="bbox 1697 3886 3018 3955">
    <p class='ocr_par' dir='ltr' id='par_1_100' title="bbox 1697 3886 3018 3955">
     <span class='ocr_line' id='line_1_100' title="bbox 1697 3886 3018 3955; baseline -0.005 -10"><span class='ocrx_word' id='word_1_696' title='bbox 1697 3915 1702 3918; x_wconf 83' lang='lat'><strong><em>-</em></strong></span> <span class='ocrx_word' id='word_1_697' title='bbox 1775 3889 2039 3945; x_wconf 74' lang='lat' dir='ltr'><strong>Itorarunt</strong></span> <span class='ocrx_word' id='word_1_698' title='bbox 2058 3889 2179 3944; x_wconf 71' lang='lat' dir='ltr'><strong>cmii</strong></span> <span class='ocrx_word' id='word_1_699' title='bbox 2203 3887 2722 3955; x_wconf 84' lang='lat' dir='ltr'><strong>nubes,justumque</strong></span> <span class='ocrx_word' id='word_1_700' title='bbox 2752 3886 3018 3955; x_wconf 86' lang='lat' dir='ltr'><strong>pluerunt,</strong></span> 
     </span>
    </p>
   </div>
   <div class='ocr_carea' id='block_1_101' title="bbox 1844 3966 2980 4052">
    <p class='ocr_par' dir='ltr' id='par_1_101' title="bbox 1844 3966 2980 4052">
     <span class='ocr_line' id='line_1_101' title="bbox 1844 3966 2980 4052; baseline -0.003 -23"><span class='ocrx_word' id='word_1_701' title='bbox 1844 3977 2011 4052; x_wconf 81' lang='lat' dir='ltr'><strong>Quem</strong></span> <span class='ocrx_word' id='word_1_702' title='bbox 2036 3975 2362 4044; x_wconf 78' lang='lat' dir='ltr'><strong>salvatorem</strong></span> <span class='ocrx_word' id='word_1_703' title='bbox 2395 3966 2626 4043; x_wconf 81' lang='lat' dir='ltr'><strong>germine</strong></span> <span class='ocrx_word' id='word_1_704' title='bbox 2648 3974 2795 4041; x_wconf 84' lang='lat' dir='ltr'><strong>virgo</strong></span> <span class='ocrx_word' id='word_1_705' title='bbox 2815 3974 2980 4032; x_wconf 84' lang='lat' dir='ltr'><strong>dedit.</strong></span> 
     </span>
    </p>
   </div>
   <div class='ocr_carea' id='block_1_102' title="bbox 1771 4060 3331 4134">
    <p class='ocr_par' dir='ltr' id='par_1_102' title="bbox 1771 4060 3331 4134">
     <span class='ocr_line' id='line_1_102' title="bbox 1771 4060 3331 4134; baseline -0.004 -14"><span class='ocrx_word' id='word_1_706' title='bbox 1771 4072 1802 4103; x_wconf 80' lang='grc'><strong><em>³</em></strong></span> <span class='ocrx_word' id='word_1_707' title='bbox 1823 4064 2101 4134; x_wconf 61' lang='lat' dir='ltr'><strong>Egyptus,</strong></span> <span class='ocrx_word' id='word_1_708' title='bbox 2141 4063 2289 4117; x_wconf 89' lang='lat' dir='ltr'><strong>labor</strong></span> <span class='ocrx_word' id='word_1_709' title='bbox 2316 4062 2643 4133; x_wconf 69' lang='lat' dir='ltr'><strong>Ethiopum,</strong></span> <span class='ocrx_word' id='word_1_710' title='bbox 2677 4070 2700 4098; x_wconf 87' lang='grc' dir='ltr'>ο</span> <span class='ocrx_word' id='word_1_711' title='bbox 2734 4061 3052 4130; x_wconf 86' lang='lat' dir='ltr'><strong>Sabaimque</strong></span> <span class='ocrx_word' id='word_1_712' title='bbox 3079 4060 3331 4114; x_wconf 87' lang='lat' dir='ltr'><strong>sublimes</strong></span> 
     </span>
    </p>
   </div>
   <div class='ocr_carea' id='block_1_103' title="bbox 1846 4150 3188 4223">
    <p class='ocr_par' dir='ltr' id='par_1_103' title="bbox 1846 4150 3188 4223">
     <span class='ocr_line' id='line_1_103' title="bbox 1846 4150 3188 4223; baseline -0.004 -15"><span class='ocrx_word' id='word_1_713' title='bbox 1846 4154 1923 4208; x_wconf 85' lang='lat' dir='ltr'><strong>Ad</strong></span> <span class='ocrx_word' id='word_1_714' title='bbox 1946 4167 2106 4223; x_wconf 88' lang='lat' dir='ltr'><strong>quem</strong></span> <span class='ocrx_word' id='word_1_715' title='bbox 2139 4151 2456 4216; x_wconf 89' lang='lat' dir='ltr'><strong>transibunt,</strong></span> <span class='ocrx_word' id='word_1_716' title='bbox 2486 4159 2664 4206; x_wconf 90' lang='lat' dir='ltr'><strong>mente</strong></span> <span class='ocrx_word' id='word_1_717' title='bbox 2691 4151 2958 4219; x_wconf 84' lang='lat' dir='ltr'><strong>sequendo</strong></span> <span class='ocrx_word' id='word_1_718' title='bbox 2984 4150 3148 4204; x_wconf 89' lang='lat' dir='ltr'><strong>Deum</strong></span> <span class='ocrx_word' id='word_1_719' title='bbox 3174 4167 3188 4202; x_wconf 67' lang='grc' dir='ltr'><strong><em>τ</em></strong></span> 
     </span>
    </p>
   </div>
   <div class='ocr_carea' id='block_1_104' title="bbox 1774 4222 3436 4311">
    <p class='ocr_par' dir='ltr' id='par_1_104' title="bbox 1774 4222 3436 4311">
     <span class='ocr_line' id='line_1_104' title="bbox 1774 4222 3436 4311; baseline -0.006 -13"><span class='ocrx_word' id='word_1_720' title='bbox 1774 4243 2062 4311; x_wconf 76' lang='lat' dir='ltr'><strong>Estinquo</strong></span> <span class='ocrx_word' id='word_1_721' title='bbox 2089 4250 2291 4298; x_wconf 88' lang='lat' dir='ltr'><strong>tantum</strong></span> <span class='ocrx_word' id='word_1_722' title='bbox 2323 4242 2482 4303; x_wconf 87' lang='lat' dir='ltr'><strong>Deus,</strong></span> <span class='ocrx_word' id='word_1_723' title='bbox 2511 4251 2688 4297; x_wconf 90' lang='lat' dir='ltr'><strong>etnon</strong></span> <span class='ocrx_word' id='word_1_724' title='bbox 2717 4250 2798 4296; x_wconf 89' lang='lat' dir='ltr'><strong>est</strong></span> <span class='ocrx_word' id='word_1_725' title='bbox 2819 4239 2954 4309; x_wconf 67' lang='lat' dir='ltr'><strong>Deus</strong></span> <span class='ocrx_word' id='word_1_726' title='bbox 2986 4241 3184 4309; x_wconf 86' lang='lat' dir='ltr'><strong>absque</strong></span> <span class='ocrx_word' id='word_1_727' title='bbox 3212 4237 3332 4301; x_wconf 77' lang='lat' dir='ltr'><strong>hoc,</strong></span> <span class='ocrx_word' id='word_1_728' title='bbox 3433 4222 3436 4223; x_wconf 16' lang='grc' dir='ltr'><em>ν</em></span> 
     </span>
    </p>
   </div>
   <div class='ocr_carea' id='block_1_105' title="bbox 1845 4332 3076 4406">
    <p class='ocr_par' dir='ltr' id='par_1_105' title="bbox 1845 4332 3076 4406">
     <span class='ocr_line' id='line_1_105' title="bbox 1845 4332 3076 4406; baseline -0.002 -17"><span class='ocrx_word' id='word_1_729' title='bbox 1845 4335 1940 4389; x_wconf 82' lang='lat' dir='ltr'><strong>ilic</strong></span> <span class='ocrx_word' id='word_1_730' title='bbox 1964 4334 2102 4389; x_wconf 87' lang='lat' dir='ltr'><strong>Deus</strong></span> <span class='ocrx_word' id='word_1_731' title='bbox 2131 4334 2439 4399; x_wconf 79' lang='lat' dir='ltr'><strong>absconsus,</strong></span> <span class='ocrx_word' id='word_1_732' title='bbox 2469 4333 2556 4402; x_wconf 82' lang='lat' dir='ltr'><strong>qui</strong></span> <span class='ocrx_word' id='word_1_733' title='bbox 2589 4333 2725 4387; x_wconf 90' lang='lat' dir='ltr'><strong>Deus</strong></span> <span class='ocrx_word' id='word_1_734' title='bbox 2754 4332 2910 4392; x_wconf 84' lang='lat' dir='ltr'><strong>Israel</strong></span> <span class='ocrx_word' id='word_1_735' title='bbox 2950 4341 3076 4406; x_wconf 49' lang='grc' dir='ltr'><strong>ρει.)</strong></span> 
     </span>
    </p>
   </div>
   <div class='ocr_carea' id='block_1_106' title="bbox 1775 4420 3138 4493">
    <p class='ocr_par' dir='ltr' id='par_1_106' title="bbox 1775 4420 3138 4493">
     <span class='ocr_line' id='line_1_106' title="bbox 1775 4420 3138 4493; baseline -0.005 -13"><span class='ocrx_word' id='word_1_736' title='bbox 1775 4423 2148 4493; x_wconf 82' lang='lat' dir='ltr'><strong>Cujusjustitia</strong></span> <span class='ocrx_word' id='word_1_737' title='bbox 2177 4432 2258 4478; x_wconf 89' lang='lat' dir='ltr'><strong>est</strong></span> <span class='ocrx_word' id='word_1_738' title='bbox 2278 4424 2574 4477; x_wconf 83' lang='lat' dir='ltr'><strong>lumborum</strong></span> <span class='ocrx_word' id='word_1_739' title='bbox 2603 4422 2890 4488; x_wconf 83' lang='lat' dir='ltr'><strong>cingulum,</strong></span> <span class='ocrx_word' id='word_1_740' title='bbox 2917 4430 2974 4474; x_wconf 91' lang='lat' dir='ltr'><strong>et</strong></span> <span class='ocrx_word' id='word_1_741' title='bbox 3001 4420 3138 4474; x_wconf 85' lang='lat' dir='ltr'><strong>idem</strong></span> 
     </span>
    </p>
   </div>
   <div class='ocr_carea' id='block_1_107' title="bbox 1845 4512 2954 4584">
    <p class='ocr_par' dir='ltr' id='par_1_107' title="bbox 1845 4512 2954 4584">
     <span class='ocr_line' id='line_1_107' title="bbox 1845 4512 2954 4584; baseline -0.005 -15"><span class='ocrx_word' id='word_1_742' title='bbox 1845 4516 1974 4584; x_wconf 87' lang='lat' dir='ltr'><strong>Ejus</strong></span> <span class='ocrx_word' id='word_1_743' title='bbox 2002 4517 2146 4570; x_wconf 86' lang='lat' dir='ltr'><strong>renis</strong></span> <span class='ocrx_word' id='word_1_744' title='bbox 2173 4515 2326 4568; x_wconf 90' lang='lat' dir='ltr'><strong>adest</strong></span> <span class='ocrx_word' id='word_1_745' title='bbox 2355 4512 2774 4579; x_wconf 87' lang='lat' dir='ltr'><strong>cinctoriumque</strong></span> <span class='ocrx_word' id='word_1_746' title='bbox 2806 4512 2954 4565; x_wconf 88' lang='lat' dir='ltr'><strong>Ildes.</strong></span> 
     </span>
    </p>
   </div>
   <div class='ocr_carea' id='block_1_108' title="bbox 1772 4601 3299 4674">
    <p class='ocr_par' dir='ltr' id='par_1_108' title="bbox 1772 4601 3299 4674">
     <span class='ocr_line' id='line_1_108' title="bbox 1772 4601 3299 4674; baseline -0.003 -14"><span class='ocrx_word' id='word_1_747' title='bbox 1772 4605 1980 4674; x_wconf 82' lang='lat' dir='ltr'><strong>Reguli,</strong></span> <span class='ocrx_word' id='word_1_748' title='bbox 2012 4613 2066 4658; x_wconf 93' lang='lat' dir='ltr'><strong>et</strong></span> <span class='ocrx_word' id='word_1_749' title='bbox 2101 4603 2294 4671; x_wconf 83' lang='lat' dir='ltr'><strong>aspidis</strong></span> <span class='ocrx_word' id='word_1_750' title='bbox 2316 4615 2442 4655; x_wconf 87' lang='lat' dir='ltr'><strong>ausa</strong></span> <span class='ocrx_word' id='word_1_751' title='bbox 2473 4612 2657 4654; x_wconf 80' lang='lat' dir='ltr'><strong>manus</strong></span> <span class='ocrx_word' id='word_1_752' title='bbox 2691 4609 2968 4671; x_wconf 73' lang='lat' dir='ltr'><strong>penetrare</strong></span> <span class='ocrx_word' id='word_1_753' title='bbox 2997 4601 3251 4667; x_wconf 80' lang='lat' dir='ltr'><strong>foramen,</strong></span> <span class='ocrx_word' id='word_1_754' title='bbox 3291 4645 3299 4648; x_wconf 95' lang='lat'><strong>.</strong></span> 
     </span>
    </p>
   </div>
   <div class='ocr_carea' id='block_1_109' title="bbox 1841 4688 3240 4762">
    <p class='ocr_par' dir='ltr' id='par_1_109' title="bbox 1841 4688 3240 4762">
     <span class='ocr_line' id='line_1_109' title="bbox 1841 4688 3240 4762; baseline -0.004 -12"><span class='ocrx_word' id='word_1_755' title='bbox 1841 4693 2149 4750; x_wconf 82' lang='lat' dir='ltr'><strong>Abiactatus</strong></span> <span class='ocrx_word' id='word_1_756' title='bbox 2174 4688 2356 4762; x_wconf 82' lang='lat' dir='ltr'><strong>agens,</strong></span> <span class='ocrx_word' id='word_1_757' title='bbox 2388 4705 2486 4754; x_wconf 86' lang='lat' dir='ltr'><strong>nec</strong></span> <span class='ocrx_word' id='word_1_758' title='bbox 2513 4700 2668 4753; x_wconf 87' lang='lat' dir='ltr'><strong>nocet</strong></span> <span class='ocrx_word' id='word_1_759' title='bbox 2695 4691 2831 4759; x_wconf 78' lang='lat' dir='ltr'><strong>ullus</strong></span> <span class='ocrx_word' id='word_1_760' title='bbox 2855 4694 2923 4746; x_wconf 87' lang='lat' dir='ltr'><strong>ei.</strong></span> <span class='ocrx_word' id='word_1_761' title='bbox 3234 4744 3240 4750; x_wconf 88' lang='lat'><strong>_</strong></span> 
     </span>
    </p>
   </div>
   <div class='ocr_carea' id='block_1_110' title="bbox 1771 4783 3217 4853">
    <p class='ocr_par' dir='ltr' id='par_1_110' title="bbox 1771 4783 3217 4853">
     <span class='ocr_line' id='line_1_110' title="bbox 1771 4783 3217 4853; baseline -0.005 -10"><span class='ocrx_word' id='word_1_762' title='bbox 1771 4788 1962 4843; x_wconf 80' lang='lat' dir='ltr'><strong>Astans</strong></span> <span class='ocrx_word' id='word_1_763' title='bbox 1990 4785 2040 4838; x_wconf 92' lang='lat' dir='ltr'><strong>in</strong></span> <span class='ocrx_word' id='word_1_764' title='bbox 2061 4783 2267 4852; x_wconf 83' lang='lat' dir='ltr'><strong>signum</strong></span> <span class='ocrx_word' id='word_1_765' title='bbox 2290 4784 2617 4851; x_wconf 88' lang='lat' dir='ltr'><strong>populorum,</strong></span> <span class='ocrx_word' id='word_1_766' title='bbox 2649 4783 2868 4853; x_wconf 83' lang='lat' dir='ltr'><strong>ejusque</strong></span> <span class='ocrx_word' id='word_1_767' title='bbox 2896 4784 3217 4852; x_wconf 76' lang='lat' dir='ltr'><strong>sepulcrum.</strong></span> 
     </span>
    </p>
   </div>
   <div class='ocr_carea' id='block_1_111' title="bbox 1837 4875 2998 4956">
    <p class='ocr_par' dir='ltr' id='par_1_111' title="bbox 1837 4875 2998 4956">
     <span class='ocr_line' id='line_1_111' title="bbox 1837 4875 2998 4956; baseline -0.005 -20"><span class='ocrx_word' id='word_1_768' title='bbox 1837 4877 2047 4943; x_wconf 77' lang='lat' dir='ltr'><strong>Nobile,</strong></span> <span class='ocrx_word' id='word_1_769' title='bbox 2072 4875 2395 4930; x_wconf 84' lang='lat' dir='ltr'><strong>adorandum</strong></span> <span class='ocrx_word' id='word_1_770' title='bbox 2421 4875 2585 4948; x_wconf 81' lang='lat' dir='ltr'><strong>gloria</strong></span> <span class='ocrx_word' id='word_1_771' title='bbox 2612 4888 2802 4946; x_wconf 86' lang='lat' dir='ltr'><strong>quanta</strong></span> <span class='ocrx_word' id='word_1_772' title='bbox 2835 4878 2998 4956; x_wconf 74' lang='lat' dir='ltr'><strong>tegit?</strong></span> 
     </span>
    </p>
   </div>
   <div class='ocr_carea' id='block_1_112' title="bbox 1769 4967 3008 5042">
    <p class='ocr_par' dir='ltr' id='par_1_112' title="bbox 1769 4967 3008 5042">
     <span class='ocr_line' id='line_1_112' title="bbox 1769 4967 3008 5042; baseline -0.006 -15"><span class='ocrx_word' id='word_1_773' title='bbox 1769 4973 1935 5042; x_wconf 80' lang='lat' dir='ltr'><strong>Quem</strong></span> <span class='ocrx_word' id='word_1_774' title='bbox 1961 4967 2347 5027; x_wconf 85' lang='lat' dir='ltr'><strong>dominatorem</strong></span> <span class='ocrx_word' id='word_1_775' title='bbox 2379 4971 2534 5025; x_wconf 62' lang='lat' dir='ltr'><strong>terra:</strong></span> <span class='ocrx_word' id='word_1_776' title='bbox 2570 4969 2712 5029; x_wconf 85' lang='lat' dir='ltr'><strong>misit</strong></span> <span class='ocrx_word' id='word_1_777' title='bbox 2751 4967 3008 5032; x_wconf 70' lang='lat' dir='ltr'><strong>iisabitis,</strong></span> 
     </span>
    </p>
   </div>
   <div class='ocr_carea' id='block_1_113' title="bbox 1840 5059 2944 5132">
    <p class='ocr_par' dir='ltr' id='par_1_113' title="bbox 1840 5059 2944 5132">
     <span class='ocr_line' id='line_1_113' title="bbox 1840 5059 2944 5132; baseline -0.003 -16"><span class='ocrx_word' id='word_1_778' title='bbox 1840 5062 2080 5123; x_wconf 74' lang='lat' dir='ltr'><strong>Petrae:</strong></span> <span class='ocrx_word' id='word_1_779' title='bbox 2103 5059 2297 5122; x_wconf 86' lang='lat' dir='ltr'><strong>deserti</strong></span> <span class='ocrx_word' id='word_1_780' title='bbox 2325 5060 2418 5132; x_wconf 87' lang='lat' dir='ltr'><strong>qui</strong></span> <span class='ocrx_word' id='word_1_781' title='bbox 2441 5061 2557 5130; x_wconf 83' lang='lat' dir='ltr'><strong>pius</strong></span> <span class='ocrx_word' id='word_1_782' title='bbox 2583 5076 2748 5132; x_wconf 89' lang='lat' dir='ltr'><strong>agnus</strong></span> <span class='ocrx_word' id='word_1_783' title='bbox 2779 5061 2944 5117; x_wconf 86' lang='lat' dir='ltr'><strong>adest.</strong></span> 
     </span>
    </p>
   </div>
   <div class='ocr_carea' id='block_1_114' title="bbox 1844 5172 2402 5231">
    <p class='ocr_par' dir='ltr' id='par_1_114' title="bbox 1844 5172 2402 5231">
     <span class='ocr_line' id='line_1_114' title="bbox 1844 5172 2402 5231; baseline 0.002 -6"><span class='ocrx_word' id='word_1_784' title='bbox 1844 5172 1858 5210; x_wconf 71' lang='grc' dir='ltr'><strong>ί</strong></span> <span class='ocrx_word' id='word_1_785' title='bbox 1892 5172 2123 5231; x_wconf 64' lang='grc' dir='ltr'><strong>ΡΜ)τίοη</strong></span> <span class='ocrx_word' id='word_1_786' title='bbox 2155 5172 2257 5224; x_wconf 65' lang='lat' dir='ltr'><strong>exit</strong></span> <span class='ocrx_word' id='word_1_787' title='bbox 2284 5173 2402 5226; x_wconf 78' lang='lat' dir='ltr'><strong>iter.</strong></span> 
     </span>
    </p>
   </div>
   <div class='ocr_carea' id='block_1_115' title="bbox 1840 5238 2768 5308">
    <p class='ocr_par' dir='ltr' id='par_1_115' title="bbox 1840 5238 2768 5308">
     <span class='ocr_line' id='line_1_115' title="bbox 1840 5238 2768 5308; baseline 0.002 -18"><span class='ocrx_word' id='word_1_788' title='bbox 1840 5247 1858 5290; x_wconf 84' lang='lat' dir='ltr'><strong>t</strong></span> <span class='ocrx_word' id='word_1_789' title='bbox 1894 5239 2048 5305; x_wconf 81' lang='lat' dir='ltr'><strong>ibid.,</strong></span> <span class='ocrx_word' id='word_1_790' title='bbox 2076 5238 2139 5292; x_wconf 85' lang='lat' dir='ltr'><strong>de</strong></span> <span class='ocrx_word' id='word_1_791' title='bbox 2169 5257 2268 5308; x_wconf 86' lang='lat' dir='ltr'><strong>quo</strong></span> <span class='ocrx_word' id='word_1_792' title='bbox 2298 5241 2462 5296; x_wconf 66' lang='lat' dir='ltr'><strong>Moses</strong></span> <span class='ocrx_word' id='word_1_793' title='bbox 2487 5241 2581 5307; x_wconf 82' lang='lat' dir='ltr'><strong>ait,</strong></span> <span class='ocrx_word' id='word_1_794' title='bbox 2615 5239 2768 5293; x_wconf 84' lang='lat' dir='ltr'><strong>Deus.</strong></span> 
     </span>
    </p>
   </div>
   <div class='ocr_carea' id='block_1_116' title="bbox 1835 5303 2688 5382">
    <p class='ocr_par' dir='ltr' id='par_1_116' title="bbox 1835 5303 2688 5382">
     <span class='ocr_line' id='line_1_116' title="bbox 1835 5303 2688 5382; baseline -0.002 -21"><span class='ocrx_word' id='word_1_795' title='bbox 1835 5309 1859 5382; x_wconf 66' lang='lat' dir='ltr'><strong>if</strong></span> <span class='ocrx_word' id='word_1_796' title='bbox 1892 5303 2234 5382; x_wconf 73' lang='lat' dir='ltr'><strong>lbid.,_Annis</strong></span> <span class='ocrx_word' id='word_1_797' title='bbox 2264 5312 2543 5382; x_wconf 79' lang='lat' dir='ltr'><strong>decrepitus</strong></span> <span class='ocrx_word' id='word_1_798' title='bbox 2566 5303 2688 5364; x_wconf 68' lang='lat' dir='ltr'><strong>hac.</strong></span> 
     </span>
    </p>
   </div>
   <div class='ocr_carea' id='block_1_117' title="bbox 1840 5377 2316 5448">
    <p class='ocr_par' dir='ltr' id='par_1_117' title="bbox 1840 5377 2316 5448">
     <span class='ocr_line' id='line_1_117' title="bbox 1840 5377 2316 5448; baseline 0.006 -16"><span class='ocrx_word' id='word_1_799' title='bbox 1840 5379 1858 5416; x_wconf 86' lang='grc' dir='ltr'><strong>ι</strong></span> <span class='ocrx_word' id='word_1_800' title='bbox 1892 5379 2025 5448; x_wconf 60' lang='lat' dir='ltr'><strong>ibid.</strong></span> <span class='ocrx_word' id='word_1_801' title='bbox 2050 5377 2162 5431; x_wconf 80' lang='lat' dir='ltr'><strong>Lua:</strong></span> <span class='ocrx_word' id='word_1_802' title='bbox 2183 5382 2316 5448; x_wconf 71' lang='grc' dir='ltr'><strong>ερειι.</strong></span> 
     </span>
    </p>
   </div>
   <div class='ocr_carea' id='block_1_118' title="bbox 1791 5446 3321 5525">
    <p class='ocr_par' dir='ltr' id='par_1_118' title="bbox 1791 5446 3321 5525">
     <span class='ocr_line' id='line_1_118' title="bbox 1791 5446 3321 5525; baseline 0.011 -26"><span class='ocrx_word' id='word_1_803' title='bbox 1791 5481 1799 5492; x_wconf 85' lang='grc'><strong>.</strong></span> <span class='ocrx_word' id='word_1_804' title='bbox 1829 5459 1880 5525; x_wconf 63' lang='lat' dir='ltr'><strong>at.</strong></span> <span class='ocrx_word' id='word_1_805' title='bbox 1902 5449 1961 5501; x_wconf 82' lang='lat' dir='ltr'><strong>In</strong></span> <span class='ocrx_word' id='word_1_806' title='bbox 1989 5446 2303 5525; x_wconf 67' lang='lat' dir='ltr'><strong>eoa.~-vm.~,</strong></span> <span class='ocrx_word' id='word_1_807' title='bbox 2336 5448 2648 5513; x_wconf 69' lang='lat' dir='ltr'><strong>admirabili;</strong></span> <span class='ocrx_word' id='word_1_808' title='bbox 2685 5450 3040 5512; x_wconf 65' lang='lat' dir='ltr'><strong>.sousitiariut</strong></span> <span class='ocrx_word' id='word_1_809' title='bbox 3073 5454 3152 5525; x_wconf 59' lang='grc' dir='ltr'><em>βα</em></span> <span class='ocrx_word' id='word_1_810' title='bbox 3188 5446 3270 5500; x_wconf 59' lang='lat' dir='ltr'><strong>hic</strong></span> <span class='ocrx_word' id='word_1_811' title='bbox 3303 5487 3321 5510; x_wconf 71' lang='grc' dir='ltr'><strong><em>ο</em></strong></span> 
     </span>
    </p>
   </div>
   <div class='ocr_carea' id='block_1_119' title="bbox 1765 5519 2461 5586">
    <p class='ocr_par' dir='ltr' id='par_1_119' title="bbox 1765 5519 2461 5586">
     <span class='ocr_line' id='line_1_119' title="bbox 1765 5519 2461 5586; baseline 0 -14"><span class='ocrx_word' id='word_1_812' title='bbox 1765 5519 1902 5586; x_wconf 81' lang='lat' dir='ltr'><strong>male</strong></span> <span class='ocrx_word' id='word_1_813' title='bbox 1934 5521 2250 5586; x_wconf 75' lang='lat' dir='ltr'><strong>transposito</strong></span> <span class='ocrx_word' id='word_1_814' title='bbox 2278 5530 2346 5586; x_wconf 84' lang='grc' dir='ltr'><strong>τῷ</strong></span> <span class='ocrx_word' id='word_1_815' title='bbox 2369 5528 2461 5572; x_wconf 82' lang='lat' dir='ltr'><strong>est.</strong></span> 
     </span>
    </p>
   </div>
   <div class='ocr_carea' id='block_1_120' title="bbox 1776 5579 2832 5659">
    <p class='ocr_par' dir='ltr' id='par_1_120' title="bbox 1776 5579 2832 5659">
     <span class='ocr_line' id='line_1_120' title="bbox 1776 5579 2832 5659; baseline 0.004 -19"><span class='ocrx_word' id='word_1_816' title='bbox 1776 5583 1784 5590; x_wconf 73' lang='grc'><em>’</em></span> <span class='ocrx_word' id='word_1_817' title='bbox 1833 5596 1860 5625; x_wconf 73' lang='grc'><em>³</em></span> <span class='ocrx_word' id='word_1_818' title='bbox 1893 5586 2053 5659; x_wconf 43' lang='grc' dir='ltr'><strong>[δί-(1.,</strong></span> <span class='ocrx_word' id='word_1_819' title='bbox 2082 5579 2474 5659; x_wconf 60' lang='grc' dir='ltr'><strong>ξλΕθυριῐῙεδος</strong></span> <span class='ocrx_word' id='word_1_820' title='bbox 2504 5586 2832 5659; x_wconf 67' lang='lat' dir='ltr'><strong>.Ethiopum.</strong></span> 
     </span>
    </p>
   </div>
   <div class='ocr_carea' id='block_1_121' title="bbox 1835 5605 3322 5748">
    <p class='ocr_par' dir='ltr' id='par_1_121' title="bbox 1835 5605 3322 5748">
     <span class='ocr_line' id='line_1_121' title="bbox 1835 5605 2832 5659; baseline -0.022 -4"><span class='ocrx_word' id='word_1_821' title='bbox 1835 5605 1860 5625; x_wconf 83' lang='lat'><strong>&quot;</strong></span> <span class='ocrx_word' id='word_1_822' title='bbox 1894 5605 2053 5652; x_wconf 73' lang='grc' dir='ltr'><strong>ιοιαο,</strong></span> <span class='ocrx_word' id='word_1_823' title='bbox 2084 5605 2298 5659; x_wconf 64' lang='lat' dir='ltr'><strong>mgypn</strong></span> <span class='ocrx_word' id='word_1_824' title='bbox 2329 5605 2474 5642; x_wconf 80' lang='lat' dir='ltr'><strong>labor</strong></span> <span class='ocrx_word' id='word_1_825' title='bbox 2504 5605 2654 5640; x_wconf 50' lang='lat' dir='ltr'><strong>cum</strong></span> <span class='ocrx_word' id='word_1_826' title='bbox 2763 5607 2832 5648; x_wconf 66' lang='grc' dir='ltr'><strong>ηπ,</strong></span> 
     </span>
     <span class='ocr_line' id='line_1_122' title="bbox 1835 5605 3322 5748; baseline 0.002 -36"><span class='ocrx_word' id='word_1_827' title='bbox 1835 5655 2131 5748; x_wconf 60' lang='lat' dir='ltr'><strong>Edbric.,</strong></span> <span class='ocrx_word' id='word_1_828' title='bbox 2173 5660 2396 5730; x_wconf 69' lang='lat' dir='ltr'><strong>ditesque</strong></span> <span class='ocrx_word' id='word_1_829' title='bbox 2818 5673 3030 5742; x_wconf 85' lang='lat' dir='ltr'><strong>quoque</strong></span> <span class='ocrx_word' id='word_1_830' title='bbox 3072 5656 3322 5727; x_wconf 49' lang='lat' dir='ltr'><strong>Mauo-</strong></span> 
     </span>
    </p>
   </div>
   <div class='ocr_carea' id='block_1_122' title="bbox 1750 5733 1955 5789">
    <p class='ocr_par' dir='ltr' id='par_1_122' title="bbox 1750 5733 1955 5789">
     <span class='ocr_line' id='line_1_123' title="bbox 1750 5733 1955 5789; baseline -0.02 -3"><span class='ocrx_word' id='word_1_831' title='bbox 1750 5733 1955 5789; x_wconf 67' lang='lat' dir='ltr'><strong>suum.</strong></span> 
     </span>
    </p>
   </div>
   <div class='ocr_carea' id='block_1_123' title="bbox 2225 5894 2253 5926">
    <p class='ocr_par' dir='ltr' id='par_1_123' title="bbox 2225 5894 2253 5926">
     <span class='ocr_line' id='line_1_124' title="bbox 2225 5894 2253 5926; baseline 0 0"><span class='ocrx_word' id='word_1_832' title='bbox 2225 5894 2253 5926; x_wconf 59' lang='grc' dir='ltr'><strong>νὴ</strong></span> 
     </span>
    </p>
   </div>
  </div>
