3952 6222
467 252 560 306 2⁸19

464 365 539 419 De
566 379 669 433 quo
696 362 984 416 Zacharias
1005 379 1017 414 :
1038 361 1272 423 Exsulta,
1306 361 1409 413 ﬁlia
1439 360 1589 424 Sion,

532 435 733 514 Justus,
758 451 1017 512 Salvator,
1052 449 1162 501 Rex
1186 458 1305 502 tuus
1331 463 1455 502 ecce
1485 448 1650 500 venit.

469 542 775 596 Ascendcns
813 542 1012 594 asinam
1044 554 1225 607 super,
1254 549 1344 592 aut
1372 538 1531 592 asinae
1560 549 1769 605 quoque
1793 532 2018 603 pullum,

539 640 562 666 ι
593 631 883 699 Quadrigas
925 631 1149 699 perdens
1180 646 1243 684 ex
1276 630 1496 693 Elraim,
1531 639 1585 683 et
1609 644 1824 695 equum,

467 723 616 776 Unde
640 730 697 775 et
723 723 951 776 Miclteas
977 737 992 776 :
1025 722 1094 774 Et
1115 731 1191 785 tn,
1217 720 1405 788 inquit,
1432 719 1704 774 Bethleem
1735 717 1990 787 Ephrata,

536 810 791 863 Parvulus
815 810 866 862 in
901 808 1030 862 Juda
1058 807 1290 862 millibus
1319 809 1432 875 ipse
1463 815 1668 862 manes.

465 897 778 968 Egredie‘tur
799 900 885 968 qui
915 900 1214 953 dominatur
1242 901 1293 952 in
1328 899 1490 953 Israel
1513 915 1575 952 ex
1604 909 1673 963 te,

537 988 896 1058 Egressusque
924 999 1112 1052 potens
1135 991 1248 1056 ejus
1272 989 1338 1042 ab
1364 989 1538 1043 initio.

465 1077 664 1133 Lumen
688 1090 987 1133 sanctorum
1018 1080 1071 1133 in
1095 1078 1488 1148 splendoribus,
1521 1094 1587 1131 ex
1619 1088 1769 1132 utero
1798 1091 1954 1147 quem

537 1171 670 1221 Ante
697 1177 750 1221 et
771 1167 1093 1222 Luciferum
1135 1168 1518 1236 progenuitque
1540 1178 1708 1234 pater.

467 1256 494 1295 ιι
517 1258 735 1312 Livores
766 1273 962 1311 sanans
989 1266 1204 1312 nostros
1229 1257 1393 1310 livore
1426 1257 1604 1319 beato,

541 1349 606 1401 Et
628 1357 834 1401 veteres
858 1347 1092 1402 maculas
1120 1347 1390 1416 sanguinis
1426 1358 1448 1384 ο
1483 1361 1640 1401 amne
1663 1347 1865 1401 levans.
1893 1378 1895 1380 -

471 1437 515 1491 O
544 1437 694 1504 virgo
721 1437 962 1505 insignis,
999 1437 1254 1505 nobisque
1292 1437 1494 1491 medela
1523 1434 1551 1472 ἀ
1580 1438 1834 1492 monades

539 1527 706 1593 Quam
731 1525 868 1580 Deus
895 1526 1132 1593 implevit
1158 1526 1318 1578 totius
1348 1526 1492 1579 orbis
1513 1540 1634 1594 ope.

470 1616 702 1686 Quaeque
723 1627 1015 1671 creatorem
1047 1618 1280 1671 meruisti
1301 1625 1489 1672 ventre
1515 1625 1718 1683 tenere,

542 1715 571 1744 ο
599 1705 665 1760 Ει
691 1719 944 1775 generare
973 1706 1138 1759 Deum
1170 1707 1500 1773 concipiente
1530 1706 1652 1759 ﬁde.

469 1795 783 1854 Mundatura
805 1813 944 1851 novo
975 1807 1124 1866 partu
1147 1797 1213 1852 de
1234 1799 1454 1852 crimine
1481 1799 1756 1866 mundum,

547 1888 720 1954 Atque
748 1900 896 1940 sacro
921 1886 1028 1940 fetu
1061 1889 1399 1957 progenitnra
1429 1887 1610 1942 Deum.

475 1970 718 2028 Humano
746 1976 923 2044 generi
950 1978 1129 2044 genuit
1157 1993 1288 2044 quos
1325 1977 1430 2031 Eva
1462 1979 1691 2042 dolores,

546 2061 757 2118 Curavit
785 2066 1015 2140 genitus,
1051 2067 1199 2134 virgo
1233 2066 1414 2132 Maria,
1442 2077 1581 2122 tuus.

478 2151 685 2207 Peccati
722 2155 896 2220 jaculo
933 2154 1106 2208 deﬁxa
1147 2155 1199 2207 in
1235 2155 1401 2222 stirpe
1429 2155 1645 2208 cicatrix

545 2239 734 2294 Ulcera
764 2243 900 2294 nulla
929 2245 1089 2310 gerit,
1122 2257 1217 2295 nec
1245 2257 1339 2296 sua
1373 2243 1517 2310 signa
1551 2250 1752 2309 patent.

481 2329 678 2386 Succos
705 2346 915 2385 amarus
939 2333 1078 2386 enim
1110 2333 1257 2385 vetiti
1284 2332 1349 2385 de
1374 2332 1574 2386 cortice
1605 2332 1755 2402 ligni,

545 2421 727 2477 Stante
754 2419 1122 2490 Redemptoris
1145 2422 1210 2475 de
1229 2436 1384 2476 cruce
1412 2421 1562 2476 dulce
1586 2421 1743 2490 sapit.

481 2514 590 2571 Sub
613 2515 750 2583 pomi
777 2516 952 2583 specie
973 2529 1116 2568 mors
1142 2524 1268 2568 tunc
1294 2516 1361 2568 de
1384 2512 1569 2568 fronde
1605 2512 1891 2582 pependit,

552 2607 703 2663 Nunc
732 2616 851 2660 tuus
875 2615 957 2661 est
985 2615 1185 2670 uterus,
1212 2606 1335 2659 hinc
1359 2606 1528 2672 cibus,
1553 2603 1676 2658 inde
1702 2605 1865 2659 salus.

480 2697 674 2753 Fructu
700 2706 878 2751 sancta
905 2699 992 2765 pio
1013 2697 1276 2750 renovasti
1301 2705 1539 2762 tempora
1567 2710 1763 2756 rerum,

554 2786 900 2851 Lucidiorque
924 2786 1058 2851 dies,
1086 2794 1136 2838 te
1174 2794 1456 2852 generante
1483 2830 1500 2852 ,
1535 2784 1685 2837 nitet.

486 2875 608 2926 l'ost
632 2883 877 2926 tenebras
901 2873 1069 2926 solem
1113 2870 1132 2909 ί
1175 2881 1390 2926 revocat
1421 2880 1541 2926 tuus
1578 2872 1727 2925 alvus
1749 2872 1799 2926 in
1831 2871 2036 2935 orbem,

553 2963 684 3017 Cum
715 2964 924 3018 Domini
948 2965 1150 3034 jubaris
1177 2964 1447 3018 irradiavit
1475 2977 1631 3032 apex.

479 3047 541 3110 In
562 3063 614 3110 te
645 3055 887 3110 habitans
915 3055 1099 3109 mundi
1121 3055 1300 3108 lumen
1328 3053 1552 3108 statione
1583 3067 1823 3118 corusca,

555 3143 757 3200 Floruit
785 3144 1006 3198 interius
1033 3157 1128 3209 per
1159 3151 1245 3195 tua
1280 3142 1516 3195 membra
1542 3141 1700 3208 Deus,

487 3242 516 3280 σ
543 3233 690 3288 Nunc
711 3235 861 3287 vivax
894 3234 1062 3301 lulgor
1087 3242 1370 3302 penetrans
1393 3241 1445 3288 et
1471 3233 1535 3286 ad
1565 3232 1667 3286 ima
1690 3231 1955 3301 profundi,

555 3321 748 3378 Orbem
777 3322 890 3387 alit,
921 3333 1062 3376 astra
1089 3326 1241 3390 regit,
1275 3332 1467 3377 tartara
1501 3322 1618 3377 luce
1642 3322 1830 3390 replet.

486 3409 649 3484 Cujus
679 3413 859 3467 mundi
898 3429 1001 3468 uno
1027 3421 1108 3468 est
1137 3413 1250 3466 haec
1279 3413 1526 3467 machina
1555 3421 1688 3466 tecta
1719 3411 1938 3481 pugillo,

559 3501 836 3557 Clauditur
874 3503 926 3557 in
956 3503 1123 3569 ﬁbris,
1155 3515 1297 3557 casta
1343 3503 1540 3572 puella,
1572 3502 1694 3556 tuis.

488 3589 817 3658 Supportans
831 3593 1077 3646 fabricata
1092 3592 1294 3646 fabrum
1305 3603 1485 3662 ,atque
1498 3595 1725 3646 humana
1738 3593 2048 3656 Tonantem,

559 3680 771 3750 Virgula
810 3683 1059 3748 radicem,
1095 3684 1230 3736 facta
1267 3685 1496 3737 creantis
1524 3697 1699 3751 opem.

492 3770 725 3838 Qualiter
755 3771 842 3825 illa
874 3787 1063 3826 novum
1093 3781 1377 3828 tenuerunt
1399 3772 1600 3828 viscera
1629 3773 1830 3836 lumen,

563 3861 713 3926 Quod
738 3862 897 3917 decus
921 3863 1061 3917 intus
1087 3873 1222 3930 erat,
1254 3866 1438 3928 quisve
1468 3863 1635 3916 honor
1656 3863 1776 3917 inde
1800 3861 1978 3917 foras?

493 3945 692 4004 Gaudia
720 3961 913 4018 quanta
943 3954 1088 4005 sinus
1115 3952 1296 4005 hilaris
1324 3961 1443 4003 tuus
1473 3952 1559 4002 ille
1592 3951 1840 4013 vehebat,

561 4039 696 4093 Cum
721 4050 808 4092 tua
833 4042 1070 4093 membra
1097 4054 1361 4114 premens,
1388 4039 1503 4105 plus
1532 4039 1805 4093 relevabat
1833 4039 2003 4093 onus?

496 4125 633 4180 Tum
662 4127 995 4194 genitrix,-de
1015 4127 1153 4180 fasce
1182 4128 1334 4190 levis,
1387 4127 1451 4179 de
1479 4127 1626 4194 prole
1655 4127 1907 4193 salubris,

575 4217 706 4274 Rem
733 4217 1029 4290 splendoris
1058 4217 1276 4282 habens,
1311 4218 1397 4272 lux
1421 4233 1589 4287 neque
1623 4219 1824 4286 pondus
1844 4228 1978 4274 erat.

1164 248 1481 302 verum"
1523 214 1682 301 nor}.
1724 243 1931 299 CLEM.
1974 237 2363 298 somnum
2402 241 2685 297 OPERUM
2726 241 2902 297 PARS
2942 240 2984 294 ι.

2047 365 2099 418 Α
2127 354 2390 412 Auxilium
2421 357 2486 411 de
2508 356 2641 411 ﬂore
2664 370 2873 426 gerens,
2905 355 2972 408 de
3002 355 3149 422 fruge
3177 353 3432 415 levamen,

2196 450 2352 516 Spem
2381 457 2435 503 et
2457 448 2576 502 caeli
2601 461 2790 516 panem
2820 447 2964 514 spica
2996 441 3022 480 ιι
3047 443 3252 496 novella
3283 454 3498 509 gerens.

2124 541 2282 608 Cujus
2302 548 2418 594 erat
2460 541 2628 602 stella,
2659 548 2709 593 et
2732 539 2810 592 sui
2842 535 3128 591 matutinus
3151 533 3203 586 in
3234 533 3372 584 alvo.

2195 630 2328 683 Infra
2366 644 2539 683 arcam
2563 629 2890 682 abscondens
2915 625 3107 692 fulgida
3143 625 3263 676 luna
3291 623 3468 689 juhar.

2127 720 2439 775 Anniculutn
2466 729 2684 786 portans
2715 732 2906 786 agnum
2929 716 3310 784 antiquumque
3331 713 3621 781 gigantem,

2197 811 2377 879 Deque
2402 811 2538 864 tribu
2560 809 2691 863 .luda
2723 809 2812 878 qui
2837 810 2918 864 leo
2951 807 3100 860 fortis
3130 813 3265 860 erat.

2125 900 2333 956 Cornua
2365 900 2661 967 producens
2682 899 2875 952 vitulus
2905 912 3002 951 ceu
3036 895 3408 959 rhinocerotis,

2199 989 2431 1056 Arduus,
2460 987 2616 1042 elatis
2646 987 2882 1051 naribus,
2916 986 3019 1039 alta
3051 985 3308 1039 fremens.

2130 1080 2381 1149 Regulus,
2413 1090 2569 1146 atque
2591 1078 2751 1146 aspis,
2777 1077 2973 1131 cedunt
3001 1076 3084 1128 cui
3108 1083 3299 1128 cuncta
3321 1085 3560 1136 venena,

2197 1172 2413 1241 Vipera,
2439 1168 2454 1206 ί
2477 1183 2570 1224 seu
2591 1168 2788 1236 dipsas,
2809 1182 2954 1236 seps,
2975 1167 3156 1230 draco,
3181 1163 3445 1228 cenchris,
3468 1162 3484 1211 l
3514 1160 3698 1220 hvdra.

2132 1260 2388 1315 Parvulus
2411 1259 2528 1329 ipse
2555 1275 2715 1329 puer,
2741 1273 2964 1328 persona
2996 1267 3200 1310 vetusta
3224 1255 3450 1320 dierum,
3675 1253 3688 1266 ⁶

2201 1352 2454 1421 Egressus
2474 1351 2626 1420 cujus
2647 1359 2752 1416 stat
2779 1350 2892 1405 sine
2922 1348 3202 1419 principio.

2031 1481 2036 1488 .
2131 1441 2293 1509 Cujus
2314 1441 2502 1495 diffusa
2531 1440 2584 1494 in
2610 1440 2760 1494 labiis
2788 1439 3059 1507 est'gratia
3106 1438 3304 1492 ﬂorens
3331 1453 3346 1488 :

2208 1528 2235 1567 ι
2267 1529 2491 1599 insignis
2519 1527 2688 1584 forma
2714 1543 2821 1598 pm
2849 1529 3040 1597 genitis
3063 1527 3364 1581 hominum.

2133 1621 2398 1690 Cujusque
2426 1628 2509 1674 est
2527 1618 2705 1674 oriens
2731 1634 2795 1672 ex
2821 1619 2928 1672 alto
2950 1633 3142 1672 nomen
3173 1615 3414 1681 honoris,

2062 1703 2112 1761 B
2206 1709 2304 1777 Qui
2327 1721 2446 1770 nos,
2471 1707 2650 1762 lumen
2678 1721 2859 1780 agens,
2887 1707 3067 1760 visitat
3088 1707 3140 1760 in
3170 1704 3424 1760 tenebris.

2136 1800 2234 1866 Qui
2259 1797 2401 1854 venit
2427 1798 2493 1852 de
2517 1796 2708 1862 Edom,
2733 1797 2799 1850 de
2823 1797 2982 1851 Bosra
3016 1808 3164 1851 veste
3184 1805 3432 1859 cruenta,

2203 1889 2450 1956 Pulcher,
2478 1889 2819 1958 sanguineus,
2849 1886 3124 1951 candidus,
3150 1896 3309 1954 atque
3338 1884 3519 1940 ruber.

2135 1980 2445 2035 Calcaturus
2471 1989 2588 2035 erat
2610 1978 2697 2047 qui
2731 1976 2750 2015 ι
2785 1978 2928 2033 solus
2957 1977 3187 2032 torcular
3209 1977 3395 2042 altum,

2208 2081 2248 2107 ω
2279 2072 2333 2125 In
2361 2085 2518 2126 cruce
2557 2068 2883 2138 pensandus,
2907 2069 3147 2122 membra
3172 2081 3362 2121 cruore
3393 2064 3606 2118 levans.

2138 2159 2289 2216 Unde
2309 2161 2408 2214 sibi
2433 2161 2588 2216 mista
2617 2170 2698 2216 est
2719 2161 2852 2212 stola
2883 2160 3127 2221 candida,
3157 2161 3316 2210 tincta
3341 2157 3564 2218 rubore,

2209 2259 2237 2286 ιι
2268 2249 2433 2314 Quem
2461 2257 2604 2317 post,
2630 2259 2819 2301 anteve
2842 2262 2997 2316 quem
3029 2261 3133 2300 non
3167 2245 3308 2300 Deus
3331 2243 3469 2298 nllus
3496 2242 3626 2297 erit.

2139 2341 2298 2409 Cujus
2329 2337 2654 2394 transcendit
2681 2352 2829 2392 sacra
2862 2337 3248 2406 magniﬁcentia
3283 2344 3308 2371 ο
3339 2333 3560 2398 οωιυω,

2210 2431 2410 2486 Cuncta
2433 2445 2623 2501 regens
2655 2430 2844 2498 palma,
2873 2429 3066 2492 sidera,
3100 2444 3249 2492 rura,
3283 2428 3439 2481 freta.

2144 2518 2274 2586 Quis
2296 2529 2349 2572 te
2373 2527 2498 2574 tunc
2525 2533 2737 2582 sensus,
2775 2517 2983 2571 Domini
3015 2517 3099 2585 pia
3127 2525 3319 2580 mater,
3353 2512 3606 2578 habebat,

2214 2607 2346 2663 Cum
2380 2608 2474 2664 tibi
2505 2609 2628 2663 talis
2656 2617 2770 2663 erat
2797 2607 2957 2676 fetus,
2989 2607 3191 2662 honore
3221 2607 3422 2661 novus?

2145 2696 2366 2750 Praemia
2391 2708 2587 2765 quanta
2614 2706 2826 2751 uterum
2845 2697 3158 2764 implebant,
3181 2704 3237 2750 et
3261 2695 3448 2763 gaudia
3489 2700 3688 2763 pectus
3706 2729 3724 2754 ,

2220 2785 2485 2840 Caelorum
2509 2785 2765 2840 artiﬁcem
2795 2800 2914 2839 cum
2938 2796 3022 2838 tua
3054 2786 3221 2838 ferret
3250 2784 3477 2837 humus?

2145 2875 2192 2930 0
2217 2873 2420 2929 meritis
2441 2884 2469 2923 ι)
2489 2874 2720 2940 radians,
2757 2873 2868 2941 dic,
2899 2875 3069 2943 virgo,
3104 2885 3326 2941 putasne
3355 2871 3574 2929 videbas

2217 2964 2498 3041 angelicas
2525 2978 2711 3019 cursus
2737 2964 2848 3030 ire,
2880 2963 3057 3019 redire
3087 2953 3290 3018 novos?

2070 3064 2117 3102 υ
2149 3053 2390 3108 Militiam
2418 3052 2539 3108 caeli
2561 3067 2680 3108 cum
2701 3056 2761 3108 ‘te
2782 3068 2997 3108 servare
3021 3053 3285 3108 vicissim.

2219 3143 2464 3199 Sentires
2490 3144 2701 3206 animo,
2730 3159 2871 3211 saepe
2899 3144 3073 3196 levata
3106 3158 3285 3196 manu.

2145 3237 2275 3303 Quae
2299 3235 2439 3290 circa
2471 3244 2524 3289 te
2552 3237 2716 3300 acies,
2748 3235 2832 3288 vel
2864 3233 3072 3303 quando
3097 3235 3198 3289 iter
3225 3234 3304 3288 ire
3333 3247 3573 3302 parares,

2215 3325 2379 3380 Millia
2414 3339 2738 3394 prmgressus
2762 3324 3167 3378 concomitando
3196 3323 3353 3377 tuos?

2149 3417 2284 3484 Quid
2305 3417 2528 3472 Michael
2555 3416 2751 3472 faceret
2774 3416 2984 3483 ductor,
3011 3415 3112 3469 sub
3133 3416 3370 3484 principe
3394 3416 3566 3480 celso,

2219 3505 2360 3572 Quid
2380 3513 2589 3576 gereret
2616 3505 2862 3572 Gabriel,
2890 3504 3108 3568 nuntius
3138 3504 3230 3559 ille
3255 3503 3443 3558 sacer?
3476 3557 3480 3566 ,

2149 3592 2385 3660 Qualiter
2404 3604 2493 3648 aut
2524 3593 2760 3663 Raphael
2783 3609 3063 3650 occursum
3094 3596 3424 3663 impenderet
3449 3594 3604 3648 alma:
3623 3633 3644 3662 ,

2218 3685 2296 3739 Te
2324 3696 2586 3754 portante,
2622 3686 2713 3740 Dei
2734 3687 2857 3740 dum
2890 3695 3041 3756 putat
3064 3701 3185 3740 esse
3207 3675 3453 3747 thronum
3477 3686 3501 3738 2

2151 3774 2322 3831 Credo
2350 3775 2484 3828 alter
2509 3785 2726 3844 cuperet
2751 3776 2944 3842 plantis
2965 3776 3303 3831 substernere
3333 3774 3570 3844 palmas;

2221 3861 2318 3918 llle
2340 3876 2561 3917 excussa
2586 3861 2666 3916 ala
2690 3872 2717 3910 (ι
2746 3863 3071 3916 subnitidare
3103 3865 3264 3917 viam.

2153 3951 2380 4007 Duceret
2401 3952 2502 4007 iste
2525 3967 2682 4006 auras
2709 3967 2777 4007 ne
2804 3961 2856 4007 te
2881 3954 3055 4021 gravis
3085 3962 3262 4006 ureret
3289 3961 3473 4018 aestus,

2224 4039 2316 4093 Ille
2344 4040 2526 4093 levans
2553 4041 2740 4106 pinnas
2775 4049 2946 4092 vertat
2971 4048 3027 4090 nt
3056 4041 3224 4092 imber
3250 4053 3426 4107 aquas.

2155 4128 2259 4184 Iste
2287 4129 2351 4183 ad
2383 4128 2529 4183 frena
2561 4143 2773 4182 manum
2809 4129 3063 4191 retinens,
3093 4143 3160 4182 ne
3186 4128 3391 4182 sarcina
3414 4129 3607 4198 lapset,

2226 4219 2336 4277 Neu
2358 4235 2450 4290 pes
2467 4217 2701 4274 offendat
2729 4218 2952 4288 pendula
2977 4228 2999 4255 τ
3025 4218 3174 4273 turba
3207 4226 3365 4273 vetat.

567 4427 592 4454 ι
621 4415 854 4488 Febrim,
885 4427 1065 4488 curras
1085 4410 1303 4488 perdam
1334 4409 1660 4478 Ephrazmos.
1687 4375 1798 4479 μὴ,
1827 4409 1898 4464 Et
1935 4425 2055 4488 ευτ-
2078 4412 2132 4472 D
2158 4479 2195 4488 __
2237 4415 2261 4444 ⁸
2290 4409 2618 4488 lf‘abr_ic_.,_et
2657 4425 2892 4488 generare
2918 4411 3077 4488 diem.
3119 4410 3205 4463 Sic
3232 4409 3384 4462 etiam
3412 4406 3724 4488 Broxerua,

498 4504 588 4541 rats
619 4484 830 4552 perdem
857 4497 920 4534 ex
945 4480 1196 4546 Efraimo.

568 4554 598 4593 ι
627 4555 681 4605 1η
707 4552 835 4604 Cod.
864 4548 1004 4611 Vat.,
1037 4549 1212 4601 livores
1243 4550 1436 4601 nostros
1457 4563 1663 4601 sanam.

573 4633 596 4660 ο
632 4619 758 4671 lhid.
771 4659 785 4682 ,
807 4633 953 4670 amne
977 4616 1125 4669 lavat.

576 4689 602 4727 ἀ
632 4687 858 4754 Hujusce
885 4687 1054 4741 aetatis
1083 4684 1430 4753 scriptoribus
1461 4685 1513 4739 in
1555 4701 1700 4742 more
1732 4689 1828 4743 fuit
1854 4690 2050 4745 Hevam

506 4757 895 4828 Nomdem.(_ut
930 4756 1300 4828 animadvertit
1329 4755 1553 4828 ABrow.)
1578 4760 1840 4823 appellare
1865 4801 1878 4822 ,
1908 4758 2048 4828 quod

503 4838 672 4882 mater
702 4823 864 4897 fuerit
887 4824 1117 4878 omnium
1148 4825 1455 4897 viventium.
1493 4823 1672 4879 Mona:
1700 4823 2050 4897 quippefsive

504 4900 696 4957 unitas,
720 4904 797 4948 est
821 4893 1135 4946 elementum
1163 4895 1381 4959 simplex
1414 4909 1475 4948 ac
1508 4897 1755 4962 primum,
1787 4893 1924 4961 quod
1948 4912 2044 4964 pro

504 4980 660 5019 causa
691 4965 924 5030 principe
967 4970 1274 5028 usurpatur;
1307 4965 1442 5028 quod
1476 4965 1586 5028 ipsa
1617 4981 1824 5018 onmem
1859 4980 2044 5019 nume-

505 5049 622 5088 rum
652 5036 846 5100 gignat,
877 5048 905 5084 a
936 5031 1080 5084 nullo
1113 5034 1548 5100 numerogenita.
1585 5033 1731 5087 Unde
1759 5035 2048 5088 Mercurius

511 5098 881 5168 Trismegistus
905 5102 953 5152 in
978 5102 1256 5153 Pimandro
1283 5118 1293 5150 :
1323 5098 1526 5162 Marias,
1552 5102 1644 5163 ait,
1670 5106 1887 5154 omnium
1911 5105 2046 5169 pria-

506 5173 728 5236 cipium,
772 5171 921 5222 radix
971 5179 1013 5221 et
1053 5172 1210 5237 origo,
1261 5180 1361 5222 etc.
1419 5169 1527 5220 Iloc
1574 5169 1747 5236 itaque
1793 5173 1844 5223 in
1886 5188 2045 5225 sensu

506 5256 680 5294 manas
703 5239 784 5291 vel
813 5238 878 5291 de
903 5238 960 5292 S.
1001 5238 1161 5291 Maria
1195 5239 1279 5291 hic
1302 5254 1328 5289 a
1375 5239 1659 5291 Fortunato
1692 5241 2003 5305 prtedicatur
2031 5257 2044 5290 :

509 5311 646 5378 quod
674 5311 740 5362 ab
760 5309 872 5374 ipsa
901 5306 1288 5378 quodammodo
1310 5310 1414 5358 vita
1441 5308 1654 5371 incoepit
1678 5308 1995 5378 hominibus,
2019 5323 2050 5360 a

547 5392 632 5440 ua,
677 5393 772 5431 ceu
822 5375 925 5429 llos
962 5391 1025 5430 ex
1075 5377 1216 5441 virga
1266 5375 1433 5438 Jesse,
1477 5390 1625 5428 ortus
1671 5386 1750 5430 est
1787 5377 2052 5432 Christus.

555 5444 931 5514 eorg.'Fabric.
965 5443 1041 5498 sic
1066 5444 1188 5512 legit
1215 5442 1353 5497 hunc
1381 5460 1586 5497 versum
1625 5463 1633 5494 :

632 5555 671 5598 η
697 5558 831 5618 virgo
856 5559 1073 5619 insignis,
1096 5563 1247 5608 mater
1274 5558 1367 5618 pia,
1391 5555 1550 5606 nobile
1570 5567 1756 5605 semen.

2158 4479 2361 4561 licet‘in
2712 4479 2878 4561 l_.ugd.
2918 4479 3118 4549 legatur
3153 4487 3198 4532 et
3240 4493 3477 4549 generare
3515 4474 3717 4544 Deum,

2159 4549 2298 4619 quod
2326 4549 2463 4603 haud
2494 4549 2760 4615 displicet.

2231 4617 2251 4655 τ
2278 4618 2430 4681 lbid.,
2456 4628 2544 4671 tua
2563 4626 2760 4670 revocat
2779 4616 2942 4671 alvus.

2227 4697 2252 4734 ε
2282 4687 2336 4740 1η
2367 4687 2484 4740 Vat.
2508 4685 2662 4745 Cod..
2694 4684 2836 4738 Tunc
2857 4687 3019 4739 vivax.

2227 4755 2255 4830 ξι
2280 4756 2497 4830 l_hi.t_ler_n,
2525 4756 2718 4830 nouella
2738 4758 2927 4830 ferens.
2967 4757 3038 4807 Ita
3061 4764 3114 4808 et
3139 4753 3346 4808 Fabric.

2230 4823 2246 4861 ί
2287 4823 2520 4886 Fabric”
2551 4823 2854 4891 C/tesydros,
2889 4839 3021 4890 seps.

2228 4891 2243 4962 ξ
2281 4892 2434 4955 lbid.,
2465 4893 2658 4962 hybris;
2690 4892 2850 4954 forte,
2884 4893 3072 4957 hydris.

2211 4959 2332 5043 'knln
2358 4955 2666 5027 Cod.'Vat.,
2691 4955 2939 5027 speciosus
2970 4962 3166 5029 forma;
3199 4960 3430 5025 Fabric.,
3459 4955 3502 5009 0
3536 4960 3710 5028 [arma

2154 5033 2384 5086 radians.

2232 5099 2248 5136 ι
2288 5101 2516 5163 Fabric.,
2547 5100 2817 5154 toreularia
2845 5101 3002 5153 solus.

2225 5179 2265 5206 ω
2297 5169 2452 5230 lbid.,
2477 5170 2529 5221 in
2555 5185 2698 5222 cruce
2728 5171 3036 5234 pendendus.

2223 5239 2322 5316 fin
2505 5237 2645 5302 Vat.,
2667 5254 2812 5308 quem
2835 5253 2969 5302 ante,
2997 5247 3042 5292 et
3063 5239 3138 5292 vel
3153 5246 3262 5307 post
3285 5253 3428 5304 quem
3452 5254 3550 5292 non
3575 5237 3716 5291 Delta

2158 5306 2296 5360 ullas
2325 5310 2438 5359 erit.
2680 5306 2685 5308 “

2235 5385 2258 5412 ο
2291 5376 2520 5437 Fabric.,
2551 5377 2719 5443 gaios.

2237 5456 2264 5491 Ρ
2285 5445 2441 5512 lb_itl.,
2474 5443 2516 5496 0
2550 5447 2712 5511 {arma
2737 5446 2958 5499 radians.

2241 5524 2270 5561 «ι
2296 5513 2451 5582 lbid.,
2481 5517 2687 5582 solveret
2710 5514 2816 5582 ipse
2841 5515 2973 5568 diem

2248 5591 2268 5621 ι
2298 5581 2428 5637 Cod.
2459 5581 2604 5652 ναι,
2632 5584 2778 5637 turba
2805 5585 2956 5641 volat.
2987 5583 3115 5642 Item
3141 5583 3344 5642 Fabric.
