3952 6222
108 309 219 364 181
1306 314 1793 373 MISCELLANEA.
1841 344 1906 355 -—
1945 318 2074 373 LIB.
2122 319 2253 374 VIII.
3301 318 3407 374 282

108 418 265 486 Quot
294 423 521 495 vigiles
548 437 756 493 turma,
777 443 897 484 cum
927 437 977 484 te
1005 442 1163 497 sopor
1184 430 1321 482 altus
1348 427 1585 495 haberet,
1762 430 1816 487 Α
1842 426 2002 499 Virgo
2029 431 2220 486 intacta
2251 445 2492 495 manens,
2526 431 2645 485 fidei
2678 431 2919 488 ubertate
2944 432 3150 498 marita,

186 510 475 584 Solaque
515 517 804 573 dormitans
833 526 911 571 tot
938 518 1153 587 vigilare
1177 520 1371 572 dares?
1915 518 2079 574 lnscia
2108 521 2371 589 coniugio,
2406 520 2507 575 feta
2535 531 2757 591 negante
2785 522 2918 577 viro.

106 600 373 657 Siderea
412 609 700 676 obsequio,
731 609 932 662 meritis
948 608 1260 676 dignissima
1292 609 1459 679 virgo,
1840 608 2067 678 Accipis,
2095 621 2151 666 ut
2179 612 2352 667 nescis
2379 630 2391 663 :
2420 606 2697 668 Sic'reddis
2719 622 2780 667 ut
2805 612 3008 683 integra
3031 624 3267 678 constes,

182 695 352 751 Cum
385 710 450 756 te
474 702 665 755 divinis
686 702 924 771 cirfgeret
952 702 1029 754 ala
1060 702 1267 756 choris.
1911 700 2017 753 Nec
2044 701 2232 756 violata
2267 704 2428 771 paris,
2465 718 2563 757 nec
2595 704 2850 772 pariendo
2878 705 3049 761 doles.

104 782 297 853 Cujus
327 792 558 845 honore
587 806 735 846 mero
757 800 783 827 ⁸
813 792 891 846 sol
922 791 1034 859 ipse
1064 792 1392 845 tremisceret
1422 800 1594 846 ortum
1620 834 1634 857 ,
1844 788 1909 843 Et
1944 799 2118 844 tamen
2144 803 2224 846 est
2251 796 2460 862 genitus
2488 793 2626 847 Deus
2655 805 2705 848 et
2734 796 2892 849 homo
2912 838 2926 859 ,
2959 813 3134 861 verus,
3162 806 3216 851 et
3247 814 3406 867 unus,

188 878 500 953 Lunaque
520 886 617 938 sub
640 883 859 951 pedibus
888 895 1150 954 quaereret
1178 901 1295 940 esse
1327 890 1450 941 tuis.
1608 920 1609 923 η
1915 882 2142 950 Spiritus
2170 894 2325 951 atque
2347 900 2472 939 caro
2502 878 2766 951 Christus,
2798 900 3083 958 utrumque
3112 904 3299 959 genus.

104 973 487 1045 Artificique
508 992 605 1031 suo
634 993 691 1033 se
714 979 953 1034 machina
983 980 1234 1033 subderet
1252 980 1419 1043 orbis,

1838 971 1901 1035 ,ln
1931 972 2129 1028 deitate
2162 976 2301 1047 Patri
2333 977 2572 1044 aequalis,
2604 986 2626 1013 ο
2658 979 2747 1032 vel
2768 994 3003 1048 corpore
3031 982 3209 1047 matri,

193 1064 295 1120 Ac
336 1070 639 1123 miraretur
663 1085 755 1138 per
780 1078 865 1124 tua
897 1069 1139 1134 membra,
1159 1070 1352 1124 Deum.
1398 1056 1401 1058 ’
1576 1108 1579 1113 .
1914 1062 1979 1115 Et
2008 1063 2122 1117 sine
2147 1076 2365 1132 peccato
2395 1065 2462 1118 de
2488 1067 2747 1133 genitrice
2770 1082 2915 1122 caro.

109 1151 164 1206 O
196 1156 399 1223 virgo
432 1158 735 1224 excellens,
763 1160 980 1214 vincens
1007 1175 1166 1227 super
1193 1160 1369 1214 omnia
1409 1168 1628 1223 matres,
1844 1150 2035 1206 Factor
2062 1154 2194 1208 dans
2226 1154 2417 1222 legem,
2451 1154 2620 1211 fartus
2643 1159 2740 1213 sub
2769 1160 2885 1231 lege
2907 1161 3149 1227 minister
3182 1179 3193 1214 ε

194 1248 415 1314 Quam
447 1266 613 1319 genus
643 1246 830 1319 erieiit,
863 1252 947 1306 cui
980 1252 1119 1306 Deus
1147 1251 1248 1304 alta
1272 1251 1452 1305 dedit!
1916 1243 2030 1311 Ipse
2052 1254 2200 1313 pater
2229 1246 2433 1312 mundi,
2466 1247 2602 1302 ﬁlius
2634 1250 2746 1319 ipse
2774 1251 2889 1304 libi-

108 1334 325 1402 Cuius
381 1318 588 1395 fructus
627 1318 811 1407 adest,
843 1351 898 1395 et
930 1340 1028 1394 flos
1060 1355 1163 1396 non
1189 1341 1359 1409 perdit
1384 1341 1633 1405 honores,
1720 1348 1721 1351 ‘
1844 1334 1995 1391 Unde
2025 1347 2194 1404 tuum,
2220 1348 2408 1404 mater,
2435 1318 2667 1409 generas
2694 1352 2875 1396 natum
2906 1352 3062 1412 atque
3084 1354 3357 1411 parentem
3390 1357 3407 1398 :

194 1428 373 1496 Quae
405 1444 531 1487 nato
558 1448 615 1487 es
643 1430 890 1501 genitrix,
918 1442 974 1487 et
1000 1433 1090 1487 tibi
1116 1432 1263 1499 virgo
1294 1438 1506 1485 manes.
1914 1427 2048 1484 llinc
2112 1431 2367 1499 prolem,
2429 1432 2550 1487 inde
2608 1443 2808 1503 patrem
2856 1452 2867 1487 :
2913 1435 3013 1490 hoc
3064 1435 3236 1500 Deus,
3287 1434 3417 1489 illud

110 1514 305 1573 Felix
340 1536 469 1590 qua:
494 1523 681 1591 generi
707 1521 938 1578 humano
963 1526 1061 1577 sub
1091 1523 1312 1577 Tartara
1336 1525 1481 1592 lapso
1510 1565 1523 1588 ,
3180 1527 3413 1598 [humus.

199 1609 307 1662 Ad
342 1611 516 1663 celos
548 1610 682 1665 facta
710 1625 770 1663 es
791 1625 929 1676 sors,
953 1612 1071 1691 via,‘
1093 1621 1264 1679 porta,
1296 1622 1435 1666 rota.
1842 1611 2001 1680 Cujus
2021 1611 2221 1666 honore
2244 1626 2413 1675 sacro,
2438 1613 2686 1676 genitrix,
2715 1615 3047 1669 transcendis
3068 1614 3367 1684 Olympum.

117 1695 287 1751 Aula
318 1698 461 1767 .Dei,
490 1708 711 1755 ornatus
740 1699 1002 1766 paradisi,
1028 1702 1196 1771 gloria
1227 1702 1398 1770 regni,
1917 1702 1981 1756 Et
2008 1716 2166 1771 super
2192 1702 2480 1769 astrigeros
2513 1702 2673 1770 erigis
2700 1717 2791 1755 ora
2818 1704 2991 1769 polos.

203 1786 547 1857 Hospitium
577 1789 723 1856 vitae,
748 1805 879 1859 pons
910 1791 1233 1859 penetrando
1265 1793 1440 1859 polos.
1769 1777 1817 1838 Β
1846 1793 2101 1851 Conderis
2129 1796 2181 1849 in
2213 1796 2346 1848 solio
2370 1794 2492 1849 felix
2527 1795 2707 1864 regina
2734 1796 2987 1862 superbo,

120 1878 296 1933 Area
338 1882 500 1945 nites,
533 1890 585 1935 et
618 1881 768 1936 theca
795 1892 985 1951 potens
1011 1883 1173 1952 gladii
1205 1884 1285 1938 bis
1315 1884 1489 1949 acuti,
1912 1885 2156 1956 Ciugeris
2186 1896 2242 1941 et
2261 1886 2427 1939 niveis
2450 1886 2616 1939 lactea
2644 1887 2793 1954 virgo
2821 1870 3020 1940 choris.

208 1968 351 2022 Ara
381 1967 474 2024 Dei
504 1984 818 2039 assurgens,
848 1972 1059 2027 luminis
1099 1974 1202 2028 alta
1244 1974 1459 2040 pbaros.
1841 1975 2031 2030 Nobile
2054 1974 2283 2027 nobilior
2304 1975 2732 2028 circumsistente
2758 1968 2970 2040 senatu,

123 2055 325 2112 Celata
353 2074 517 2126 super
542 2059 754 2125 cedros,
782 2069 838 2114 et
866 2072 1013 2115 vasta
1041 2062 1313 2117 cacumina
1344 2062 1560 2126 montis,
1910 2060 2228 2115 Consulibus
2256 2059 2416 2113 celsis
2442 2058 2636 2113 celsior
2674 2059 2787 2127 ipsa
2816 2062 2998 2116 sedes.

214 2149 458 2217 Subque
488 2149 591 2202 tuis
620 2149 818 2218 plantis
845 2159 896 2203 et
928 2159 1041 2204 rota
1064 2150 1196 2204 solis
1224 2151 1395 2205 adest.
1841 2150 1928 2206 Sic
1946 2148 2094 2219 juxta
2121 2149 2362 2219 genitum
2391 2164 2572 2217 regem
2605 2149 3131 2217 regina'perennem,

128 2234 424 2308 Virgineo
451 2250 616 2304 ctntu,
645 2240 749 2294 dux
773 2255 900 2295 sexu
933 2245 1100 2310 prima
1131 2242 1383 2305 secundo,
1564 2294 1565 2301 η
1911 2238 2105 2294 Ornata
2136 2255 2200 2293 ex
2231 2248 2405 2305 partu,
2436 2247 2608 2292 mater
2648 2239 2846 2306 opima,
2880 2247 2989 2291 tuo.

220 2328 472 2385 Praelata
501 2330 769 2400 astrigeris
797 2333 911 2386 sola
934 2333 1105 2406 puella
1131 2334 1330 2388 choris.
1842 2331 2138 2386 Occurrunt
2160 2343 2433 2396 proceres,
2466 2336 2520 2382 et
2540 2329 2710 2397 gloria
2738 2343 2924 2397 magna
2953 2327 3203 2396 Joannes,

135 2415 506 2488 Figmentum
536 2421 702 2489 figuli,
730 2436 892 2489 super
917 2422 1096 2477 omnia
1127 2438 1253 2477 vasa
1283 2424 1561 2491 decorum,
1913 2421 2078 2476 Notus
2105 2428 2159 2475 et
2187 2430 2310 2474 ante
2344 2420 2533 2487 Deum,
2567 2433 2726 2488 quam
2756 2417 2773 2456 ί
2811 2426 3080 2488 pateretur
3112 2419 3290 2472 homo.

227 2493 417 2575 Atque
441 2520 701 2563 creaturae
724 2510 920 2579 fulgida
945 2527 1119 2565 massa
1144 2528 1316 2568 novae.
1590 2510 1604 2547 ’
1843 2511 2117 2567 Fratribus
2144 2510 2349 2573 ascitis,
2384 2518 2410 2556 ε
2439 2509 2632 2563 Paulus
2658 2550 2673 2575 ,
2704 2508 3025 2579 reliquisque
3054 2508 3241 2577 beatis,

142 2592 561 2649 Candelabrum
590 2596 886 2664 pulchrum,
917 2599 1063 2654 verbi
1085 2602 1341 2668 capiendo
1371 2615 1664 2669 lucernam,
1914 2601 2111 2654 Doctor
2135 2592 2486 2668 apostolicus,
2510 2597 2707 2667 fulgida
2732 2598 2903 2667 palma
2928 2598 3136 2652 Petrus.

232 2684 414 2752 Quam
438 2686 662 2742 formam
686 2690 907 2756 sculpsit
929 2699 1030 2743 tam
1062 2706 1220 2757 super
1249 2678 1391 2745 astra
1419 2692 1591 2747 faber.
1844 2690 2031 2760 Diligit
2056 2689 2157 2745 has
2178 2697 2370 2757 portas
2400 2688 2527 2744 Sion
2555 2682 2721 2755 super
2739 2690 2915 2742 omnia
2951 2688 3136 2752 Jacoh,

150 2774 382 2829 Omans
405 2774 696 2833 Jerusalem
720 2790 981 2845 sanctam,
1010 2783 1249 2850 speciosa
1279 2793 1557 2848 venustas,
1914 2783 2018 2838 Pro
2046 2782 2284 2851 patribus
2310 2782 2527 2850 genitos”
2551 2795 2684 2850 quos
2717 2780 2770 2834 in
2794 2796 2977 2835 amore
3008 2781 3165 2835 Deus.

241 2875 289 2924 Α
318 2871 453 2926 facie
483 2873 667 2941 templi
696 2888 791 2928 vas
820 2874 872 2928 in
900 2864 1103 2930 honore
1128 2876 1243 2931 Dei.
1843 2872 1945 2941 Qui
1990 2887 2176 2928 omnes
2212 2870 2241 2909 ιι
2271 2887 2363 2927 ore
2410 2888 2507 2927 suo
2537 2871 2707 2926 ornati
2729 2912 2743 2935 ,
2769 2886 2928 2940 super
2948 2879 3089 2929 astra
3118 2882 3414 2935 coruscant,

159 2958 522 3029 Exsuperans
546 2972 723 3035 portas
753 2963 881 3018 Sion
910 2965 1196 3033 Splendore
1222 2981 1465 3032 corusco,
1916 2962 1974 3019 Si
1994 2963 2072 3017 sic
2094 2963 2363 3032 discipuli,
2391 2962 2516 3029 quid
2540 2962 2622 3030 pia
2648 2962 2820 3015 nialer
2842 2960 2982 3021 erit?

246 3052 410 3107 Stans
440 3052 633 3107 merito
661 3054 804 3120 fidei,
829 3071 1035 3124 gemma
1058 3060 1285 3126 superba
1310 3060 1505 3113 throni.
1846 3052 1981 3107 Ilinc
2012 3053 2436 3121 patriarcharum
2465 3067 2688 3107 numero
2714 3053 2972 3117 sociante,
3004 3052 3277 3121 prophetae

160 3140 281 3197 Ore
316 3141 456 3201 diem
484 3144 746 3211 jaculaus,
776 3146 951 3199 radios
980 3161 1010 3199 a
1036 3148 1209 3202 fronte
1236 3147 1266 3185 ιι
1288 3150 1561 3216 sagittans,
1769 3128 1819 3189 ο
1922 3141 2254 3197 Conveniunt
2281 3144 2423 3197 celso
2446 3156 2665 3195 munera
2689 3141 2828 3193 ferre
2853 3144 3061 3193 throno

241 3232 558 3287 Luminibus
586 3234 775 3287 rutulis
795 3276 811 3301 ,
844 3236 1019 3290 lumen
1047 3237 1250 3291 honore
1285 3248 1487 3293 rotans.
1848 3233 2086 3302 Martyrii
2120 3232 2137 3269 ί
2175 3233 2297 3286 hinc
2328 3232 2449 3286 inde
2477 3230 2673 3285 cohors
2695 3231 2937 3287 redimita
2967 3232 3201 3295 coronis,

160 3317 459 3374 Sidereum
486 3324 785 3390 speculum,
807 3314 1032 3379 illustris
1054 3328 1244 3380 domus
1272 3326 1680 3396 Omnipotentis,
1918 3322 2162 3393 Principe
2184 3338 2305 3377 cum
2332 3322 2602 3390 Stephano
2632 3322 2798 3376 civica
2824 3322 2974 3376 lurba
3000 3321 3125 3389 0015-

246 3410 495 3465 Vultibus
526 3427 590 3467 ex
622 3413 729 3467 illis
758 3415 957 3484 fulgura
985 3416 1129 3471 clara
1157 3419 1350 3473 ferens.
1845 3414 2097 3470 Primitiae
2128 3414 2342 3479 ﬂorum,
2374 3413 2720 3468 Bethlemtica
2752 3413 2927 3477 passio
2956 3413 3175 3472 lactans,

165 3500 385 3557 Nomen
414 3504 728 3557 honoratum
752 3545 767 3569 ,
799 3506 1072 3557 benedicta
1096 3508 1257 3559 Maria
1286 3522 1377 3573 per
1406 3522 1599 3572 aevum,
1913 3505 2042 3569 Quae
2064 3505 2253 3556 meruit
2282 3516 2508 3556 nascens
2539 3501 2720 3555 vivere
2742 3510 2916 3554 morte
2945 3502 3132 3568 magis.

245 3591 333 3645 Ad
365 3591 574 3644 laudem
606 3592 820 3646 artificis
846 3593 1037 3664 nobilis
1061 3596 1188 3649 artis
1217 3610 1370 3664 opus.
1848 3593 2009 3657 Italia:
2034 3592 2321 3661 mundique
2342 3602 2499 3660 caput
2528 3606 2661 3660 quos
2685 3591 2851 3645 Roma
2884 3600 3127 3655 retentat,

163 3678 352 3733 Dulcis
374 3688 429 3733 et
456 3681 693 3749 angelico
733 3684 963 3750 pretioso
978 3662 1165 3754 ‘puella
1187 3662 1380 3754 relatu,
1920 3681 2053 3737 Urbs
2083 3683 2164 3737 vel
2188 3682 2495 3746 Alexandri,
2523 3682 3002 3737 aut-Antiochenus
3025 3694 3173 3749 ager.

240 3769 446 3826 Omnes
468 3771 601 3826 ultra
634 3783 658 3811 ε
690 3772 935 3828 homines
968 3776 1103 3829 dona
1135 3778 1341 3833 decoris
1372 3777 1592 3833 habens.
1844 3770 1990 3838 Quos
2020 3770 2425 3841 Hierosolymis,
2451 3781 2543 3825 aut
2568 3770 2700 3839 quas
2725 3772 3014 3841 ByzantiOn
3043 3771 3152 3825 oris
3184 3786 3196 3822 :

166 3856 309 3914 lude
348 3860 542 3915 rubore
572 3876 742 3928 rosas,
773 3865 1015 3919 candore
1038 3865 1157 3921 hinc
1180 3868 1285 3921 lilia
1312 3870 1559 3934 vincens,
1913 3860 2056 3927 QUOS
2087 3860 2267 3926 Pam.
2299 3875 2432 3929 quos
2456 3860 2718 3928 Εβιὶθευε,
2756 3861 3036 3915 Naddavel‘
3062 3876 3183 3915 arce
3212 3869 3374 3916 εθηθί·
3396 3896 3416 3927 ί

246 3951 377 4006 Flos
406 3966 574 4007 novus
599 3968 631 4007 e
661 3964 822 4020 terra,
847 3963 1004 4023 quem
1038 3959 1185 4024 polus
1215 3974 1336 4012 arce
1363 3960 1521 4013 colat.
1842 3950 1985 4017 Qitos
2014 3951 2204 4005 Oriens
2222 3991 2236 4015 ,
2268 3952 2502 4004 Occasus
2528 3952 2707 4016 habet,
2736 3964 2868 4018 quos
2895 3952 3094 4015 Africa,
3122 3960 3175 4004 et
3201 3954 3411 4017 Arctos,

163 4036 517 4113 Crystallum,
552 4044 836 4112 electrum,
863 4060 1047 4102 aurum
1069 4087 1084 4114 ,
1116 4058 1337 4116 ostrum,
1371 4050 1571 4105 concha
1594 4050 1737 4120 alba,
1912 4042 2159 4111 Quosque
2188 4043 2417 4111 sepulta!
2439 4043 2650 4107 humus.
2682 4043 2910 4110 cingite!
2930 4042 3193 4105 Oceanus,

706 4146 709 4149 λ
1245 4140 1595 4211 [smaragdus,
1842 4131 2019 4199 Νὲιίον
2048 4146 2198 4202 εθηε.
2228 4149 2267 4201 ι)⁴

1842 4131 2019 4199 Natio,
2048 4146 2198 4202 gens,
2228 4133 2477 4201 populus,
2504 4132 2769 4201 regiones,
2802 4132 3033 4199 agmina,
3062 4144 3228 4200 reges,

241 4224 364 4291 Quo
384 4226 469 4279 tua
497 4225 663 4280 forma
691 4228 845 4295 nitet,
896 4238 1088 4284 cuncta
1112 4230 1324 4284 metalla
1353 4232 1555 4299 jacent.
1913 4224 2159 4294 Undique
2187 4233 2462 4279 currentes
2489 4225 2556 4278 ad
2590 4238 2722 4278 nova
2756 4225 2895 4277 dona
2918 4223 3099 4290 patris.
3418 4278 3421 4281 ,

164 4313 275 4367 Nix
301 4315 560 4383 premitur
580 4317 810 4372 candore
850 4326 971 4383 tuo,
1001 4320 1081 4373 sol
1111 4321 1271 4374 crinis
1296 4322 1521 4384 honore.
1844 4312 2145 4383 EthiopeS.
2170 4314 2433 4379 Thraces,
2462 4314 2685 4379 Arabes.
2722 4310 3138 4393 Dacusrllldus.
3182 4309 3417 4395 Nam“;

245 4402 550 4460 Pallescunt
576 4407 727 4471 radii,
762 4408 927 4474 virgo,
958 4410 1154 4463 decore
1183 4411 1277 4464 tui.
1520 4466 1521 4469 η
1770 4467 1811 4474 _
1915 4409 2142 4469 Aurora,
2174 4414 2228 4459 et
2255 4420 2467 4473 vesper,
2508 4405 2690 4470 Persa,
2728 4392 3012 4459 Britannias
3040 4392 3205 4459 adest.

167 4489 460 4560 Lychnites
487 4492 647 4548 hebes
672 4467 774 4562 est,
800 4467 939 4550 cedit
962 4496 1052 4551 tibi
1074 4496 1285 4555 Lucifer
1311 4503 1522 4569 ardens,
1767 4467 1821 4526 D
1847 4481 2105 4555 latrantes
2125 4467 2178 4555 in
2208 4467 2368 4569 regna
2402 4467 2495 4554 Dei
2525 4467 2721 4570 pietate
2744 4500 3026 4568 redempti,

244 4575 503 4634 Omnibus
531 4582 720 4659 officiis
747 4583 990 4653 lampade
1017 4586 1184 4655 major
1205 4590 1352 4645 ades.
1910 4591 2112 4646 Gaudia
2141 4592 2303 4643 visuri
2325 4592 2465 4659 regis
2492 4591 2544 4643 in
2568 4605 2689 4645 arce
2712 4591 2839 4659 poli.

171 4662 380 4723 occulti
403 4670 453 4723 in
486 4671 639 4724 terris
669 4675 987 4739 sacramenti
1004 4678 1215 4747 conscia
1238 4680 1461 4745 summi,
1841 4680 1982 4747 Quos
2009 4679 2197 4748 recipit
2225 4695 2377 4734 sacra
2403 4689 2553 4749 porta
2588 4681 2753 4748 Petri,
2788 4697 2922 4752 quos
2944 4683 3103 4751 jauua
3129 4680 3296 4747 Pauli,

249 4759 315 4812 Et
343 4768 545 4813 secreta
575 4760 679 4828 poli
709 4769 832 4814 sunt
864 4763 1115 4829 patefacta
1149 4766 1259 4820 tibi.
1910 4773 2082 4828 Pestis
2109 4771 2174 4826 ad
2196 4773 2425 4829 Andrete
2455 4776 2612 4829 limen
2639 4775 2837 4829 Achaia
2864 4774 2877 4823 ἱ
2918 4775 3070 4842 petit.

176 4849 378 4917 Dignus
402 4863 527 4918 ager
565 4849 809 4915 Domini,
841 4867 1101 4921 generans
1130 4856 1243 4909 sine
1268 4858 1471 4913 semine
1502 4859 1729 4932 frugem,
1841 4863 2101 4919 Mattheus
2124 4862 2392 4932 Etiopes,
2420 4864 2719 4931 Ephesinos
2753 4863 2905 4918 valva
2936 4864 3176 4930 Joannis,

245 4940 313 4995 Et
333 4955 399 4993 ne
416 4955 563 4994 cassa
590 4941 615 4976 ἀ
640 4956 815 5011 seges,
840 4960 1012 4999 messe
1035 4947 1232 5014 repleta
1263 4947 1454 5016 places.
1912 4954 1974 5007 Et
2002 4968 2158 5022 quem
2187 4952 2422 5020 quisquis
2453 4963 2613 5020 amat,
2648 4953 2788 5007 hunc
2817 4968 2909 5007 sua
2944 4966 3091 5021 porta
3118 4960 3286 5021 rogat.

185 5028 312 5086 Sola
344 5031 459 5085 sine
486 5032 725 5099 exemplo
758 5030 977 5087 fecunda
999 5074 1013 5099 ,
1044 5045 1097 5088 et
1127 5037 1291 5090 libera
1324 5054 1486 5115 nexu,
1673 5056 1697 5067 ι
1842 5044 2036 5098 Horum
2061 5054 2183 5097 ante
2212 5041 2492 5096 adventum
2518 5053 2569 5096 te
2590 5044 2816 5110 qualiter
2846 5053 3001 5096 ornat
3032 5052 3259 5106 amator,

252 5121 437 5187 lgnara
463 5125 754 5191 amplexus,
786 5131 955 5178 mater
982 5126 1157 5193 opima
1182 5126 1316 5179 sinu.
1911 5134 2152 5190 Portavit
2179 5149 2335 5203 quem
2372 5144 2575 5199 uterus,
2613 5134 2762 5202 virgo
2794 5133 2968 5199 beata,
2996 5130 3151 5185 tuus?

245 5430 271 5500 ξ
465 5426 605 5491 Vah,
639 5429 783 5500 mjus
813 5429 1000 5484 honore
1029 5446 1196 5484 sacro.
1916 5433 1934 5472 ῖ
1965 5433 2091 5489 Ibid.
2127 5443 2385 5500 pareretur
2413 5434 2582 5487 Imno.

241 5494 269 5532 δ
296 5493 527 5566 Fabric?
559 5493 791 5565 sagittas.
1910 5513 1934 5549 κ
1968 5493 2136 5566 ΙΙιίιΙ..⁷
2156 5502 2337 5555 Paulo.

245 5576 268 5603 ε
301 5566 371 5637 Ita
396 5573 452 5637 et
477 5564 666 5637 Fabri;
697 5568 831 5621 male
856 5569 965 5632 alii,
999 5570 1276 5623 hominem.
1908 5570 1937 5609 ιι
1965 5564 2119 5637 Ibid,
2144 5574 2312 5624 obrizo
2335 5575 2522 5628 ornati.

240 5640 265 5715 d
300 5634 356 5715 ρει
378 5634 513 5715 Cod.
549 5633 691 5715 Vah,
708 5646 759 5715 ξς
789 5655 875 5690 nec
903 5650 1015 5694 orla
1041 5656 1199 5715 seges.
1233 5641 1305 5696 Ita
1329 5649 1382 5696 et
1403 5639 1607 5698 Fabric.
1964 5643 2065 5715 lin,
2099 5633 2231 5693 Hinc
2256 5653 2409 5715 atque
2438 5645 2553 5697 inde
2579 5641 2773 5697 cohors.
2805 5637 2903 5694 Ms.
2929 5634 3133 5693 choros.

245 5711 267 5742 ι
297 5702 531 5771 Fabric,
564 5703 672 5759 sed.
707 5704 792 5761 Sic
816 5723 1025 5778 quoque
1048 5702 1147 5766 his.
1402 5720 1403 5723 ‘
1911 5710 1927 5762 ἱ
1962 5702 2077 5777 iis...
2120 5721 2274 5781 patet.
