3952 6222
612 271 719 337 285

617 386 759 443 Daris
788 389 878 443 tibi
909 389 1045 456 larga
1078 387 1220 463 poli,
1251 388 1331 441 cui
1366 398 1419 441 tu
1445 384 1632 443 domus
1663 396 1805 449 arcta
1834 386 1997 453 fuisti,

681 479 891 533 Ventris
921 496 1016 547 pro
1049 480 1275 549 hospitio
1298 480 1625 541 restituendo
1657 481 1925 539 thronum.

611 569 990 637 Coniponendo
1012 582 1167 639 caput
1198 572 1403 629 niveum
1436 572 1733 625 diademate
1763 570 1925 633 fulvo,

677 658 740 713 Et
771 661 993 728 geminis
1021 661 1232 719 rutilam
1264 661 1428 715 comit
1456 660 1659 715 honore
1689 674 1893 714 comam
1924 675 1936 710 :

606 750 910 806 Annectens
940 753 1094 809 niveo
1120 752 1348 819 pretiosa
1378 751 1593 805 monilia
1621 751 1759 805 collo
1777 793 1791 814 ,

676 838 903 911 Fulgore
926 851 950 879 ι
977 850 1031 896 et
1059 842 1205 903 vario
1229 850 1440 909 pectora
1465 856 1593 910 pura
1630 850 1833 908 tegens.

608 928 773 997 Quam
798 932 1096 998 speciosum
1126 931 1360 999 humeris
1387 931 1609 999 imponit
1626 930 1844 985 honoris
1878 929 2127 985 amictum
2148 972 2164 998 ,

676 1019 968 1087 Splendore
990 998 1277 1081 ardescens
1304 998 1538 1089 purpura
1566 1020 1725 1074 tincta
1753 1018 1881 1072 nitet
1906 1022 1917 1071 !

608 1105 651 1163 0
674 1108 880 1179 quoties
897 1121 1107 1165 coctum
1136 1125 1284 1165 zonae
1312 1110 1474 1171 micat
1498 1124 1625 1163 aura
1660 1123 1751 1176 per
1778 1124 1989 1173 aurum,

676 1197 874 1253 Pallida
906 1214 1003 1255 nec
1024 1200 1173 1266 pallze
1204 1209 1285 1259 est
1313 1200 1517 1253 llmbria
1548 1200 1665 1259 luce
1694 1199 1902 1252 nitens!

604 1287 739 1363 Quis
788 1290 880 1344 tibi
928 1291 1081 1359 digna
1121 1299 1321 1354 canat,
1375 1298 1627 1357 quantum
1667 1282 1829 1343 dectts
1869 1295 2021 1342 exeat
2050 1274 2164 1352 ore,

673 1381 780 1432 Aut
806 1379 874 1433 de
900 1390 1045 1432 veste
1070 1380 1140 1431 tui
1161 1392 1365 1447 gemma
1399 1378 1572 1430 virore
1595 1375 1788 1429 micet?

604 1467 823 1540 Quando
848 1476 1009 1521 strata
1034 1468 1173 1535 jacet
1198 1467 1417 1535 pedibus
1446 1468 1678 1535 pretiosa
1732 1464 2058 1534 smaragdns,

676 1558 894 1627 Quando
924 1560 1237 1627 pavimentis
1272 1560 1437 1627 albal?
1470 1568 1687 1629 topazus
1714 1563 1881 1613 adest.

609 1650 865 1721 Quodque
904 1653 1089 1706 oculus
1115 1668 1219 1719 non
1245 1643 1402 1707 'vidit
1451 1663 1635 1723 agens,
1663 1656 1785 1706 'non
1812 1651 1975 1706 audiit
2000 1648 2157 1716 auris,

666 1728 989 1799 Ornamenta
1026 1746 1119 1800 tibi
1146 1746 1278 1807 haec,
1314 1746 1401 1811 pia
1421 1745 1591 1812 virgo,
1623 1745 1813 1797 nitent.

596 1833 726 1890 Cum
756 1836 901 1902 regio
928 1850 1077 1903 ergo
1102 1834 1240 1903 poli,
1270 1841 1515 1900 totu3qne
1544 1835 1813 1887 exercitus
1842 1831 1991 1903 astri,

667 1924 742 1979 Te
773 1934 1009 1977 ornatam
1039 1921 1284 1990 inSpiciet
1305 1966 1320 1991 ,
1354 1924 1597 1978 laudibus
1626 1939 1717 1978 ora
1752 1924 2001 1979 movent.‘

596 2014 857 2084 Incipiens
886 2016 1104 2070 Michael
1136 2016 1394 2084 praeconia
1428 2014 1569 2070 ferre
1598 2016 1785 2080 heattr,

665 2105 901 2175 Cumque
926 2107 1035 2159 suis
1063 2106 1278 2170 turmis,
1316 2106 1429 2160 hare
1467 2106 1578 2171 tibi,
1612 2109 1780 2173 virgo,
1817 2104 2025 2170 refert:

594 2194 637 2251 Ο
663 2197 825 2252 decus
853 2198 1141 2261 excellens,
1187 2211 1219 2250 ο
1248 2196 1441 2250 femina
1478 2206 1498 2232 ο
1532 2194 1701 2249 forma
1733 2195 1953 2259 salutis,

664 2282 851 2347 Partus
878 2286 1028 2355 fruge
1052 2295 1256 2355 potens,
1289 2286 1590 2353 virginitate
1619 2286 1830 2351 placens
1862 2287 1874 2334 ε

594 2376 696 2430 Per
725 2390 881 2445 quam
910 2376 992 2428 eist
1012 2391 1071 2429 se
1100 2376 1241 2436 nasci
1279 2374 1495 2443 dignata
1525 2373 1819 2442 redemptio
1847 2359 2053 2438 mundi,

664 2465 732 2517 Et
754 2478 1001 2533 reparare
1020 2456 1355 2533 genusqnod
1381 2464 1500 2516 tulit
1534 2462 1638 2516 Eva
1672 2463 1842 2517 ferox.
2111 2455 2117 2462 ’

598 2552 744 2608 lianc
774 2553 885 2619 tibi,
922 2564 1111 2621 mater,
1145 2569 1300 2623 opem
1332 2555 1597 2623 legionum
1623 2555 1781 2608 millia
1809 2555 1981 2620 mille,

666 2643 766 2698 Per
787 2644 983 2698 classes
1004 2650 1256 2699 resonant
1285 2646 1539 2712 carmine,
1564 2658 1713 2709 voce,
1738 2644 1869 2715 lyra.

592 2736 822 2805 Angelus
852 2736 970 2790 inde
992 2745 1108 2790 tuos
1132 2737 1323 2804 repetit
1347 2736 1739 2804 paranymphus
1764 2728 2018 2803 honores,

661 2828 757 2901 Qui
793 2828 882 2882 tibi
908 2827 973 2882 de
1000 2829 1150 2882 cmlis
1180 2830 1360 2882 nuntia
1392 2838 1575 2882 sancta
1601 2829 1768 2884 vehit.

590 2915 781 2974 Diceus
816 2939 826 2972 :
860 2920 903 2974 0
934 2919 1079 2985 felix,
1105 2919 1298 2975 imitati
1323 2920 1497 2973 nescia
1532 2920 1698 2988 virgo,

661 3013 823 3083 Cujus
853 3024 905 3071 et
935 3029 1098 3084 agnus
1126 3015 1257 3079 ovis,
1298 3016 1526 3071 conterit
1553 3029 1643 3068 ora
1677 3016 1807 3085 lupi.

593 3102 809 3157 Tartara
843 3102 1197 3174 disrumpens,
1226 3107 1408 3173 patriae
1436 3105 1644 3174 captiva
1662 3105 1945 3178 reducens,

662 3193 730 3246 Et
760 3196 986 3252 libertati
1021 3205 1139 3263 post
1154 3196 1277 3265 jnga
1306 3211 1488 3264 pressa
1509 3198 1695 3251 refers.

591 3280 806 3350 Excipit
838 3282 931 3338 has
962 3284 1152 3345 iterum
1178 3266 1509 3352 ingeminans
1537 3299 1659 3351 pars
1682 3285 1847 3338 altera
1878 3285 2084 3352 laudes,

665 3366 961 3441 Perstrepit
988 3382 1041 3428 et
1065 3374 1271 3433 cunctis
1299 3388 1403 3428 vos
1435 3374 1671 3439 revoluta
1695 3364 1889 3430 choris.

591 3463 779 3537 Incipit
810 3466 931 3521 inde
957 3467 1089 3531 alios
1118 3466 1410 3534 producere
1441 3475 1579 3523 terra
1607 3465 1835 3534 favores,

665 3558 932 3614 Zachariae
962 3560 1190 3628 genitus,
1217 3575 1348 3627 vos,
1379 3560 1526 3627 tuba,
1550 3575 1747 3635 praeco,
1782 3575 1967 3629 sonus,

592 3650 721 3705 Cum
748 3651 903 3705 Petro
931 3660 985 3711 et,
1011 3649 1307 3718 Stephano,
1344 3650 1679 3718 ducibusque
1710 3651 1764 3703 in
1793 3651 2025 3714 millibus
2046 3664 2159 3708 am-

664 3737 993 3805 Agminibus,
1026 3737 1194 3801 mistis
1227 3736 1493 3805 plausibus
1521 3735 1623 3790 alta
1644 3749 1838 3798 canens
1874 3756 1884 3789 :
2008 3737 2158 3812 .[plis

596 3827 639 3883 Ο
664 3830 811 3899 virgo
834 3826 1071 3896 insignis,
1101 3826 1375 3895 benedicta
1407 3827 1472 3885 ad
1506 3828 1698 3897 gaudia
1730 3838 1873 3893 nata,

669 3917 931 3973 Auxilium
963 3928 1137 3987 terrm,
1162 3918 1335 3989 fulgor
1365 3918 1640 3990 honorque
1671 3920 1801 3988 poli.
1838 3930 1841 3931 '

599 4008 737 4065 Ecce
766 4018 884 4065 tuus
913 4010 1107 4065 florens
1136 4008 1319 4076 uterus
1348 4026 1466 4079 quae
1494 4012 1749 4080 praestitit
1781 4011 1914 4077 orbi,

669 4101 746 4155 Te
768 4098 793 4137 ἀ
825 4107 1109 4169 generante
1141 4099 1243 4153 fide
1270 4113 1367 4152 nos
1397 4100 1676 4166 paradisus
1710 4101 1889 4153 habet.

598 4191 732 4259 Quid
780 4204 983 4256 εατηιιεν
1017 4199 1107 4244 θυι
1150 4191 1385 4255 fuimus‘t
1428 4207 1560 4260 quos
1610 4203 1863 4257 merserat
1899 4193 2003 4255 Eva
2039 4208 2159 4261 pro-

669 4278 743 4333 De
773 4278 895 4332 limo
925 4279 980 4354 in,
1007 4280 1199 4334 ccelum
1230 4294 1323 4335 nos
1349 4281 1475 4335 facit
1496 4282 1571 4337 ire
1600 4283 1717 4335 sinu
1739 4320 1753 4335 .
1898 4283 2156 4354 ﬂoridum.

1311 270 1631 328 VENANTII
1671 271 1824 331 HON.
1866 271 2072 328 CLEM.
2112 269 2502 337 FORI'UNANI
2538 250 2820 327 OPERUM
2861 270 3034 327 PARS
3070 270 3113 326 ι.
3167 284 3180 291 ·

1668 359 1805 449 arcta
1834 386 1997 453 fuisti,
2098 448 2106 455 ε
2200 387 2249 452 Α
2284 384 2509 463 Pulchra
2531 401 2693 455 super
2710 359 3322 454 g‘emmas,splendorem
3343 384 3471 439 solis
3487 384 3859 447 obiuubrans,

2188 1723 2245 1785 B.

3742 264 3857 327 284

2342 464 2459 533 Alta
2493 468 2652 548 super
2673 482 2865 555 cmlos,
2900 490 2953 534 et
2980 496 3137 545 super
3157 489 3299 534 astra
3326 480 3515 534 nitens.

2276 568 2486 629 Vellere
2514 571 2792 624 candidior
2817 572 2994 635 niveo,
3023 571 3325 625 rutilantior
3346 585 3492 636 aura,

2296 686 2305 699 -
2350 658 2621 727 Fulgidior
2645 661 2813 727 radio,
2840 662 3047 715 dulcior
3070 677 3161 716 ore
3190 663 3332 728 favo;

2272 749 2517 817 Suavior,
2542 762 2594 806 et
2624 767 2779 808 roseo
2812 753 3030 807 nimium
3056 753 3401 807 rubicundior
3428 762 3595 822 ostro,

2341 842 2518 898 Vincis
2543 845 2858 906 aromaticas
2889 846 3081 900 mentis
3109 845 3273 899 odore
3292 859 3497 901 comas.

2266 926 2462 1000 Chara,
2503 932 2756 1011 benigna,
2809 932 3031 1002 micans,
3078 934 3183 1005 pia,
3212 944 3419 1001 sancta,
3450 932 3716 997 verenda,
3762 946 3854 986 ve-

3606 1021 3850 1099 [nuﬂaJ

2342 1094 2489 1187 Flos],
2528 1113 2712 1184 decus,
2738 1130 2852 1181 ara,
2877 1117 3038 1181 nitor,
3070 1116 3266 1184 palma,
3298 1129 3516 1183 corona,
3544 1094 3749 1189 pudor.

2267 1196 2369 1253 Per
2391 1214 2545 1267 quem
2578 1211 2601 1239 ε
2632 1216 2819 1271 omnes
2843 1204 2974 1257 fines
2997 1213 3153 1257 terra:
3176 1218 3417 1263 meruere
3446 1205 3703 1270 salutem,

2338 1287 2544 1345 Gaudet
2574 1300 2625 1345 et
2655 1292 2780 1347 orbs
2809 1299 2975 1359 totus,
3008 1300 3218 1358 panius,
3244 1310 3427 1358 arena,
3452 1295 3626 1363 polus.

2270 1376 2518 1435 Πιξοήίὺί
2561 1386 2644 1456 qui
2685 1384 2935 1454 indignus
2963 1388 3202 1455 quamvis
3231 1388 3422 1451 corde,
3452 1402 3545 1442 ore
3580 1400 3845 1451 susurro,

2339 1471 2475 1540 Spes
2510 1476 2639 1529 mihi
2671 1476 2743 1529 sis
2775 1478 2964 1543 venire,
2992 1492 3108 1553 qua:
3136 1478 3284 1533 vehis
3316 1478 3463 1534 orbis
3492 1492 3667 1549 opem.

2833 1624 3053 1679 CAPUT
3096 1625 3229 1701 vnn

2832 1773 2854 1814 ί
2877 1777 2957 1828 Ad
2994 1776 3223 1846 Virgines

2266 1882 2655 1977 [Virginitatem
2681 1906 2876 1977 laudat,
2902 1922 2964 1961 ac
2988 1882 3248 1977 virginum
3272 1910 3321 1963 iu
3344 1910 3481 1965 coelo
3502 1911 3841 1967 felicitatem

2332 1986 2382 2025 et
2428 1976 2647 2048 gloriam
2692 1975 2965 2033 describit.
3018 1975 3148 2031 Hinc
3192 1982 3419 2048 virgines
3464 1982 3714 2036 Ιιυτωιιιι·
3772 1983 3843 2035 ad

2335 2046 2582 2115 tuendam
2614 2048 2977 2104 castimoniam
3018 2051 3132 2104 sive
3158 2046 3355 2118 animi,
3393 2054 3505 2106 sive
3532 2049 3845 2123 corporis.]

2259 2173 2401 2229 Inter
2426 2185 2449 2221 ε
2478 2178 2794 2245 apostolicos
2814 2181 2955 2235 acles
2984 2196 3271 2251 sacrosque
3295 2184 3604 2251 prophetas,

2334 2265 2573 2319 Proxima
2609 2272 2928 2337 martyribus
2958 2275 3174 2337 praemia
3204 2273 3352 2339 virgo
3385 2282 3549 2326 tenet.

2261 2354 2544 2424 Splendida
2572 2358 2778 2411 sidereo
2798 2360 3122 2414 circumdata
3152 2362 3350 2415 lumine
3375 2376 3619 2432 pergens,

2330 2446 2571 2515 Iungitur
2602 2450 2850 2515 angelicis
2882 2460 3022 2503 casta
3054 2441 3221 2519 puella
3249 2452 3450 2507 choris.

2260 2536 2432 2607 Fruge
2462 2538 2745 2605 pudicitiae,
2780 2542 2903 2597 caeli
2933 2543 3162 2597 dotauda
3192 2546 3407 2608 talento.

2331 2632 2533 2686 Aiterni
2558 2635 2697 2703 regis
2722 2636 2929 2690 ducitur
2958 2636 3010 2691 in
3041 2639 3321 2693 thalamos.

2259 2721 2481 2776 Pulchra
2506 2739 2701 2778 corona
2727 2737 2885 2793 caput
2910 2726 3101 2793 triplici
3132 2730 3428 2782 diademate
3449 2730 3627 2796 cingit,

2328 2812 2357 2848 ιι
2389 2814 2452 2867 Et
2481 2831 2705 2882 gemmae
2736 2825 2995 2869 exornant
3026 2826 3259 2883 pectora,
3293 2817 3450 2878 colla,
3486 2832 3727 2871 comam.

2258 2902 2490 2957 Induitur
2520 2904 2716 2957 teneris
2740 2906 3074 2971 superaddita
3105 2920 3331 2973 purpura
3363 2907 3635 2972 membris,

2319 2995 2399 3049 .Et
2426 2995 2655 3049 candore
2686 2996 2818 3049 nivis
2857 2999 3047 3067 fulgida
3072 2998 3206 3067 palla
3233 2999 3377 3067 legit.

2185 3056 2234 3121 ο
2264 3085 2505 3141 Floribus
2526 3088 2741 3140 mternis
2767 3088 2957 3142 oculos
2979 3103 3123 3153 rosa,
3157 3088 3263 3145 lilia
3294 3097 3536 3157 pascunt,

2336 3179 2402 3231 Et
2427 3179 2788 3246 paradisiacus
2812 3180 3025 3234 naribus
3057 3180 3218 3234 intrat
3243 3182 3394 3235 odor.

2265 3267 2415 3321 Unde
2442 3269 2627 3337 magis,
2661 3268 2850 3333 dulcis,
2882 3271 3176 3335 hortamur,
3201 3282 3257 3325 ut
3286 3273 3381 3325 ista
3412 3274 3673 3339 requiras,

2332 3352 2460 3421 Quae
2489 3357 2634 3410 dedit
2668 3357 2921 3425 Eugeniae
2950 3346 3195 3414 Christus
3216 3368 3269 3414 et
3290 3361 3424 3413 alma
3448 3362 3644 3415 Teclae.

2263 3444 2425 3513 Virgo
2456 3446 2568 3513 Dei,
2602 3447 2799 3501 fructus
2829 3448 2972 3513 coeli,
3002 3448 3221 3503 victoria
3251 3450 3453 3516 mundi,

2332 3539 2400 3594 Ut
2425 3553 2635 3607 semper
2662 3554 2875 3608 regnes,
2911 3538 3005 3593 has
3033 3550 3152 3609 pete
3174 3540 3312 3610 regis
3337 3554 3484 3618 opes.

2258 3632 2393 3688 Sunt
2422 3632 2489 3686 ibi
2523 3632 2869 3702 cbrysolithis
2891 3632 3148 3687 fabricata
3179 3634 3367 3701 palatia
3393 3633 3641 3703 gemmis,

2330 3722 2501 3789 Atque
2524 3722 2895 3790 smaragdineo
2920 3724 3080 3790 janua
3104 3734 3262 3789 poste
3291 3725 3443 3778 viret.

2260 3810 2466 3876 Limina
2498 3810 2513 3846 ί
2552 3810 2903 3878 sardonyche
2933 3811 3137 3863 variato
3162 3812 3363 3865 lumine
3389 3814 3600 3882 florent,

2332 3900 2399 3954 Et
2422 3899 2785 3970 hiacynthzeus
2809 3898 2995 3955 circuit
3020 3899 3151 3954 ordo
3183 3899 3417 3954 domum.

2260 3993 2433 4046 Aurea
2466 4001 2599 4047 tecta
2632 3993 2846 4057 micant,
2873 3992 3020 4061 plebs
3056 4006 3211 4045 aurea
3244 3990 3405 4059 fulget
3435 3991 3484 4045 in
3508 3992 3656 4057 aula,

2331 4083 2395 4137 Et
2426 4099 2541 4137 cum
2574 4099 2698 4153 rege
2726 4084 2812 4151 pio
2835 4080 2985 4136 ttfrba
3010 4096 3226 4137 corusca
3258 4082 3410 4136 nitet.

2260 4177 2351 4233 Ille
2382 4177 2671 4245 puellarum
2698 4177 2847 4229 locus
2878 4183 2978 4237 eSt,
3001 4189 3139 4242 quae,
3171 4174 3304 4227 lucis
3332 4186 3535 4235 amore,

2332 4266 2427 4319 Hic
2448 4276 2659 4321 servant
2689 4266 2937 4331 Domino;
2968 4256 3209 4333 corpore,
3242 4272 3435 4327 mente,
3473 4260 3655 4315 fidem.

598 4368 862 4433 Laudibus
896 4350 999 4436 his,
1033 4369 1241 4426 Domini
1267 4372 1517 4439 genitrix,
1548 4371 1724 4442 fragor
1749 4350 1952 4425 intonat
1975 4372 2151 4431 astris.

2281 4359 2483 4427 )espice
2509 4360 2646 4427 quod
2676 4368 2829 4412 terrae
2850 4367 2957 4420 est,
2993 4364 3043 4411 et
3070 4356 3207 4410 clara
3240 4352 3445 4410 sedebis
3472 4354 3521 4407 in
3550 4352 3716 4409 astris
3738 4392 3755 4420 ,

671 4460 970 4530 Militiaeque
995 4460 1103 4533 poli
1135 4463 1247 4517 lucc
1279 4463 1372 4517 tibi
1399 4464 1621 4533 clangor
1653 4462 1781 4531 agit.
1974 4465 1982 4472 '
2032 4534 2033 4537 η

601 4558 695 4611 Ast
717 4572 811 4625 ego
839 4556 977 4612 ferre
1004 4558 1206 4623 volens,
1238 4558 1421 4612 videor
1450 4557 1751 4611 subducere
1778 4556 1981 4622 laudes,

660 4647 791 4704 Nam
822 4648 909 4711 tibi
939 4648 1161 4715 quisque
1187 4648 1330 4715 cupit
1359 4660 1490 4699 voce
1520 4645 1697 4701 favere
1726 4639 1911 4701 sacrm.

595 4738 741 4793 Mens
774 4748 887 4793 ore;
909 4723 1168 4808 genitum,
1200 4738 1276 4789 sic
1307 4737 1459 4789 matri
1482 4738 1635 4805 digna
1663 4740 1923 4810 loquatur.
1999 4734 2006 4739 ”

672 4829 833 4897 Cujus
864 4842 1047 4891 amore
1078 4827 1185 4895 pio,
1217 4826 1347 4880 vivis
1377 4825 1581 4882 honore
1609 4843 1775 4884 novo.

1611 4916 1633 4994 Χ

672 4997 694 5024 α
726 4988 781 5043 lu
806 4984 937 5041 Cod.
965 4983 1161 5048 Vatic.,
1195 4980 1506 5051 Fulgoribus
1528 4980 1675 5035 variis
1702 4993 1924 5047 pectora.

670 5057 696 5095 δ
727 5057 887 5122 lbid.,
912 5064 1122 5125 tapazus
1154 5054 1308 5125 inest.
1338 5051 1409 5105 Ita
1438 5062 1492 5106 et
1524 5052 1727 5106 Fabric.

622 5169 640 5176 -
672 5139 693 5196 ς
730 5123 1129 5196 Ροὴτίεη’[αιηα
1155 5123 1357 5180 salutis.

669 5194 694 5231 ἀ
720 5197 875 5256 lbid.,
907 5194 1147 5266 pariente.
1196 5237 1201 5241 .

675 5275 698 5304 ⁸
732 5266 874 5319 Idem
898 5260 1162 5321 extremos
1189 5266 1287 5319 hos
1316 5276 1504 5318 versus
1532 5260 1609 5316 sic
1636 5269 1801 5314 mutat
1830 5279 1841 5313 :

723 5357 905 5408 Omnes
920 5359 1011 5415 iam
1034 5357 1154 5405 lines
1173 5362 1318 5405 terras
1345 5364 1577 5401 meruere
1598 5349 1819 5415 salutem,

786 5419 882 5468 Per
901 5412 1141 5468 Christum
1166 5419 1405 5479 genitum,
1430 5415 1579 5475 Virgo
1598 5412 1767 5465 Maria.
1794 5418 1946 5460 tuum.

724 5485 763 5531 A
790 5482 931 5530 Patre
955 5492 1213 5540 perpetuo.
1241 5484 1378 5526 certo
1397 5479 1480 5525 tibi
1517 5484 1736 5540 lBit'pr‘e
1757 5484 1949 5540 natum:

786 5545 877 5601 Qui
898 5537 1013 5591 mihi
1036 5537 1149 5602 spes
1170 5542 1344 5600 venite,
1370 5550 1511 5587 causa
1536 5538 1719 5585 salutis.
1742 5537 1911 5583 Amen.

579 5621 587 5626 ’
676 5608 833 5679 ίιιοο
860 5625 987 5685 mihi
1025 5639 1238 5678 carmen
1278 5621 1635 5688 conscriptum
1680 5617 1887 5671 videtur
1915 5630 1943 5669 a
1968 5615 2159 5688 Fertu-

602 5702 769 5775 nato:
798 5683 1018 5750 Annalis
1045 5709 1105 5750 ac
1144 5683 1765 5761 Radeguudis'nomine,
1794 5700 1899 5757 quo
1931 5683 2159 5753 virgines

2331 4448 2524 4504 Christi
2558 4459 2613 4503 ut
2642 4462 2835 4517 sponsa
2867 4438 3081 4516 placens
3109 4461 3266 4518 regna
3296 4462 3521 4514 superna
3552 4445 3722 4502 colas.

2262 4542 2503 4596 Prmsens
2536 4541 2643 4593 vita
2673 4540 2827 4593 nimis
2852 4539 3068 4607 fugitivo
3100 4546 3334 4607 tempore
3365 4537 3581 4603 transit,

2334 4630 2559 4700 Virginis
2588 4630 2857 4697 integritas
2883 4628 3225 4697 gloriﬁcanda
3260 4636 3457 4683 manet.

2262 4716 2546 4787 Paupertas
2576 4730 2625 4773 te
2653 4733 2811 4788 parva
2833 4727 2982 4787 rogat
3012 4733 3131 4776 cum
3157 4718 3323 4772 divite
3350 4717 3583 4780 Christo,

2334 4808 2397 4863 Ut
2420 4809 2598 4863 venias
2625 4816 2827 4874 nostro,
2860 4809 3025 4863 dulcis
3057 4808 3291 4869 alumna,
3319 4806 3458 4869 sinu,

2264 4965 2561 5019 hortaretur
2588 4972 2644 5019 et
2673 4964 2920 5019 invitaret
2950 4963 3015 5017 ad
3048 4963 3373 5018 Pictaviense
3402 4961 3820 5028 monasterium,

2261 5050 2322 5088 ac
2365 5035 2711 5102 profitendum
2752 5034 2805 5087 in
2854 5034 2944 5087 illo
2997 5034 3299 5087 monasticae
3342 5034 3462 5087 vita:
3508 5032 3810 5086 institutum

2261 5106 2359 5158 sub
2389 5107 2567 5175 regula
2598 5105 2761 5158 sancti
2792 5102 3027 5168 Caesarii,
3058 5104 3197 5174 quod
3228 5113 3410 5174 aperte
3438 5102 3712 5163 declarare
3737 5102 3809 5156 vi-

2261 5175 2411 5230 detur
2440 5186 2662 5249 sequens
2684 5176 2939 5230 disticlius
2974 5193 2984 5227 :

2384 5268 2649 5328 Paupertas
2672 5274 2720 5315 te
2746 5281 2887 5329 parva
2909 5275 3048 5329 rogat
3065 5279 3172 5329 cum
3195 5266 3341 5314 divite
3356 5262 3567 5329 _C_bristo,

2334 5385 2341 5389 ,
2450 5325 2510 5377 Ut.
2533 5332 2698 5378 venias
2718 5325 2897 5391 nostro,
2922 5325 3074 5379 dulcis
3096 5328 3303 5381 alumna,
3329 5325 3453 5372 sinu.

2337 5418 2361 5457 ε
2390 5410 2497 5464 Hoc
2539 5426 2772 5473 carmen,
2816 5411 2967 5462 sicuti
3012 5418 3064 5479 et
3090 5405 3303 5479 {eliqua
3344 5418 3469 5471 qua).
3501 5413 3801 5479 sequuntur

2262 5479 2626 5533 desiderantur
2656 5484 2706 5533 in
2736 5495 2839 5531 uno
2866 5480 2995 5533 Cod.
3028 5478 3144 5528 Vat.
3564 5488 3573 5495 ·
3622 5478 3629 5481 “

2335 5548 2361 5619 ξι
2390 5550 2533 5604 Unus
2559 5551 2688 5604 Cod.
2727 5549 2864 5610 Vat.,
2888 5556 2945 5619 get
2966 5560 3160 5619 gemma
3185 5553 3415 5603 exornat.
3498 5610 3505 5616 ,

2341 5618 2356 5658 ί
2382 5622 2549 5687 Alter,
2578 5620 2751 5675 limina
2777 5617 3060 5673 sardonica.

3920 90 3933 119 Ἴ
