3952 6222
65 357 182 415 ‘2‘33

71 474 438 543 "oneribus,
470 473 692 534 meritis.
725 449 915 525 animis
936 470 990 522 et
1023 461 1258 519 moribus
1290 464 1472 542 aequis.

151 563 442 619 Omnibus
465 565 674 626 officiis,
702 560 838 613 unde
864 555 1073 620 colaris,
1107 554 1329 608 habens.

77 654 168 710 lle
206 654 578 729 Fortunatum
612 651 700 704 tibi
731 648 872 703 celso
900 655 1081 700 sterno
1114 643 1382 713 pusillum,

153 743 519 798 Commendo
541 752 592 798 et
624 750 745 794 voto
775 738 1010 807 supplice
1031 738 1131 791 rite
1159 745 1327 790 tuum.
1404 783 1410 789 .

640 1148 863 1215 CAPUT
910 1149 1190 1233 PRIMUM,

85 1257 179 1312 Ad
237 1253 598 1325 Chilpericum
645 1252 1082 1372 regeznhquando
1127 1259 1152 1287 ⁸
1196 1248 1392 1320 synodo
1445 1246 1698 1302 Brinnaco

794 1338 822 1372 α
862 1339 929 1372 τα
977 1337 1027 1372 Cl
1056 1360 1068 1372 .

794 1337 929 1373 αοηα
977 1337 1068 1374 est.

87 1417 528 1492 [Btjunacensis
573 1412 760 1492 synodi
796 1410 1295 1492 Palrcsalloqnitur
1325 1405 1699 1492 hocpoemate

171 1489 544 1546 Fortunatus.
570 1480 840 1551 poscitque
869 1481 936 1534 ab
959 1481 1035 1532 eis
1063 1480 1288 1539 veniam,
1323 1488 1378 1530 ut
1403 1481 1501 1531 sibi
1537 1480 1695 1551 liceat

169 1559 254 1613 de
290 1548 583 1625 Chilperici
613 1554 854 1625 laudibus
882 1551 1060 1625 dicere
1095 1566 1108 1601 :
1143 1563 1346 1625 qurma
1370 1548 1577 1608 ueneris
1604 1563 1696 1625 ro-

170 1617 780 1682 bilitate'commeudat,
803 1617 863 1674 'et
891 1637 918 1672 a
953 1621 1100 1670 fama!
1127 1618 1452 1679 celebritate,
1491 1629 1597 1668 tum
1629 1617 1695 1668 ab

179 1699 323 1765 ejus
356 1698 546 1748 virtute
583 1695 632 1745 in
669 1691 882 1765 pra-liis,
909 1702 970 1740 ac
998 1702 1167 1765 rerum
1200 1696 1462 1765 gest-artu"
1495 1685 1693 1765 gloria;

181 1754 366 1836 q'uem
417 1768 561 1836 post'
589 1754 762 1836 varius
809 1757 1444 1836 rerum“vicissitudinis,
1487 1754 1695 1808 tanch

178 1825 502 1906 pristinam,
531 1835 636 1886 imo
677 1832 832 1884 etiam
871 1826 1204 1906 ampliorem,
1237 1825 1570 1906 dignitatem,
1596 1838 1698 1906 lper

179 1892 457 1959 ἐάτω-ξος
491 1892 672 1955 rerum
705 1912 878 1966 casus,
928 1898 996 1948 ait
1031 1910 1412 1966 recuperasse.
1441 1892 1694 1950 Enmdetn

184 1976 394 2043 patria:
424 1971 723 2043 praesidium
751 1964 1003 2043 adversus
1030 1967 1278 2043 barbaras
1310 1964 1550 2043 nationes
1578 1969 1699 2016 esse

183 2033 573 2113 praedicauae
603 2039 778 2113 laudat
824 2039 936 2113 ejus
981 2035 1238 2104 justitiam
1287 2044 1339 2087 et
1384 2033 1699 2113 doctrinam,

186 2100 308 2182 qua
331 2100 642 2182 ,suisjllum
673 2100 959 2182 majoribus
983 2100 1180 2158 'narrat
1223 2103 1550 2182 pra'stitiss-e.

189 2163 410 2236 insido
453 2163 813 2244 Fredegundis
854 2176 1046 2241 regina:
1077 2163 1373 2225 encomium
1424 2163 1702 2234 subtexit.]

112 2269 277 2328 Ordo
306 2268 660 2330 sacerdOtum,
684 2264 1089 2330 venerandaque
1117 2256 1346 2315 culmina
1375 2260 1592 2326 Christi,

197 2360 358 2426 Quos
379 2359 520 2413 dedit
554 2357 696 2419 alma
722 2354 851 2407 ﬁdes
879 2353 1155 2420 relligione
1187 2352 1389 2406 Patres.

118 2445 400 2500 Parvulos
423 2455 546 2514 opto
571 2445 712 2511 loqui
746 2443 886 2512 regis
918 2443 1182 2508 praeconia
1207 2440 1355 2505 celsi,
1472 2507 1473 2510 η

199 2535 463 2590 Sublevet
488 2534 662 2600 exigui
691 2533 921 2586 carmina
951 2539 1129 2584 vester
1154 2544 1324 2584 amor.
1411 2589 1419 2592 ,

126 2623 348 2694 lnclyte
375 2636 469 2675 rex
499 2621 682 2683 armis,
712 2626 765 2671 et
793 2617 1005 2686 r‘egibus
1034 2616 1178 2671 edite
1207 2617 1385 2678 celsis,

202 2713 235 2752 ι’
258 2691 484 2768 ‘Primus
510 2721 563 2766 et
608 2710 833 2777 antiquis
865 2707 1097 2761 eulmina
1125 2705 1288 2774 prima
1323 2716 1532 2782 regens.
1608 2691 1612 2693 “

131 2806 344 2863 Rector
373 2805 534 2858 habes
565 2801 830 2857 nascendo
851 2800 1030 2863 decus,
1064 2797 1386 2854 moderando
1403 2796 1497 2868 sed
1525 2808 1707 2864 auges,

209 2900 294 2953 De
326 2897 501 2954 radice
530 2894 692 2963 patris
720 2887 818 2947 flos
845 2901 1095 2960 generate
1137 2899 1345 2960 potens.

137 2988 364 3056 Equali
392 2986 530 3041 serie
571 3000 664 3038 vos
692 2980 1016 3038 nobilitando
1040 2980 1292 3044 vicissim,

215 3079 300 3134 Tu
332 3091 495 3146 genus
525 3075 749 3142 ornasti,
782 3081 833 3128 te
862 3087 1026 3143 genus
1055 3081 1208 3125 ornat
1237 3070 1344 3124 avi.

141 3165 427 3240 Excepisti
458 3165 650 3219 etenim
680 3162 932 3229 fulgorem
957 3160 1021 3213 ab
1051 3158 1254 3226 origine
1284 3168 1474 3227 gentis,

217 3256 332 3310 Sed
355 3269 445 3323 per
474 3263 523 3308 te
549 3252 757 3321 proavis
779 3247 1026 3319 splendor
1053 3253 1252 3302 honore
1280 3249 1434 3302 redit.

141 3345 226 3402 Te
259 3357 514 3400 nascente
543 3344 703 3412 patri,-
725 3343 809 3396 lux
842 3342 1004 3396 altera
1032 3342 1266 3396 nascitur
1289 3335 1425 3405 orbi,

224 3433 473 3490 Nominis
503 3444 553 3488 et
585 3434 761 3488 radios
788 3433 994 3500 spargis
1021 3432 1210 3500 ubique
1243 3446 1442 3495 novos;

144 3528 330 3592 Quem
355 3512 566 3592 praefert
597 3528 773 3578 oriens
799 3524 1012 3592 Libyes,
1046 3537 1286 3585 occasus,
1316 3534 1370 3576 et
1399 3535 1420 3560 ο
1450 3532 1648 3588 arctos,

221 3613 509 3682 Quo'p‘ede
538 3627 642 3667 non
671 3610 932 3681 graderis,
964 3621 1118 3665 notus
1158 3611 1361 3665 honore
1388 3612 1557 3666 venis.

146 3695 424 3783 Quidquid
448 3705 601 3759 habet
623 3701 869 3767 mbndus,
888 3701 1196 3770 peragrasti.
1215 3701 1426 3755 nomine
1449 3701 1718 3771 princeps,

234 3794 422 3849 Curris
449 3804 502 3850 et
531 3793 657 3847 illud
687 3794 808 3858 iter,
839 3790 978 3862 quod
1006 3801 1120 3845 rota
1150 3790 1279 3846 solis
1303 3792 1426 3858 agit.

150 3887 382 3957 Cognite
404 3886 510 3957 jam
536 3893 698 3955 ponto
722 3893 776 3939 et
803 3884 998 3948 Rubro,
1029 3884 1316 3952 pelagoque
1340 3883 1440 3935 sub
1465 3882 1611 3948 Indo,

236 3977 461 4053 Transit
484 3980 540 4033 et
563 3977 829 4031 Oceanum
855 3973 1052 4052 fulgida
1079 3965 1216 4025 fama
1241 3965 1269 4008 δ
1296 3971 1484 4041 sopho.

1677 3051 1706 3080 ὃ

237 4169 264 4208 δ
313 4168 562 4236 Quaenam
604 4163 823 4236 hujusce
874 4168 1241 4223 Brinnacensis
1293 4166 1482 4236 synodi
1521 4180 1724 4221 convo-

160 4235 353 4297 eandm
385 4249 537 4294 causa
568 4235 754 4305 Iuerit,
789 4237 947 4293 docet
973 4253 1066 4292 nos
1094 4235 1334 4305 pluribus
1362 4235 1585 4305 Gregor.
1619 4237 1726 4290 Tu~

155 4322 284 4366 ron.
318 4310 408 4364 lib.
443 4317 475 4361 ν
504 4308 692 4362 Histor.
725 4309 915 4362 Franc.
947 4312 1062 4371 cap.
1097 4306 1201 4374 50:
1235 4320 1354 4372 quae
1385 4308 1567 4374 paucis
1598 4306 1724 4361 licet

158 4381 546 4448 perstringere.
575 4373 807 4432 Bienlfns
838 4372 1294 4448 scilicet-clericus
1322 4372 1720 4448 in‘Fredegun-

158 4443 288 4502 dem
340 4443 606 4515 reginam,
649 4457 878 4515 'uxorem
930 4443 1243 4515 Qbilperici,
1300 4458 1461 4515 grave
1512 4444 1720 4498 crimen

160 4511 456 4571 conarer-at
479 4555 492 4576 ,
524 4515 672 4581 eujns
701 4512 978 4581 objiciendi
1009 4525 1070 4566 ac
1098 4511 1403 4580 divulgandi
1436 4524 1714 4567 auctorem

113 4649 122 4654 _
162 4585 336 4654 fuisse
373 4579 680 4654 Gregorium
720 4579 1080 4654 Turonensem
1127 4579 1478 4654 commentus,
1505 4583 1717 4654 fuerat,

161 4653 336 4708 multa
382 4650 633 4706 adversus
684 4667 804 4705 eum
857 4650 1087 4715 fingens,
1134 4650 1322 4718 quibus
1369 4651 1420 4704 in
1468 4651 1716 4705 invidiam

161 4721 308 4791 apud
340 4728 490 4789 reges
519 4720 814 4791 voearetur,
847 4728 903 4770 ut
923 4718 1307 4791 illuunfinirum
1350 4722 1417 4791 de
1457 4721 1584 4791 sede
1613 4719 1718 4791 Tu-

162 4785 611 4854 ronensiamoto,
642 4796 695 4842 et
723 4788 846 4852 alio,
871 4787 966 4854 qui
998 4787 1095 4840 sibi
1120 4785 1360 4855 faveret,
1394 4790 1446 4843 in
1478 4789 1718 4855 ejusdem

160 4862 341 4929 locum
400 4853 656 4922 suﬂeeto,
705 4858 817 4925 ipse
864 4853 1054 4929 deinde
1098 4853 1422 4929 Turonensis
1470 4853 1719 4913 Ecclesia:

162 4926 574 4984 archidiaconus
611 4937 894 4982 crearetur.
946 4926 1199 4992 Quocirca
1230 4936 1308 4977 .ut
1347 4928 1397 4979 in
1445 4929 1573 4982 illud
1617 4929 1724 4980 cri-

167 4999 333 5052 minis
383 5004 729 5066 quaireretur,
780 4996 1130 5066 Chilpericusi
1166 4994 1406 5066 Brinnaci
1457 4997 1718 5064 synodum

165 5066 544 5136 episcoporum
583 5068 790 5134 coegit,
823 5067 874 5118 in
903 5070 1004 5136 qua
1035 5075 1086 5118 et
1117 5065 1296 5136 [tieulfi
1340 5065 1479 5136 fraus
1509 5066 1716 5136 detecta

165 5132 284 5202 erit,
317 5132 374 5190 et
401 5134 634 5205 Gregorii
667 5132 883 5205 probata
909 5132 1503 5205 i'nnoeentia._Synodus
1536 5134 1719 5189 istbzee

167 5206 352 5260 habita
384 5212 468 5258 est
495 5202 635 5258 anno
659 5204 792 5268 580,
823 5217 927 5271 quo
964 5217 1102 5256 anno
1142 5202 1359 5270 proinde
1391 5206 1488 5256 hoc
1535 5220 1722 5272 poema

165 5276 430 5342 scriptum
461 5283 541 5327 est
576 5289 606 5327 a
649 5273 952 5326 Fortunato.
999 5273 1344 5342 Brennacum,
1371 5286 1542 5328 autem
1566 5315 1580 5338 ,
1613 5273 1722 5329 sive

173 5340 496 5398 Brinnacum
528 5345 681 5411 vulgo
709 5342 925 5406 Braine,
957 5340 1078 5411 villa
1108 5350 1218 5411 erat
1264 5343 1401 5409 regia
1424 5384 1437 5405 ,
1480 5355 1534 5396 ut
1575 5343 1720 5397 vide-

178 5422 284 5475 tur,
317 5415 372 5466 in
404 5426 505 5477 qua
533 5409 821 5479 Cbilperiei
851 5411 972 5470 lilii.
1030 5409 1355 5479 Dagobertns
1401 5425 1452 5465 et
1490 5412 1720 5465 Chlodo-

179 5481 360 5550 bertus
377 5482 606 5550 graviter
629 5491 910 5548 :rgrotasse
936 5479 1234 5533 referuntur
1259 5497 1285 5530 ει
1311 5481 1466 5547 ϐτθςξ.
1495 5481 1718 5546 Turou.,

181 5548 274 5614 lib.
331 5548 400 5614 v,’
435 5565 550 5616 cap.
599 5551 700 5615 55,
741 5566 861 5603 cum
899 5550 1107 5616 quidem
1162 5550 1483 5615 liagubertns
1534 5551 1727 5606 ibidem

181 5618 367 5687 morbo
390 5634 672 5684 Oppressus
697 5621 982 5684 interierit,
1012 5618 1390 5673 Chlodobertus
1421 5637 1543 5674 vero
1571 5620 1728 5674 Sues-

185 5687 364 5744 sionas
392 5687 588 5744 feretro
623 5689 973 5744 in'basilicam
1014 5689 1192 5744 Sancti
1241 5690 1467 5744 Medardi
1497 5691 1721 5756 delatus,

1305 343 1805 429 MISCELLANEA.
1847 371 1917 385 -
1953 340 2082 396 us.
2121 338 2249 428 ix._

1709 463 1762 522 Α
1787 455 1883 510 Cui
1912 455 2008 508 das
2038 451 2176 507 unde
2203 450 2303 506 sibi
2344 448 2523 504 talaria
2551 449 2712 514 missa
2744 448 2993 518 ligantur,

1395 952 1692 1034 LIBER
1772 925 2138 1077 NouUs.

1747 3275 1794 3337 C

1750 4615 1803 4675 D

1956 117 1980 146 \

3181 369 3189 377 .
3247 324 3353 380 294

1859 548 2090 618 Pellibus
2116 555 2168 600 et
2200 544 2365 597 niveis
2389 544 2495 597 sint
2517 543 2626 596 sola
2652 552 2786 596 tecta
2817 541 2985 608 pedis.

1743 699 1745 702 ,
1792 629 1894 694 Pro
1925 634 2114 707 quibus
2145 651 2174 690 a
2207 635 2428 690 Domino
2454 635 2611 689 detur
2631 633 2765 688 stola
2797 631 3020 687 candida
3049 629 3220 695 vobis,

1862 729 1960 795 Qui
1983 728 2118 782 datis
2159 727 2260 782 hoc
2287 725 2538 793 minimis,
2574 725 2713 779 unde
2752 723 2930 778 feratis
2956 715 3138 792 opes."
3191 756 3194 759 -

1614 1094 1903 1110 ψ

1805 1157 2009 1223 Nomen
2037 1163 2092 1208 ut
2117 1153 2218 1208 hoc
2246 1146 2611 1217 resonet,'non
2641 1147 2864 1218 impedit
2889 1162 3014 1202 aura
3033 1188 3047 1213 ,
3073 1163 3174 1205 nec
3202 1148 3364 1222 unda,

1878 1259 1900 1287 °
1929 1249 2019 1304 Sic
2048 1248 2141 1302 tibi
2171 1259 2358 1300 cuncta
2389 1244 2580 1310 simul,
2608 1251 2750 1297 terra
2773 1241 2863 1295 vel
2891 1250 3030 1296 astra
3063 1239 3261 1296 favent.

1805 1337 1913 1392 Rex
1943 1337 2178 1392 bonitate
2204 1337 2440 1402 placens,
2464 1334 2625 1386 decus
2648 1332 2833 1394 altum,
2854 1337 2908 1385 et
2926 1329 3102 1383 nobile
3125 1344 3366 1399 germen,

1877 1427 1930 1480 In
1962 1442 2065 1494 quo
2096 1436 2169 1479 tot
2197 1438 2479 1494 procerum
2508 1421 2737 1474 culmina
2767 1420 2977 1474 culmen
3008 1418 3223 1473 habent.

1805 1517 2076 1571 Auxilium
2109 1518 2324 1584 patrne,
2358 1528 2477 1582 spes
2505 1522 2560 1565 et
2589 1522 2844 1575 tutamen
2874 1511 2924 1564 in
2955 1511 3120 1565 armis
3142 1555 3157 1579 ,

1883 1611 2010 1664 Fida
2043 1609 2142 1663 tuis
2171 1609 2334 1660 virtus
2356 1647 2370 1670 ,
2403 1605 2630 1672 inclytus
2658 1613 2816 1668 atque
2846 1605 3011 1671 vigor.
3293 1663 3299 1669 ,

1807 1703 2106 1774 Chilperice
2139 1707 2345 1764 potens,
2376 1695 2419 1748 si
2450 1696 2710 1762 interpres
2738 1692 2994 1745 barbarus
3019 1698 3226 1753 exstet,

1881 1795 1898 1831 τ
1932 1792 2156 1860 Adjutor
2189 1786 2357 1850 fortis,
2394 1786 2493 1837 hoc
2519 1798 2725 1852 quoque
2753 1780 3153 1836 nomen‘habes.

1810 1885 1922 1939 Non
1952 1882 2050 1935 fuit
2076 1882 2125 1932 in
2156 1892 2383 1940 vanum,
2414 1876 2491 1926 sie
2521 1882 2570 1927 te
2596 1871 2824 1926 vocitare
2855 1881 3099 1947 parentes
3119 1910 3133 1934 ,

1876 1972 2199 2043 Praesagium
2227 1969 2327 2022 hoc
2356 1975 2519 2020 telum
2543 2009 2559 2034 ,
2591 1965 2761 2018 laudis
2791 1974 2840 2018 et
2867 1979 3022 2018 omen
3063 1963 3195 2017 erat.

1812 2066 1928 2121 Jam
1966 2075 2090 2116 tunc
2119 2060 2375 2129 judicium
2408 2055 2718 2121 praibebant
2748 2063 2983 2120 tempora
3015 2061 3156 2118 nato,

1827 2138 1832 2143 ’
1880 2152 2029 2206 Dicta
2057 2147 2234 2220 priora
2262 2155 2437 2198 tamen
2467 2145 2603 2196 dona
2632 2151 2812 2196 secuta
2842 2142 3087 2208 probant.

1809 2242 1865 2296 ln
1904 2251 1952 2296 te
1974 2282 1986 2305 ,
2019 2239 2173 2293 dulce
2200 2243 2359 2304 caput
2380 2278 2393 2302 ,
2424 2233 2592 2304 patris
2621 2232 2793 2286 omnis
2821 2247 2946 2296 cura
2976 2230 3263 2300 pependit,

1883 2335 2020 2388 Inter
2050 2342 2124 2384 tot
2154 2330 2346 2382 fratres
2371 2328 2447 2380 sic
2475 2341 2624 2379 amor
2652 2339 2786 2378 unus
2813 2310 2956 2379 cras.

1816 2423 2153 2494 Agnoscebat
2181 2418 2323 2473 enim
2347 2457 2362 2482 ,
2392 2425 2444 2470 te
2467 2416 2576 2484 jam
2603 2412 2819 2468 meliora
2851 2412 3076 2479 mereri,

1887 2514 2032 2567 Unde
2067 2513 2232 2578 magis
2261 2510 2458 2570 coluit,
2489 2505 2726 2575 prmtulit
2753 2506 2874 2559 inde
2906 2515 3074 2594 pater,

1814 2599 2108 2665 Praeposuit
2135 2599 2363 2666 genitor,
2395 2609 2513 2646 cum
2545 2595 2661 2660 plus
2690 2594 2876 2646 dilexit
2904 2593 3180 2655 alumnum
3207 2633 3222 2658 ,

1885 2687 2144 2742 Judicium
2176 2683 2318 2751 regis
2346 2682 2591 2752 frangere
2623 2696 2782 2735 nemo
2813 2692 3005 2750 potest.

1822 2777 2087 2845 Auspiciis
2113 2776 2317 2843 magnis
2344 2770 2593 2842 crevisti,
2624 2763 2852 2823 maxime
2882 2759 3147 2839 princeps,

1891 2866 2030 2922 Hinc
2059 2867 2109 2919 in
2136 2878 2318 2918 amore
2345 2847 2566 2915 manens
2594 2859 2766 2928 plebis
2787 2900 2802 2924 ,
2831 2868 2884 2913 et
2909 2859 3030 2914 inde
3058 2859 3239 2929 patris.

1818 2959 1923 3014 Sed
1952 2957 2157 3012 meritis
2187 2952 2552 3022 tantis‘subito
2577 2965 2693 3010 sors
2721 2949 2899 3004 invida
2929 2965 3138 3015 rerum,

1895 3047 2217 3103 Perturbare
2246 3056 2441 3113 parans
2467 3055 2626 3106 regna
2656 3041 2834 3111 quieta
2866 3040 2992 3107 tibi,

1823 3137 2150 3194 Concutiens
2179 3136 2388 3188 animos
2417 3131 2730 3200 pepulerunt
2754 3171 2766 3193 ,
2800 3131 3000 3184 foedera
3029 3130 3283 3193 fratrum,

1898 3230 2118 3284 Ltedere
2141 3227 2264 3281 dum
2293 3224 2492 3288 voluit,
2526 3220 2879 3296 prOSperitate
2908 3219 3067 3274 favet.

1828 3321 2068 3389 Denique
2090 3318 2202 3387 jam
2228 3315 2390 3382 capiti
2417 3313 2589 3367 valido
2616 3314 2881 3382 pendente
2909 3311 3125 3380 periclo,
3201 3313 3204 3315 ’

1898 3410 2120 3476 Quando
2151 3407 2313 3462 ferire
2342 3405 2557 3470 habuit,
2589 3401 2823 3471 reppulit
2854 3402 2980 3454 hora
3009 3415 3211 3456 necem.

1823 3501 1953 3555 Cum
1981 3496 2288 3553 retinereris
2316 3494 2504 3547 mortis
2531 3492 2890 3544 circumdatus
2914 3491 3109 3557 armis,

1897 3590 2102 3658 Eripuit
2129 3599 2152 3636 α
2180 3587 2389 3657 gladios
2412 3598 2559 3649 sors,
2589 3590 2845 3653 operante
2872 3583 3001 3636 Deo.
3069 3613 3074 3616 -

1825 3680 2031 3738 Ductus
2060 3679 2126 3735 ad
2156 3684 2454 3732 extremum
2476 3714 2490 3740 ,
2524 3689 2728 3729 remeas
2754 3673 2822 3727 de
2851 3675 3033 3728 funere
3061 3671 3212 3736 vitae,

1897 3772 2090 3828 Ultima
2118 3784 2235 3840 qua:
2264 3769 2463 3833 fuerat,
2493 3767 2551 3822 fit
2577 3768 2666 3821 tibi
2697 3767 2867 3834 prima
2893 3765 3023 3820 dies.

1827 3862 1992 3918 Noxia
2018 3863 2145 3916 dum
2172 3868 2431 3928 cuperent
2455 3859 2665 3920 hostem
2696 3858 2788 3913 tibi
2819 3859 2953 3911 bella
2984 3873 3171 3926 parare
3197 3897 3213 3924 ,

1897 3956 1999 4011 Pro
2028 3965 2077 4009 te
2103 3953 2352 4022 pugnavit
2377 3952 2607 4008 fortis'in
2633 3951 2965 4003 arma‘flde's.

1827 4169 2215 4226 ibi'extremum
2237 4171 2563 4226 exhalaverit
2583 4169 2848 4239 spiritum.
2874 4168 3200 4239 Brennaenm
3226 4179 3384 4234 porro

1829 4243 2037 4295 nonnisi
2069 4242 2236 4294 tribus
2268 4242 2432 4294 leucis
2460 4237 2627 4292 distat
2652 4240 2718 4292 ab
2744 4239 2976 4303 Angusta
3008 4237 3381 4303 Suessionum,

1827 4325 2012 4364 versus
2043 4309 2295 4373 libemus,
2330 4318 2385 4362 ut
2413 4307 2666 4362 liabet‘cl.
2699 4308 2854 4360 Ruin.
2905 4308 2955 4358 in
2989 4306 3128 4358 notis
3157 4307 3220 4358 ad
3252 4307 3383 4360 Gre-

1828 4393 1943 4448 gor.
1975 4376 2198 4443 Turon.,
2234 4380 2323 4431 lib.
2354 4393 2431 4443 tv,
2462 4376 2700 4448 cap.9.‘.’.
2734 4375 2784 4428 In
2812 4375 3013 4448 eadem
3064 4375 3184 4448 villa
3236 4376 3387 4448 Brin-

1829 4443 2047 4509 iiacensi
2097 4449 2310 4502 Clotarii
2369 4447 2599 4501 thesauri
2655 4445 3036 4510 servabantur,
3094 4443 3168 4499 uti
3223 4444 3388 4500 refert

1837 4516 1995 4583 Greg.
2028 4518 2179 4577 Tur..
2213 4519 2329 4570 loco
2358 4533 2477 4570 niox
2506 4516 2687 4573 citato.

1901 4584 1927 4624 δ
1961 4588 2103 4642 Unus
2131 4586 2291 4648 Cod.,
2329 4585 2446 4640 Vat.
2477 4587 2670 4655 primus
2693 4583 2756 4636 ab
2784 4585 3021 4654 antiquis.

1900 4656 2360 4729 ἐξῆπιβιανριοδο
2416 4725 2425 4729 ,
2930 4675 2936 4681 δ

1897 4727 1924 4765 ά
1954 4724 2094 4780 Edit.
2129 4724 2318 4787 Paris.,
2354 4725 2445 4776 mi.

1898 4802 1921 4863 ὲ
1952 4795 2146 4859 Eadem
2179 4796 2329 4863 ειμι..
2365 4794 2447 4848 Sit
2475 4794 2567 4847 tibi
2593 4803 2638 4846 et
2668 4795 2804 4847 unda
2833 4792 3001 4845 simul.

1901 4862 1920 4900 τ
1960 4865 2184 4934 Etymon
2215 4859 2523 4929 Chilperici,
2552 4863 2869 4934 Germanico
2916 4876 2988 4934 es
3017 4859 3264 4915 idiomate
3294 4860 3391 4914 du-

1823 4943 1961 4987 ctum
1987 4930 2222 4987 ostendit
2263 4936 2435 4988 Brow.
2469 4935 2516 4987 in
2550 4934 2688 4987 notis
2716 4931 2782 4986 ad
2810 4931 2946 4984 hunc
2977 4930 3148 4984 locum
3174 4949 3188 4997 ;
3220 4944 3380 4999 quem

1823 5004 1938 5072 lege
1958 5042 1972 5063 .
2006 5004 2240 5066 silubet.

1897 5060 2069 5126 kDuo
2111 5072 2276 5143 Codd.
2323 5071 2526 5143 γρηῦ..
2567 5072 2753 5143 eripuit
2799 5063 2992 5143 gladio.
3047 5060 3381 5143 Chilpericns

1826 5157 1966 5208 saepe
2006 5157 2124 5194 cum
2169 5141 2417 5194 fratribus
2463 5143 2573 5195 suis
2622 5142 2757 5196 bella
2799 5139 3008 5211 gessit,_
3039 5151 3100 5192 ac
3141 5139 3381 5193 cladibus

1824 5225 1965 5278 saepe
2008 5212 2236 5276 fractus,
2268 5219 2477 5279 semper
2503 5223 2676 5265 tamen
2708 5209 2943 5267 emersit.
2989 5209 3263 5262 Postremo
3311 5211 3386 5279 vif

1825 5277 1939 5334 ctus
1970 5282 2119 5346 plane
2141 5321 2154 5343 ,
2198 5277 2608 5347 profligatnsque
2637 5297 2664 5332 a
2708 5280 2969 5347 Sigiberto
3013 5281 3234 5344 fuisset,
3263 5277 3387 5347 nisi

1826 5352 1995 5403 victor
2021 5352 2130 5417 jam
2158 5351 2267 5410 hic,
2297 5346 2656 5416 Fredegundis
2686 5346 2879 5417 regium
2913 5349 3116 5412 fraude,
3147 5364 3207 5399 ac
3239 5346 3383 5417 dolo,

1828 5420 1893 5473 de
1939 5415 2113 5472 medio
2155 5428 2372 5484 repente
2419 5415 2602 5471 fuisset.
2634 5415 2894 5470 sublatus.
2932 5418 3059 5470 Vide
3089 5421 3244 5483 (ἐι-με.
3280 5415 3388 5484 Τοῗ

1829 5505 1944 5541 ron.
1974 5530 1988 5551 ,
2039 5490 2125 5542 lib.
2160 5483 2233 5545 IV,
2277 5503 2389 5550 cap.
2426 5488 2512 5541 5‘2.
2563 5488 2638 5540 Ad
2695 5488 2908 5557 hujusi-e
2958 5485 3204 5557 postremi
3261 5483 3389 5557 belli

1834 5560 2028 5624 exittun
2077 5569 2129 5611 et
2171 5559 2458 5624 Chilperici
2506 5553 2810 5617 felicitatem
2862 5557 3069 5611 videtur
3117 5555 3216 5608 hoc
3270 5553 3408 5607 loco'

1834 5626 2128 5698 respexisse
2158 5626 2489 5683 Fortunatus.
