3952 6222
551 332 654 387 205

573 447 832 511 Prospera
859 443 1106 512 judicium
1128 483 1142 510 ,
1177 453 1198 480 ιι
1224 445 1338 499 sine
1363 456 1432 511 te,
1465 457 1550 500 tua
1578 463 1734 503 causa
1764 462 1979 520 peregit.

636 537 698 588 Et
727 535 880 588 rediit
907 537 1119 603 proprio
1145 537 1283 588 celsa
1310 535 1359 599 λ’,
1391 538 1641 591 cathedra
1670 541 1803 592 loco.

555 624 667 678 Rex
698 625 861 691 bone,
894 639 957 676 ne
980 624 1160 677 doleas
1188 640 1305 678 nam
1337 636 1386 680 te
1415 627 1620 680 fortuna
1647 631 1895 697 querelis,

615 713 762 768 Unde
794 715 1057 784 fatigavit,
1092 717 1214 770 hinc
1241 717 1461 770 meliora
1489 717 1654 772 dedit.

541 806 738 872 Aspera
769 813 843 857 tot
876 805 1144 858 tolerando
1174 805 1290 869 diu,
1324 809 1482 860 modo
1515 808 1633 861 lieta
1662 797 1973 878 sequuntur,

616 895 678 947 Et
707 909 799 961 per
825 908 1085 948 mcerores
1111 895 1295 962 gaudia
1325 905 1444 950 nata
1474 898 1647 952 metis.

556 985 888 1040 Multimodas
920 1001 1010 1053 per
1037 1001 1163 1054 opes
1209 989 1510 1055 seminans,
1543 999 1626 1043 tua
1659 1007 1815 1060 regna
1846 995 2097 1059 resumis,

622 1076 854 1144 Namque
882 1077 1059 1130 labore
1087 1077 1231 1145 gravi
1257 1092 1499 1134 crescere
1528 1095 1714 1151 magna
1742 1083 1938 1137 solent.

535 1164 736 1236 Aspera
768 1180 869 1218 non
900 1165 1080 1218 nocuit
1107 1207 1121 1231 ,
1158 1180 1178 1205 ε
1208 1167 1301 1221 sed
1336 1177 1387 1222 te
1417 1184 1533 1224 sors
1563 1171 1694 1224 dura
1725 1172 1990 1240 probavit,

507 1284 512 1290 -
604 1255 751 1310 Unde
777 1255 1120 1328 gravabaris,
1152 1258 1350 1312 celsior
1376 1259 1498 1313 inde
1525 1261 1686 1314 redis.

532 1346 702 1401 Altior
727 1347 952 1401 assiduis
978 1347 1205 1412 crescis,
1238 1363 1341 1400 non
1374 1347 1634 1417 frangeris
1662 1365 1824 1404 armis
1842 1392 1856 1416 ,

603 1437 666 1492 Et
695 1439 818 1492 belli
843 1440 1098 1493 artificem
1131 1449 1185 1494 te
1212 1440 1360 1494 labor
1388 1441 1502 1508 ipse
1533 1442 1680 1497 facit.

526 1529 740 1583 Fortior
770 1528 1000 1584 efﬁceris
1032 1545 1122 1597 per
1153 1530 1313 1584 multa
1343 1533 1578 1598 pericula
1606 1535 1881 1606 princeps,

594 1624 672 1675 Ac
703 1637 795 1693 per
823 1622 1048 1677 sudores
1074 1623 1210 1677 dona
1241 1625 1435 1693 quietis
1459 1627 1605 1681 abes.

524 1714 606 1768 Nil
633 1714 775 1768 dolet
802 1715 1057 1770 amissum
1081 1755 1095 1779 ,
1125 1725 1174 1769 te
1200 1732 1323 1784 rege
1353 1718 1659 1784 superstite,
1687 1721 1914 1777 mundus
1935 1763 1948 1788 ,

599 1806 621 1841 ά
647 1805 748 1868 Qui
774 1820 830 1858 se
854 1814 1130 1858 servarunt
1155 1806 1334 1858 debita
1363 1821 1523 1874 regna
1551 1809 1737 1874 gradu.

527 1892 804 1950 Consuluit
831 1895 1050 1960 domui,
1081 1897 1264 1960 patrize
1298 1897 1608 1965 p0puloque
1631 1898 1878 1966 Creator,

599 1985 764 2050 Quem
794 1995 979 2054 gentes
1007 1993 1254 2038 metuunt
1285 1995 1336 2039 te
1361 2001 1642 2055 superesse
1668 1989 1861 2045 virum.

533 2070 607 2126 Ne
631 2084 746 2125 ruat
771 2063 1003 2125 armatus
1033 2087 1122 2136 per
1153 2072 1349 2129 Gallica
1378 2091 1499 2130 rura
1527 2079 1741 2134 rebellis
1761 2122 1774 2145 ,
1867 2137 1872 2142 ,

598 2163 819 2217 Nomine
845 2166 1058 2217 victoris
1084 2163 1171 2218 hic
1197 2181 1255 2219 es
1276 2206 1290 2232 ,
1331 2176 1384 2221 et
1410 2168 1581 2236 ampla
1611 2179 1635 2206 ο
1665 2171 1823 2241 regis.

521 2255 841 2324 QuemGeta,
857 2253 1590 2326 fWasco,tremunt,ttDanus,
1612 2243 2091 2327 h[:‘.s'tio,Saxo,Bri-

592 2346 721 2398 Cum
743 2343 926 2411 patrei
957 2361 1088 2412 quos
1106 2346 1218 2399 acie
1246 2355 1295 2398 te
1321 2347 1606 2399 domitasse
1636 2357 1794 2414 patet.
1857 2350 2087 2419 [tannus,

522 2436 718 2491 Terror
745 2444 795 2488 et
825 2436 1076 2487 extremis
1103 2434 1414 2487 Frisombus
1441 2475 1454 2498 ,
1484 2443 1640 2502 atque
1668 2435 1886 2501 Suevis,

592 2527 691 2592 Qui
725 2539 894 2592 neque
922 2524 1056 2576 bella
1087 2530 1302 2591 parant,
1333 2523 1424 2577 sed
1455 2533 1537 2577 tua
1567 2523 1713 2579 frena
1743 2534 1943 2593 rogant.

521 2614 775 2671 Omnibus
802 2613 881 2665 his
907 2613 1058 2666 datus
1086 2627 1144 2666 es
1175 2613 1357 2676 timor,
1389 2613 1478 2667 illo
1497 2613 1677 2681 judice
1703 2629 1920 2683 campo,

603 2705 666 2758 Et
698 2715 897 2758 terrore
926 2718 1064 2756 novo
1093 2705 1260 2758 factus
1287 2717 1345 2757 es
1370 2704 1505 2757 altus
1529 2719 1699 2758 amor.

519 2795 578 2852 In
611 2808 682 2859 te,
713 2806 904 2855 rector,
935 2794 1095 2846 habet
1122 2793 1268 2862 regio
1297 2778 1619 2848 circumdata
1647 2803 1854 2848 murum
1873 2834 1888 2860 ,

593 2885 665 2937 Ac
692 2885 828 2936 levat
856 2883 1124 2936 excelsum
1156 2881 1321 2935 ferrea
1354 2892 1502 2949 porta
1530 2892 1706 2949 caput.

525 2974 604 3042 Tu
636 2973 816 3043 patriae
845 2973 1020 3025 radias
1049 2971 1387 3024 adamantina
1417 2971 1576 3041 turris
1601 2972 1665 3024 ab
1692 2973 1915 3036 Austro,

587 3067 650 3124 Et
675 3075 825 3119 scuto
857 3063 1033 3118 Stabili
1062 3064 1266 3132 publica
1295 3070 1415 3114 vota
1446 3061 1599 3130 tegis.

588 3231 613 3258 ³ι
645 3221 863 3274 Videtur
909 3218 1044 3290 idem
1091 3217 1195 3290 hoc
1233 3216 1750 3290 locouChilpericum
1800 3235 2065 3290 purgare,

514 3291 664 3359 quod.
687 3290 886 3342 nullum
918 3288 1197 3354 Chilperici
1218 3288 1505 3359 consilium
1525 3326 1542 3352 ,
1577 3299 1665 3342 aut
1689 3304 1849 3358 opera
1892 3288 1944 3344 in
1975 3306 2068 3346 oc-

519 3357 743 3416 cidendo
774 3359 1037 3424 Sigiherto
1066 3357 1386 3412 interfuerit.

583 3431 608 3470 δ
640 3429 780 3484 Unus
811 3427 939 3482 Cod.
979 3428 1118 3491 Vat.,
1154 3427 1394 3481 cathedra
1422 3444 1536 3482 suo.

583 3517 604 3544 ⁸
636 3499 786 3562 lhid.,
819 3501 861 3552 si
891 3514 1000 3552 sors
1031 3508 1076 3551 te
1106 3499 1254 3552 dura.

579 3576 604 3613 ά
643 3569 800 3631 lbid.,
837 3570 916 3622 cui
949 3583 1000 3621 se
1027 3576 1327 3634 servarunt,
1358 3569 1497 3637 quod
1527 3583 1640 3634 seq.

588 3638 946 3718 ῖιὲῐεοοτεθίδ·
1080 3705 1109 3718 ..
1251 3705 1309 3718 ..
1381 3706 1416 3718 -
1605 3706 1615 3716 .
1693 3707 1704 3717 .
1782 3709 1793 3718 .
1863 3705 1875 3718 .
1934 3707 1979 3718 ..

584 3710 603 3747 ί
641 3710 906 3761 Vascones
937 3705 1146 3773 populi,
1176 3705 1265 3772 qui
1297 3705 1345 3757 iit
1381 3706 1649 3774 Pyrenaeis
1686 3707 1823 3774 jugis
1863 3705 2070 3759 habita-

503 3783 632 3835 bant
654 3819 667 3841 ,
707 3779 818 3828 suis
857 3792 998 3843 sape
1021 3773 1437 3853 incursionibus
1472 3773 1712 3853 Calliam
1742 3773 2068 3853 infestarunt.

503 3855 546 3904 Α
577 3846 907 3900 Tltcuderico
939 3842 990 3921 et
1021 3843 1361 3921 ΤΙιοᾲςὺεςιο
1390 3842 1608 3921 victi_et
1636 3843 1867 3921 edomiti
1911 3842 2072 3896 fuisse

507 3918 809 3974 referuntur
841 3916 891 3967 in
927 3915 1122 3968 ClirOu.
1163 3913 1386 3980 Fre‘leg.
1421 3912 1720 3967 Scolastici.

575 3982 1522 4062 sEilit.Ruris.,_l)anus__é'cylhw-n
1629 4054 1639 4062 ,
1713 4052 1723 4062 ,
1864 4053 1873 4062 ,

573 4061 598 4093 ³³
633 4057 777 4111 Unus
833 4057 968 4108 Cod.
1026 4056 1142 4107 Vat.
1203 4051 1438 4105 Euthia:
1485 4051 1797 4118 Suspicabar
1857 4052 2072 4118 (subdit

502 4125 822 4191 Browerus)
868 4125 1008 4176 Estio
1050 4126 1145 4190 legi
1191 4135 1370 4186 posset,
1414 4120 1591 4191 obrut_n
1639 4121 1986 4183 Euthionunt,
2028 4124 2070 4174 si

502 4213 613 4265 qua:
643 4212 758 4264 gens
794 4189 900 4263 ejus
933 4189 1146 4243 nominis
1169 4230 1181 4250 ,
1215 4191 1455 4265 memoria
1479 4228 1492 4250 ,
1527 4189 1738 4265 Estones
1767 4203 1964 4253 autent,
1996 4193 2072 4245 uel

506 4255 766 4328 Estioites,
790 4255 1034 4326 hodieque
1058 4263 1186 4311 inter
1223 4257 1489 4323 Saxonum
1515 4259 1752 4328 reliquias
1793 4275 2072 4311 numeran-

506 4349 586 4392 ιω·
617 4325 762 4397 apud
798 4325 1015 4384 Livoniw
1056 4331 1177 4395 fines
1199 4373 1211 4395 ,
1261 4328 1470 4390 Suecis,
1506 4325 1725 4379 Moschis
1750 4368 1763 4391 ,
1812 4329 2071 4398 panisque

503 4421 682 4480 parum
711 4403 950 4480 altju‘ttcli.
1248 4469 1258 4480 υ
1284 4469 1294 4480 Ι
1402 4456 1405 4463 ι

568 4481 583 4519 i
634 4469 781 4544 Edit;
807 4473 997 4544 Paris,
1029 4487 1159 4544 quos
1179 4469 1372 4544 pridem
1402 4475 1472 4544 te.
1691 4534 1731 4544 η
1853 4533 1865 4544 ο

571 4545 586 4595 l
621 4548 728 4596 Duo
751 4543 879 4595 Cod.
915 4533 1052 4604 Vat.,
1082 4533 1224 4609 cujus
1254 4540 1303 4591 in
1335 4539 1452 4609 orbe
1479 4551 1658 4603 prono.
1689 4534 1800 4588 Non
1819 4533 2064 4589 videntur

499 4615 581 4666 ha:
628 4617 840 4677 laudes,
890 4626 1020 4678 quas
1078 4607 1175 4661 hoc
1221 4610 1335 4662 loco
1388 4607 1706 4678 Fortunatus
1762 4614 2061 4678 pergenset,

499 4694 793 4751 Congrucre
827 4672 1082 4754 personae
1113 4677 1580 4754 C-liilpericitviri
1605 4675 1827 4754 impuris
1865 4672 2064 4754 Erede:

498 4743 686 4817 guudis
719 4755 771 4804 in
816 4743 1084 4802 amoribus
1114 4750 1200 4800 diu
1232 4743 1468 4808 volutali,
1501 4746 1651 4813 cujus
1682 4745 1944 4798 desiderio
1976 4743 2060 4796 vel

500 4816 916 4883 Gelesuiutham,
966 4819 1254 4890 legitimam
1284 4831 1540 4890 uxorem,_
1573 4817 1623 4868 in
1658 4816 1794 4870 lecto
1825 4828 1921 4890 suo
1968 4826 2063 4865 ne-

499 4877 719 4946 candam
751 4877 974 4953 curavit,
1018 4877 1215 4953 quique
1243 4886 1292 4937 in
1341 4899 1489 4951 rcges
1514 4877 1708 4940 fratres
1751 4881 1896 4936 omni
1924 4891 2060 4934 tem-

498 4976 626 5029 pore
671 4961 877 5031 iniquus
916 4952 970 5031 et
1006 4952 1226 5008 iul'eStus
1255 4955 1476 5008 exstitit.
1521 4955 1630 5031 Etsi
1682 4969 1810 5031 vero
1856 4952 2059 5031 duobus

501 5021 623 5085 iiliis
669 5021 909 5088 orbatus,
960 5027 1237 5077 immatura
1285 5031 1455 5076 morte
1496 5025 1789 5088 exstinctis,
1822 5021 2061 5074 videatur

501 5101 692 5166 aliquid
719 5103 781 5152 ad
805 5095 1165 5166 paenitentiam
1191 5092 1689 5170 commotusl‘uisse,
1722 5095 1856 5144 idem
1884 5103 2058 5170 tamen

503 5161 824 5222 adiueutetn
856 5182 1001 5221 suam
1033 5179 1094 5218 ac
1134 5162 1404 5230 pristinam
1459 5161 1576 5214 vitae
1624 5161 2056 5216 consuetudinem

501 5253 775 5300 reversus,
809 5249 1076 5304 postremo
1119 5235 1325 5286 occisus
1349 5240 1451 5304 est.
1494 5231 1731 5299 ejusdem
1767 5233 2060 5299 Fredegun-

500 5309 602 5370 dis,
646 5303 817 5375 quam
849 5305 1199 5371 pPl‘dillSSime
1232 5303 1465 5362 amabat,
1496 5304 1746 5375 cujusque
1791 5317 1950 5375 suasu
1983 5309 2059 5352 tot

500 5371 699 5434 scelera
752 5377 1108 5433 commiserat,
1161 5386 1320 5440 opera
1364 5378 1417 5422 et
1466 5371 1707 5435 consilio,
1759 5372 1833 5423 uti
1882 5379 2060 5423 narrat

499 5448 798 5512 Aimoinus,
831 5447 880 5498 in
920 5445 1110 5496 Histor.
1145 5445 1356 5502 Franc.,
1397 5441 1484 5492 lib.
1517 5456 1594 5503 lit,
1625 5457 1741 5512 cap.
1788 5441 2080 5512 57.7Hunc'

499 5520 658 5586 Greg.
689 5511 818 5570 Tur.
852 5531 954 5568 non
1004 5513 1209 5586 dubitat
1255 5512 1508 5586 Neronem
1557 5511 1952 5586 sui_temp_oris,
1980 5518 2058 5586 _et

505 5580 762 5641 Heredem
792 5588 1086 5648 nominare,
1110 5583 1279 5663 fujus
1307 5583 1428 5634 vitia
1474 5594 1536 5663 ac
1553 5584 1760 5663 (scelera
1813 5583 1916 5663 late
1964 5580 2054 5663 tle-

501 5659 682 5712 Icribit
712 5660 801 5712 lib.
832 5672 880 5710 vt
931 5657 1064 5709 l'list.
1109 5652 1321 5716 Franc.,
1367 5667 1484 5719 cap.
1514 5651 1600 5703 46.
1653 5652 1764 5715 Quo
1803 5653 1941 5705 circa
1973 5651 2054 5704 di-

503 5727 1123 5798 candumfortunatum,
1174 5733 1444 5790 poetarum
1495 5735 1659 5785 more,
1696 5722 1832 5776 hunc
1875 5736 2050 5789 regem

1265 331 1580 388 VENANTI]
1627 333 1784 389 HON.
1827 334 2467 411 CLEMuFORTUNATl
2504 348 2785 409 OPERUM
2827 353 3001 412 PARS
3040 359 3082 412 l.

2143 460 2196 518 Α
2222 458 2334 552 Neu
2362 471 2540 528 gravet
2569 453 2680 519 haec
2707 466 2922 536 aliquis,
2954 473 3039 540 pia
3069 479 3458 545 propugnaCula
3487 482 3669 539 tendis
3688 523 3707 552 ,

2283 551 2359 604 Ac
2389 554 2620 621 regionis
2648 571 2776 624 opes
2800 557 2965 614 limite
2990 561 3127 616 forte
3154 563 3320 618 foves.

2209 637 2345 704 Quid
2377 640 2442 694 de
2465 641 2686 708 justitize
2714 646 2937 702 referam
2967 651 3359 722 moderamine,
3391 661 3643 731 princeps
3663 664 3690 716 τ

2282 732 2398 796 Quo
2425 735 2564 788 male
2592 751 2748 791 nemo
2776 741 2949 806 redit,
2976 743 3019 797 si
3050 743 3182 798 bene
3207 745 3346 813 justa
3377 751 3505 815 petit
3531 772 3543 803 :

2209 817 2372 888 Cujus
2404 825 2417 871 l
2455 824 2509 877 in
2535 838 2628 880 ore
2655 827 2821 895 probo
2848 843 3110 886 mensura:
3142 832 3277 887 libra
3308 843 3538 899 tenetur,

2282 911 2555 979 Rectaqne
2581 930 2856 972 causarum
2886 919 3022 975 linea
3049 923 3215 977 currit
3244 925 3360 978 iter.

2205 999 2315 1059 Nec
2343 1018 2490 1057 mora
2521 1006 2608 1072 tit,
2639 1021 2766 1061 vero
2792 1007 2954 1064 falsus
2981 1009 3109 1066 nihil
3136 1013 3360 1081 explicat
3386 1028 3560 1080 error,

2274 1092 2595 1163 Judiciisque
2625 1096 2729 1151 tuis
2759 1096 2903 1153 fraus
2935 1099 3103 1169 fugit,
3135 1103 3266 1156 ordo
3291 1103 3450 1160 redit.

2201 1179 2375 1247 Quid?
2402 1198 2746 1254 quoscunque
2781 1177 2938 1242 etiam
2968 1192 3116 1256 regni
3143 1192 3341 1245 ditione
3363 1195 3634 1263 gubernas
3652 1238 3668 1263 ,

2277 1272 2304 1308 ¹ί
2336 1273 2530 1327 Doctor
2556 1276 2771 1344 ingenio
2795 1279 2966 1335 vincis
2985 1321 3000 1346 ,
3029 1290 3082 1335 et
3106 1296 3198 1335 ore
3225 1283 3434 1353 loquax.

2128 1367 2132 1370 '
2204 1361 2528 1420 Discernens
2559 1369 2734 1421 varias
2766 1366 2786 1406 ι
2817 1370 2914 1424 sub
2943 1372 3090 1426 nullo
3117 1373 3411 1449 interprete
3432 1391 3634 1442 voces,

2272 1453 2339 1508 Et
2369 1470 2626 1526 generum
2653 1458 2857 1529 linguas
2885 1461 3044 1527 unica
3072 1462 3250 1534 lingua
3277 1465 3461 1522 refert.

2113 1624 2119 1629 _
2203 1544 2374 1617 Erigit
2398 1549 2616 1618 exiguos
2644 1559 2731 1605 tua
2759 1552 3112 1608 muniﬁcentia
3137 1566 3384 1622 cunctos,

2280 1637 2348 1692 Et
2380 1638 2520 1706 quod
2548 1639 2642 1694 das
2670 1639 2900 1707 famulo,
2929 1644 3107 1698 credis
3134 1645 3186 1698 id
3212 1660 3332 1701 esse
3360 1655 3530 1703 tuutn.

2201 1727 2445 1794 Qualiter
2470 1727 2594 1784 hinc
2620 1729 2804 1785 itidem
2838 1741 2925 1786 tua
2953 1747 3015 1812 se
3042 1736 3310 1802 praeconia
3335 1738 3591 1804 tendunt,

2120 1796 2169 1855 Β
2271 1818 2466 1871 Laudis
2494 1827 2548 1873 et
2574 1818 2677 1874 hoc
2701 1823 2912 1875 cumulo
2939 1798 3172 1877 concutit
3199 1837 3341 1880 astra
3370 1827 3573 1897 fragor.

2200 1904 2296 1961 Cui
2327 1907 2484 1959 simul
2511 1921 2658 1960 arma
2687 1908 2896 1975 favent,
2924 1921 2976 1963 et
3003 1911 3176 1966 littera
3205 1924 3413 1968 constat
3435 1929 3626 1971 amore
3647 1957 3664 1981 ,

2268 1993 2403 2047 Hinc
2428 1993 2624 2048 virtute
2651 2005 2840 2063 potens
2859 2037 2875 2063 ,
2904 1997 3092 2052 doctus
3117 2010 3168 2053 et
3197 2001 3319 2057 inde
3343 2005 3546 2071 places.

2198 2083 2340 2139 Inter
2366 2094 2645 2156 utrumque
2670 2103 2830 2156 sagax
2853 2130 2867 2154 ,
2897 2092 3060 2145 armis
3084 2099 3136 2145 et
3156 2093 3276 2160 jure
3302 2095 3589 2164 probatus.

2266 2175 2494 2244 Belliger
2521 2177 2642 2231 hinc
2669 2178 2845 2232 radias
2865 2219 2880 2245 ,
2913 2179 3101 2248 legifer
3125 2181 3250 2238 inde
3273 2185 3459 2240 micas.

2193 2264 2269 2319 De
2306 2274 2501 2320 Virtute
2529 2275 2697 2334 pater,
2729 2278 3009 2336 reparatur
3031 2273 3318 2325 avunculus
3343 2288 3438 2328 ore
3457 2314 3474 2338 ,

2267 2353 2536 2408 Doctrina:
2563 2356 2737 2409 studio
2763 2357 2931 2410 vincis
2958 2367 3014 2411 et
3037 2373 3194 2412 omne
3222 2373 3410 2428 genus.

2195 2441 2427 2510 Regibus
2454 2445 2675 2512 aequali”,
2703 2445 2768 2500 de
2793 2449 3028 2502 carmine
3057 2449 3227 2519 major
3259 2451 3500 2519 tiaberis,

2263 2529 2516 2600 Dogmate
2546 2533 2625 2587 vel
2653 2534 2824 2602 qualis
2851 2551 2958 2590 non
2984 2536 3084 2590 luit
3109 2547 3232 2594 ante
3257 2555 3467 2610 parens.

2188 2619 2262 2674 Te
2283 2634 2427 2676 arma
2452 2620 2627 2677 ferunt
2653 2633 2692 2660 ω
2710 2626 2892 2694 generi
2918 2627 3145 2682 similem
3161 2673 3176 2698 ,
3201 2631 3295 2684 sed
3321 2633 3489 2688 littera
3515 2632 3771 2704 prafert.

2257 2711 2346 2767 Sic
2373 2722 2613 2792 veterum
2643 2731 2822 2783 regum
2851 2732 2945 2785 per
2972 2719 3128 2773 simul
3151 2764 3164 2785 ,
3188 2732 3343 2791 atque
3369 2728 3532 2792 prior.

2191 2802 2517 2858 Adtnirande
2543 2791 2672 2858 mihi
2700 2806 2918 2859 nimium
2949 2794 3039 2860 rex
3058 2849 3074 2873 ,
3101 2809 3250 2876 cujus
3277 2791 3453 2877 opime

2257 2899 2286 2926 ιι
2316 2891 2499 2945 Praelia
2527 2893 2686 2946 robur
2711 2895 2855 2962 agit,
2883 2898 3114 2950 carmina
3145 2899 3266 2952 lima
3295 2902 3444 2968 polit.

2193 2981 2418 3050 Legibus
2444 2998 2591 3038 arma
2617 2986 2758 3055 regis
2777 3027 2790 3050 ,
2821 2995 2874 3040 et
2899 2988 3041 3055 leges
3055 2981 3250 3061 dirigis
3277 2993 3461 3062 armis,

2253 3073 2396 3128 Artis
2423 3074 2640 3130 diversa:
2672 3076 2748 3130 sic
2774 3077 2925 3132 simul
2957 3079 3058 3133 itur
3081 3081 3198 3135 iter.

3121 3188 3131 3216 t

2187 3225 2595 3306 laudasse,_.ejus
2624 3227 3085 3306 vitianeticendo,
3125 3247 3205 3297 ac,
3240 3235 3284 3288 si
3314 3236 3439 3306 quid
3485 3248 3606 3294 erat
3639 3241 3764 3299 lau-

2187 3293 2291 3371 dis,
2323 3293 2710 3372 ampliﬁcando.
2741 3297 2961 3372 Difﬁcile
2999 3293 3214 3372 quippe,
3255 3293 3344 3356 vei
3392 3309 3528 3372 turpi
3562 3293 3618 3362 in
3640 3293 3762 3366 '65-

2180 3363 2345 3441 mine,
2373 3378 2474 3415 non
2504 3366 2712 3416 elucere
2738 3367 2944 3420 virtutis
2967 3363 3161 3437 aliquid
3192 3363 3332 3438 Quod
3372 3363 3578 3428 laudari
3628 3363 3760 3445 pos-

2180 3431 2270 3485 sit.

2252 3499 2275 3536 ¹ί
2317 3500 2661 3577 Cliilpericus,
2687 3503 2788 3577 etsi
2815 3505 2988 3560 minus
3032 3508 3274 3576 praestitit
3302 3509 3565 3577 doctrina,
3602 3529 3761 3570 eam-

2180 3571 2298 3626 dem
2330 3579 2502 3647 tat_n_en
2532 3571 2811 3647 affectavit,
2840 3590 2978 3642 cum,
3008 3571 3066 3631 u't
3095 3579 3256 3631 refert
3283 3578 3438 3647 Greg.
3468 3571 3627 3646 Tur.,
3658 3585 3758 3640 lib.

2179 3657 2236 3713 v_,_
2264 3655 2328 3713 _c.
2353 3709 2362 3713 Δ
2385 3641 2473 3713 45,
2505 3643 2589 3695 vel
2637 3641 3043 3713 theologicis'in
3074 3649 3231 3702 rebus
3275 3641 3552 3704 scientiam
3611 3641 3762 3709 inan

2177 3709 2693 3791 sibinvindicaverit:
2743 3709 2973 3791 quirem
3022 3717 3343 3791 ipa_uin_esae
3387 3719 3615 3786 Putrem,
3667 3725 3759 3791 qui

2176 3788 2248 3860 {st
2280 3777 2726 3860 Filiusg‘idemque
2746 3783 2911 3860 ipsum
2941 3777 3050 3835 esse
3077 3786 3326 3860 Spiritum
3355 3777 3614 3860 sanctum,
3650 3777 3748 3860 κίειί

2179 3843 2336 3922 Pater
2365 3857 2408 3896 et
2432 3843 2654 3922 ,Filiur,‘
2681 3864 2742 3922 ac
2766 3843 2955 3922 'vjoleus
2994 3864 3046 3904 ut
3078 3843 3133 3922 et
3159 3853 3380 3918 Cri-gor.
3425 3858 3536 3922 ipse
3568 3843 3752 3914 T'ui'o-F

2177 3914 2353 3993 nensis
2385 3924 2436 3968 et
2465 3915 2647 3983 reliqui
2679 3917 3028 3994 licclesiatjim
3058 3914 3308 3994 doctores
3337 3923 3385 3994 id
3434 3914 3574 3990 quod
3627 3929 3750 3994 ipse

2176 3987 2434 4064 sentirent
2483 3986 2878 4064 accrederent.‘
2916 3989 3225 4064 Quanquam
3264 3992 3330 4064 ab
3363 3986 3461 4064 hac
3494 3986 3749 4064 amentia

2175 4055 2634 4136 posteatdelstitit.’
2663 4056 2802 4111 ldcm
2860 4058 2948 4136 (ut'
2987 4055 3380 4136 refertibidem
3427 4055 3750 4136 Gregorius)

2178 4122 2394 4189 Scripsit
2414 4126 2729 4195 ratioaulibros
2758 4122 3012 4192 versibus,
3030 4133 3171 4195 quasi
3194 4131 3466 4183 Sedulium
3493 4122 3748 4188 secutus?

2176 4195 2266 4244 sed
2291 4193 2523 4243 versiculi
2553 4193 2626 4245 illi
2658 4197 2785 4246 nulli
2831 4193 3274 4260 pi'nitus’m‘etrica:
3319 4203 3624 4255 conveniunt
3658 4221 3749 4255 ra-

2176 4260 2319 4314 tioni.
2347 4261 2555 4330 Addidit
2585 4272 2751 4312 autem
2777 4271 2822 4312 et
2866 4264 3057 4315 litteras
3107 4266 3284 4318 litteris
3328 4271 3533 4330 nostris,
3579 4274 3641 4322 id
3673 4283 3748 4324 ut

2175 4353 2215 4382 ω
2238 4370 2253 4393 ,
2285 4332 2411 4382 sicut
2436 4329 2596 4380 στιρεὶ
2631 4331 2830 4400 habent,
2863 4346 2927 4394 αῖ,
2966 4334 3065 4397 the,
3094 4335 3194 4394 τιυὶ.
3225 4350 3435 4400 quarum
3469 4329 3741 4391 characte~

2175 4414 2256 4474 res
2286 4399 2688 4474 subscripsimus.
2816 4411 2929 4453 sunt
2981 4425 3019 4454 ω
3046 4403 3084 4472 ψ
3127 4398 3244 4474 ΖνΔζ
3277 4401 3342 4453 Ει
3375 4405 3510 4455 misit
3537 4409 3745 4474 episto-

2096 4472 2149 4534 D
2174 4469 2252 4520 las
2292 4471 2344 4520 in
2391 4470 2649 4540 universas
2681 4469 2900 4524 civitates
2930 4469 3071 4540 regni
3101 4473 3198 4536 sui,
3227 4483 3280 4523 ut
3309 4473 3382 4523 sic
3409 4469 3746 4538 ptimum-

2172 4549 2361 4613 rentur,
2416 4553 2476 4590 ac
2533 4537 2659 4613 libri.
2693 4537 3215 4613 antiquitusjscripti,
3269 4537 3467 4613 planali
3515 4548 3744 4613 pumice,

2165 4607 2570 4680 “scriberentur.
2617 4606 2821 4660 Narrat
2849 4611 3090 4680 eamdem
3125 4606 3278 4665 'renr
3302 4606 3606 4680 Aitnoin'us,
3647 4606 3741 4672 lib.

2166 4690 2223 4748 ttt
2250 4679 2400 4748 _llist.
2447 4674 2676 4748 [rauca
2721 4691 2837 4746 cap.
2887 4678 2975 4734 41.
3009 4681 3235 4734 Litteras
3268 4694 3398 4734 vero
3446 4674 3744 4748 alpliabeto

2164 4746 2368 4820 additas
2389 4761 2415 4797 a
2437 4743 2735 4820 Chilperico
2755 4743 2870 4802 esse
2894 4753 2968 4802 ait
2988 4772 3052 4820 χ,
3085 4752 3173 4816 ch,
3191 4753 3232 4820 76
3258 4749 3333 4820 tu,
3362 4773 3392 4820 φ
3417 4743 3516 4815 ptri
3537 4753 3645 4806 Sed
3675 4755 3744 4808 de

2164 4815 2268 4867 illis
2299 4816 2507 4876 litteris,
2540 4824 2591 4866 et
2620 4815 2848 4882 ipsarum
2881 4815 3165 4882 varietate,
3187 4819 3237 4870 in
3266 4815 3390 4869 Mss.
3420 4821 3616 4872 videsis
3645 4837 3742 4875 no-

2164 4887 2330 4954 tascl.
2356 4884 2508 4954 Ruin.
2530 4883 2578 4935 in
2605 4881 2760 4952 Greg.
2786 4886 2909 4938 Tur.
2937 4889 3029 4939 lib.
3053 4881 3247 4954 v,‘cap.
3274 4884 3361 4946 45,
3386 4886 3519 4939 llist.
3545 4888 3738 4944 [-‘ranc.

2245 4953 2258 4989 ι
2308 4954 2444 5005 Edit.
2479 4953 2667 5013 Paris,
2709 4957 2817 5006 sed.

2237 5033 2271 5058 ω
2303 5022 2448 5076 Unus
2477 5020 2605 5073 Cod.
2642 5022 2783 5086 Vat.,
2809 5024 3003 5092 generis
3031 5025 3265 5078 similem.

2231 5101 2257 5129 ’³
2299 5091 2594 5164 Aimoinus,
2633 5092 2725 5164 lih.
2755 5091 2897 5145 uide
2928 5092 3101 5148 Cestis
3131 5095 3342 5161 Franc.,
3376 5112 3491 5164 cap.
3530 5099 3613 5156 16,
3648 5113 3731 5150 re-

2164 5163 2268 5218 fert
2299 5176 2524 5230 sequeus
2553 5161 2904 5232 Epigramma.
2931 5173 3175 5232 tauquam
3200 5182 3227 5217 a
3255 5161 3559 5230 Chilperico
3585 5180 3728 5231 rege,

2165 5236 2216 5287 in
2251 5235 2459 5286 laudem
2491 5233 2657 5302 sancti
2685 5230 2952 5298 Germani,
2981 5230 3212 5302 episcoiii
3248 5233 3584 5295 Parisiensis.
3617 5230 3732 5289 cill-

2169 5305 2466 5367 cubratum,
2499 5301 2636 5368 quod
2662 5303 2738 5356 sic
2768 5303 2922 5358 habet
2951 5322 2964 5354 :
3022 5301 3026 5302 “
3167 5301 3175 5302 '
3671 5318 3682 5323 -

2253 5425 2482 5476 Ecclesiae
2505 5424 2770 5485 speculum,
2797 5432 2892 5485 pati
2907 5425 2964 5472 is:
2983 5425 3140 5484 vigor,
3168 5436 3247 5469 ara
3270 5434 3480 5482 reorum,

2317 5487 2372 5535 Et
2394 5493 2549 5546 pater,
2571 5496 2614 5532 et
2638 5489 2872 5549 medicus,
2894 5494 3071 5549 pastor,
3099 5495 3327 5549 amorque
3348 5490 3535 5549 gregis.

2255 5545 2526 5598 Germanus
2552 5549 2744 5601 virtute,
2771 5546 2881 5602 lidc,
2907 5545 3072 5601 corde,
3101 5557 3206 5603 ore,
3235 5545 3428 5604 beatus,

2291 5613 2468 5657 'Carne
2494 5615 2630 5672 tenet
2654 5607 2901 5672 tumulum,
2930 5609 3103 5672 mentis
3129 5605 3310 5672 honore
3335 5609 3522 5672 polum,

2255 5669 2355 5720 Vir.
2383 5673 2458 5717 cui
2478 5671 2595 5716 dura
2620 5666 2736 5715 nihil
2761 5666 3398 5729 nocuerurufatasepuleri,

2321 5729 2447 5778 Vixit
2467 5733 2614 5788 enim,
2638 5739 2744 5775 nam
2768 5739 2894 5775 mors
2915 5741 3059 5788 quem
3085 5728 3192 5778 tulit
3217 5728 3314 5789 ipsa
3340 5733 3480 5779 timet
