3822 6378
121 428 199 484 291
1240 400 1731 485 bllSCELLANEA.
1766 385 1839 471 -ζ
1873 429 2004 486 ua.
2044 427 2132 486 Ix.

118 538 307 592 Discere
331 539 376 591 si
404 546 571 606 posStt
588 578 604 603 ,
632 546 825 602 rector,
856 548 942 592 tua
969 536 1173 606 singula
1202 532 1434 607 quisquis
1452 582 1467 605 ,
1672 540 1729 600 Δ

170 627 430 682 Ornarent
455 627 638 695 plures
656 668 671 691 ,
702 642 819 695 quae
845 628 981 681 bona
1004 628 1150 681 solus
1176 628 1308 696 agis.

116 716 199 771 Sed
218 725 401 773 tamen
426 718 538 771 haec
559 725 838 779 maneant.
861 726 917 771 et
938 726 1183 771 crescant
1206 733 1453 788 prospera
1477 716 1649 781 vobis,

180 806 245 860 Et
270 806 429 861 liceat
458 805 597 861 solio
620 806 998 876 multiplicante
1024 805 1123 861 l‘rui
1146 845 1161 870 ,
1500 854 1503 859 λ

113 895 335 966 Conjuge
360 910 481 950 cum
506 897 714 964 propria
733 937 748 961 ,
775 912 893 966 quae
917 912 1134 967 regnum
1163 896 1401 950 moribus
1425 906 1614 965 ornat,

171 988 434 1057 Principis
461 997 514 1043 et
540 989 752 1043 culmen
783 989 1089 1058 participata
1120 989 1274 1057 regit.

117 1088 138 1115 ι
161 1076 381 1133 Provida
405 1079 639 1133 consiliis
657 1119 673 1142 ,
700 1079 867 1132 solers
895 1087 1047 1132 cauta
1068 1076 1253 1143 ,_utilis
1277 1078 1411 1133 aulte
1427 1116 1442 1142 ,

174 1164 389 1235 ingenio
417 1167 644 1234 pollens,
674 1180 894 1221 munere
923 1168 1066 1234 larga
1091 1170 1326 1235 placens.

113 1257 361 1312 Omnibus
386 1258 657 1313 excellens
686 1250 885 1311 meritis
906 1297 921 1320 ,
952 1255 1319 1325 Fredegundis
1335 1269 1507 1323 optma

174 1346 344 1415 Atque
369 1360 560 1400 serena
591 1360 687 1399 suo
715 1343 877 1414 fulget
906 1346 972 1398 ab
999 1358 1092 1399 ore
1120 1344 1253 1397 dies.

118 1435 265 1502 Regia
296 1450 486 1505 magna
514 1434 671 1489 nimis
690 1476 706 1499 ,
730 1448 976 1489 curarum
1007 1432 1238 1501 pondera
1264 1442 1480 1501 portans
1499 1473 1513 1499 ,

174 1528 243 1581 Te
270 1527 515 1583 bonitate
536 1528 718 1583 colens
738 1567 754 1593 ,
786 1528 1014 1582 utilitate
1032 1526 1255 1597 juvans.

110 1614 219 1680 Qua
236 1618 434 1683 pariter
462 1626 634 1671 tecum
661 1618 967 1672 moderante
993 1604 1189 1685 palatia
1215 1622 1499 1679 crescunt,

174 1706 330 1775 Cujus
354 1715 409 1761 et
433 1708 633 1760 auxilio
662 1708 811 1761 ﬂoret
841 1708 1042 1761 honore
1068 1709 1278 1763 domus.

111 1798 358 1864 Quaereris
384 1799 521 1857 unde
550 1799 668 1853 viro
692 1799 1027 1865 duplicentur
1054 1807 1176 1851 vota
1201 1798 1418 1867 salutis,

183 1888 245 1942 Et
274 1887 365 1942 tibi
392 1888 691 1943 mercedem
718 1884 744 1925 δ
771 1889 838 1941 de
865 1886 1185 1956 Hadegunde
1211 1888 1354 1942 iacit.

124 1982 244 2046 Quae
273 1980 473 2035 meritis
500 1981 724 2048 pmpriis
752 1978 960 2049 effulget
989 1979 1154 2048 gloria
1179 1981 1319 2050 regis
1338 2019 1355 2047 ,

189 2068 254 2125 Et
282 2073 462 2140 regina
489 2086 586 2125 suo
613 2070 746 2125 facta
775 2087 969 2127 corona
996 2074 1131 2129 viro.

112 2161 369 2232 Tempore
394 2163 495 2217 sub
521 2162 676 2232 longo
704 2163 816 2219 hac
844 2173 895 2218 te
924 2164 1091 2227 [ructu
1122 2177 1145 2205 ο
1172 2166 1337 2236 prolis
1361 2167 1626 2236 honoret,
1710 2148 1722 2167 ί

178 2252 375 2323 Surget
399 2262 454 2309 et
484 2254 605 2308 inde
632 2268 818 2325 nepos,
846 2265 901 2309 ut
926 2258 1203 2312 renoveris
1226 2271 1378 2311 avus.

114 2346 248 2413 Ergo
276 2344 517 2401 Creatori
546 2345 804 2402 referatur
826 2348 991 2416 gratia
1019 2348 1206 2419 digne,

176 2434 241 2488 Et
268 2436 413 2503 cole,
442 2452 566 2500 rex.
595 2453 769 2506 regem
795 2440 880 2507 qui
910 2440 999 2493 tibi
1030 2440 1228 2509 praebet
1255 2454 1435 2509 opem.

109 2525 132 2559 ⁸
164 2524 228 2579 Ut
251 2535 460 2589 servet,
488 2529 823 2598 cumuletque
847 2533 1039 2585 bonum
1065 2548 1079 2597 ;
1109 2546 1230 2586 nam
1253 2542 1430 2587 rector
1458 2529 1524 2586 ab
1560 2528 1670 2585 alto

176 2615 368 2671 Omnia
396 2616 543 2670 solus
574 2618 762 2681 habet,
787 2620 873 2686 qui
902 2620 997 2673 tibi
1024 2624 1187 2675 multa
1219 2623 1383 2676 dedit.

112 2707 183 2761 Da
209 2708 425 2764 veniam
442 2747 460 2773 ,
487 2707 674 2773 victor,
707 2717 791 2761 tua
821 2724 905 2762 me
932 2712 1195 2777 praeconia
1222 2710 1471 2776 vincunt,

182 2801 296 2857 Hoc
326 2814 557 2873 quoque,
588 2799 730 2869 quod
758 2814 1003 2868 superor,
1035 2799 1092 2854 ﬁt
1118 2800 1210 2855 tibi
1239 2801 1409 2871 major
1436 2804 1626 2855 honor.

114 2892 375 2948 Parvulos
398 2904 524 2963 opto
555 2900 764 2967 tamen,
797 2892 873 2947 sic
905 2902 929 2927 θ
958 2908 1207 2963 prospera
1237 2904 1355 2948 vota
1381 2891 1634 2949 secundet

181 2981 255 3037 Ut
284 2983 503 3038 veniant
528 2986 687 3039 terris
711 2982 825 3038 hate
854 2984 934 3052 pia
965 2985 1100 3037 dona
1129 2984 1287 3053 polis.

113 3076 248 3128 Aera
275 3074 536 3143 temperie
560 3074 770 3128 faveant
797 3074 928 3141 tibi,
964 3085 1198 3143 tempora
1226 3091 1353 3144 pace

173 3163 444 3235 Frugibus
468 3178 597 3218 arva
625 3166 853 3231 micent,
884 3164 1081 3220 ftedera
1109 3179 1268 3235 regna
1299 3165 1477 3234 ligent.

114 3258 131 3297 ί
162 3258 441 3315 Edomites
468 3271 686 3324 omnes,
716 3257 913 3313 tuearis
940 3271 1120 3312 amore
1146 3255 1361 3321 ﬁdeles,

174 3353 265 3407 Sis
290 3366 500 3422 quoque
525 3350 799 3407 catholicis
826 3350 1116 3418 relligionis
1142 3364 1296 3419 apex.

110 3442 368 3498 Summus
395 3443 567 3499 honor
592 3444 736 3514 regis
752 3483 769 3511 ,
800 3457 894 3513 per
921 3456 1074 3511 quem
1099 3442 1365 3496 donantur
1388 3439 1615 3497 honores
1631 3482 1649 3511 ,

172 3531 274 3586 Cui
302 3534 536 3601 longaeva
560 3533 676 3588 dies
701 3541 943 3597 constet,
970 3542 1023 3586 et
1049 3534 1186 3585 alma
1216 3531 1366 3587 tldes.

102 3618 339 3689 legibus
359 3634 545 3674 aurum
568 3621 692 3686 alii,
716 3630 807 3674 aut
825 3635 1152 3689 gemmarum
1207 3634 1424 3675 munera
1442 3622 1664 3691 solvant,

182 3711 261 3768 De
290 3709 582 3766 Fortunato
608 3723 842 3779 paupere
867 3710 1026 3763 verba
1053 3723 1204 3777 cape.

194 3845 365 3897 Crevit
384 3844 541 3907 adhuc
561 3846 718 3907 potius
734 3843 901 3895 Justus
924 3852 1030 3907 post
1050 3844 1217 3893 funera
1231 3882 1247 3905 ,
1274 3856 1382 3895 nam
1404 3844 1489 3907 qui

264 3906 445 3958 Fietile
468 3920 551 3956 vas
572 3911 728 3956 luerat
749 3906 940 3969 gemma
963 3908 1171 3969 superba
1188 3912 1347 3969 micat.

190 3969 356 4031 Hujus
371 3980 517 4031 opem
540 3981 597 4017 ac
618 3968 842 4018 meritum
867 3970 1013 4031 mutis
1022 3968 1137 4031 dare
1158 3968 1605 4031 verbavloquuntur,

178 4064 194 4090 η
259 4029 499 4079 Redditus
523 4036 577 4078 et
594 4032 734 4090 caecis
758 4029 977 4090 praedicat
994 4042 1079 4090 ore
1105 4030 1228 4076 dies.

187 4089 339 4140 Nunc
361 4092 436 4138 vir
454 4088 744 4150 apostolicus
760 4088 957 4150 rapiens
974 4089 1037 4135 de
1059 4101 1204 4150 carne
1227 4095 1482 4150 tropaum,

268 4150 391 4199 Jure
412 4147 685 4209 triumphali
708 4148 921 4196 considet
946 4159 1056 4196 arce
1081 4148 1190 4208 poli.
1234 4188 1237 4193 ,

94 4233 175 4289 Cl.
234 4232 538 4296 Iabillon.,
585 4231 637 4285 in
694 4228 834 4301 notis
877 4229 941 4283 ad
984 4228 1153 4282 Vitam
1200 4233 1367 4286 sancti
1421 4229 1671 4287 Germani

90 4318 225 4361 saec.
251 4319 271 4359 ι
317 4302 540 4365 Βθιιεάη
575 4301 795 4370 hujusce
822 4302 1078 4367 poematis
1104 4315 1289 4355 versus
1317 4302 1669 4370 elegantiores

91 4384 149 4430 et
169 4373 480 4429 ornatiores
505 4372 712 4437 videns,
736 4385 892 4439 quam
918 4382 969 4423 ut
994 4386 1022 4423 a
1049 4370 1346 4439 Chilperico
1367 4371 1667 4427 elucubrari

94 4453 350 4510 possent,
403 4442 647 4507 opinatur
698 4444 763 4494 ab
823 4440 1064 4493 Aimoino
1111 4442 1324 4495 eosdem
1407 4444 1668 4509 expolitos

89 4516 292 4569 fuisse.
327 4517 394 4565 At
424 4512 701 4565 Brovverus
722 4524 823 4562 non
864 4510 1070 4561 dubitat
1102 4510 1225 4564 illos
1251 4510 1549 4577 Chilperico
1572 4511 1666 4563 ab-

90 4560 777 4659 igatis};agitatas.
824 4577 1111 4658 autin...
1149 4560 1662 4659 είῖιέτ-ά-υῑρβεςειξ-
1687 4560 1742 4619 D

109 4668 201 4704 um
250 4650 619 4715 et.ingeniunt
657 4660 842 4716 sapere
886 4645 1189 4701 existitnat.‘
1229 4650 1473 4702 Brovvero
1510 4645 1665 4703 facile

89 4720 180 4775 vel
213 4721 340 4789 ipse
381 4720 663 4789 assentior,
712 4716 998 4789 prgt'sertim
1042 4732 1161 4770 cum
1206 4717 1520 4789 Fortunatus
1562 4717 1663 4789 alia

86 4786 262 4845 etiam
296 4787 558 4853 carmina,
580 4787 800 4841 alterius
821 4786 1035 4840 nomine
1058 4800 1117 4840 ac
1141 4797 1345 4857 rogatu,
1368 4788 1661 4855 scripserit,

84 4870 148 4913 ut
176 4860 322 4916 alibi
368 4859 651 4912 innuimus.

162 4942 189 4968 ⁸
238 4937 332 4984 An
360 4929 440 4998 ha:
487 4928 666 4982 laudes
695 4935 818 4998 apte
846 4927 1173 4996 Fredegundi
1219 4927 1552 4998 conveniant,
1580 4924 1666 4995 ju-

82 5002 286 5055 dicent
318 4997 408 5066 qui
440 4995 770 5065 illius,vitatn
816 5007 869 5051 et
920 4995 1161 5053 facinora
1184 5012 1401 5051 novere.
1431 4995 1506 5051 Ea
1540 5012 1667 5051 vero

82 5067 419 5138 Cujusmodi
455 5068 673 5138 sinttet
720 5084 817 5122 nos
841 5082 981 5135 saepe
1010 5066 1378 5138 indicavimus,
1408 5078 1458 5121 et
1489 5067 1667 5121 videre

81 5136 174 5192 est
202 5138 359 5206 apud
383 5136 544 5205 Greg.
575 5137 772 5191 Toron.
799 5137 1015 5205 passim,
1045 5138 1094 5188 in
1123 5136 1253 5189 Hist.
1284 5136 1497 5199 Franc.,
1529 5138 1666 5206 apud

84 5204 439 5271 Aimoinum,
468 5204 523 5260 et
550 5206 682 5257 alios
720 5222 893 5259 rerum
926 5206 1162 5259 Francic.
1205 5207 1508 5272 scriptores.
1545 5204 1666 5258 Haec

80 5272 286 5343 itaque
320 5276 637 5329 Fortunatus
664 5274 729 5327 ad
770 5286 976 5342 tempus
1021 5274 1292 5341 scripsisse
1322 5275 1665 5343 magisgqnam

80 5343 155 5396 ad
182 5341 382 5398 rerum
408 5346 680 5401 veritatem
709 5341 934 5404 videtur.
966 5359 1027 5395 ac
1048 5344 1202 5405 forte,
1237 5357 1341 5408 quo
1368 5341 1667 5410 Fredegun-

80 5413 171 5465 dis
205 5409 449 5467 animutr
472 5461 482 5481 ,
508 5416 559 5467 in
583 5414 890 5481 Gregorium
918 5412 1279 5464 Turonensent
1305 5409 1665 5466 vehementius

82 5481 411 5547 incensum,
443 5484 658 5548 lenit\:t,
680 5480 742 5537 ac
767 5481 1047 5550 mitigaret,
1070 5480 1269 5534 idcirco
1289 5494 1405 5533 eam
1425 5481 1667 5536 laudasse

80 5554 406 5617 impetratos
440 5568 596 5617 quam
628 5555 893 5607 VquiSset.
1196 5596 1253 5617 ,ἢ

237 5618 472 5673 Videtur
524 5626 624 5675 hoc
678 5623 797 5675 loco
844 5621 1075 5675 indicare
1123 5618 1440 5677 Fortunatus
1470 5620 1667 5676 Frede-

78 5693 339 5763 pnwletn
359 5687 601 5763 conjugis
630 5694 709 5744 sui
737 5706 827 5746 res
845 5706 907 5746 ac
930 5694 1150 5745 salutem
1182 5690 1515 5759 ltadegundis
1550 5705 1668 5760 pre-

78 5757 240 5820 iihne
274 5757 708 5811 commendasse.

156 5850 175 5873 ι
228 5827 583 5897 αιιλιρειιὶευε
607 5826 742 5881 duos
764 5830 869 5896 jam
914 5833 1225 5899 superstites
1272 5832 1493 5892 habebat
1526 5835 1665 5895 libe-

386 5923 659 5985 Pnnoc.
702 5918 1110 5985 LXXXVIII.

3206 427 3311 482 298

2371 548 2593 612 CAPUT
2632 554 2696 611 ll.

1907 724 1933 762 ε
1970 713 2049 767 Ad
2081 712 2418 781 Chilpericnm
2454 727 2621 781 regem
2659 717 2705 763 et
2755 678 3165 780 Fredegundem'

2404 817 2648 871 reginam.

1757 952 1997 1010 [Poenam
2028 955 2155 1026 Adae
2182 962 2236 1011 et
2261 954 2441 1020 Hevaa,
2472 972 2502 1010 a
2546 955 2735 1025 quibus
2759 954 3009 1025 peccandi
3037 957 3184 1026 origo
3215 972 3315 1013 ex-

1823 1026 1975 1091 stitit,
2026 1024 2279 1080 inﬂictam
2333 1024 2735 1092 commemorat,
2766 1024 2839 1080 et
2895 1027 3015 1079 inde
3060 1024 3306 1083 in'mise

1830 1109 1941 1147 ram
1973 1096 2172 1159 prolem
2205 1102 2430 1159 mortem
2471 1096 2543 1147 ait
2588 1096 2749 1150 fuisse
2792 1107 3172 1163 propagatatn;
3208 1108 3319 1151 tum

1828 1164 2012 1216 mortis
2045 1164 2208 1230 ipsius
2238 1165 2608 1218 necessitatem
2637 1179 2699 1218 ex
2733 1174 2940 1231 patrum
2969 1166 3057 1232 qui
3078 1174 3202 1218 ante
3229 1165 3319 1219 de-

1826 1243 2100 1287 Cesserunt
2144 1233 2385 1299 exemplo
2432 1233 2729 1287 conﬁrmat.
2783 1234 2913 1285 llinc
2939 1250 3065 1302 vero
3109 1235 3320 1302 Chilpe-

1827 1304 1920 1356 rici
1942 1302 2200 1366 dolorem,
2229 1316 2385 1370 quem
2414 1318 2475 1355 ex
2497 1303 2688 1357 acerbo
2717 1302 2945 1356 filiorum
2974 1300 3159 1356 funere
3188 1300 3320 1356 con-

1828 1379 2061 1440 ceperat,
2093 1373 2414 1435 consolatur,
2448 1372 2577 1424 nihil
2610 1372 2859 1440 prodesse
2884 1372 3144 1440 lacrymas
3172 1374 3319 1425 al‘lir-

1833 1456 1986 1495 mans
2008 1443 2072 1493 ad
2096 1443 2285 1495 charos
2319 1441 2387 1495 ab
2413 1440 2593 1494 inferis
2625 1441 2967 1496 revocandos.
3002 1441 3158 1495 Addit
3184 1440 3319 1497 lines
3414 1468 3421 1479 ι

1832 1514 2084 1579 cujusque
2112 1513 2231 1563 vita:
2259 1512 2359 1564 rite
2402 1509 2714 1569 constitutos
2740 1526 2768 1564 a
2811 1511 2921 1564 Deo
2948 1510 3129 1575 fuisse,
3162 1520 3323 1578 atque

1831 1580 2074 1635 eumdem
2104 1580 2361 1646 homines,
2399 1590 2646 1647 tanquam
2676 1595 2823 1643 vasa,
2865 1580 3168 1647 eﬂ‘ringere,
3197 1596 3320 1635 cum
3364 1634 3367 1636 .

1833 1649 2080 1704 lubuerit.
2100 1649 2366 1715 :Eutndem‘
2394 1649 2631 1701 hortatur
2659 1649 2726 1701 ad
2765 1652 2904 1702 hunc
2944 1650 3184 1703 dolorem
3216 1650 3325 1703 for-

1834 1720 1953 1773 titer
1981 1718 2272 1789 ferendum,
2326 1732 2389 1770 ac
2435 1716 3149 1789 solandatniFgredegundem
3178 1719 3323 1789 regi-

1832 1802 1978 1855 nam,
2010 1788 2235 1841 ﬁliorum
2265 1802 2454 1841 necem
2475 1789 2666 1840 acriter
2705 1786 3010 1840 deﬂentem.
3060 1786 3319 1853 Exemplo

1796 1850 1811 1873 ‘
1833 1850 2219 1923 Job,'Davidis,
2264 1870 2318 1911 et
2356 1858 2539 1910 matris
2568 1855 2990 1910 Machahmoruut
3022 1850 3244 1921 suadet,
3260 1865 3321 1910 ut

1833 1930 2024 1998 gratiae
2045 1931 2219 1995 ponus
2262 1942 2511 1996 supremo
2537 1927 2646 1981 Deo
2685 1935 2928 1995 agantur,
2963 1927 3100 1994 quod
3139 1928 3325 1980 inson-

1835 1997 1917 2053 tes
1971 2013 2166 2067 pueros
2220 1998 2495 2051 immatura
2541 2007 2723 2067 morte
2766 1997 3128 2067 praeripuerit;
3163 2007 3322 2067 atque

1832 2067 1958 2121 inde
1980 2066 2140 2120 etiam
2173 2078 2423 2133 parentes.
2443 2066 2749 2119 consolandi
2773 2066 3107 2118 occasionem
3137 2066 3319 2129 sumit,

1832 2137 1971 2205 quod
2009 2137 2139 2188 illi-a
2172 2150 2322 2187 sacro
2355 2133 2849 2205 baptismiJlavacro
2884 2135 3000 2201 puri
3043 2134 3129 2205 adi
3153 2136 3323 2190 Deum

1832 2202 2191 2274 titigraveriut,
2222 2217 2447 2267 superna
2481 2202 2818 2274 infelicitate
2843 2204 3071 2274 locantli.
3107 2204 3320 2258 Postre-

1834 2271 1930 2330 mo
1963 2290 2163 2415 novant]
2182 2274 2370 2329 iisdem
2416 2272 2654 2328 sobolem
2702 2273 2754 2326 in
2809 2271 2978 2327 locum
3026 2272 3323 2328 demortua

1835 2357 2139 2415 auguratur.
2789 2408 2797 2415 _

1835 2357 2139 2416 auguratur.

1767 2523 1965 2589 Aspera
1995 2520 2248 2586 conditio,
2271 2531 2324 2575 et
2353 2534 2469 2575 sors
2500 2520 2860 2577 irrevocabilis
2885 2522 3052 2589 horae,

1838 2614 1987 2678 Quod
2024 2614 2206 2682 generi
2236 2614 2467 2667 humano
2491 2610 2518 2649 δ
2544 2608 2705 2668 tristis
2752 2616 2903 2683 origo
2932 2615 3112 2670 dedit:

1764 2701 1895 2758 Cum
1926 2703 2150 2775 suadens
2177 2704 2389 2757 coluber
2426 2704 2646 2772 projecit
2674 2706 2740 2758 ab
2768 2719 2862 2758 ore
2894 2722 3179 2773 venenum,

1837 2796 2015 2851 Morsu
2043 2806 2097 2851 et
2125 2795 2387 2865 serpentis
2412 2810 2557 2849 mors
2588 2794 2687 2849 fuit
2713 2796 2817 2849 Eva
2851 2810 3072 2875 nocens.

1766 2889 2003 2959 Snmpsit
2032 2890 2100 2943 ah
2139 2890 2256 2957 ipso
2282 2906 2345 2945 ex
2378 2899 2503 2945 tunc
2526 2889 2691 2942 Adam
2719 2898 2867 2957 patre
2899 2896 3036 2943 terra
3066 2890 3327 2960 dolorem.

1841 2984 1908 3037 Et
1935 2983 2003 3037 de
2035 2994 2205 3038 matre
2232 2998 2472 3053 gemens,
2502 2982 2728 3037 mundus
2753 2995 2931 3038 amara
2958 2986 3117 3053 capit.

1768 3077 2174 3133 Prtevaricando
2202 3074 2310 3131 duo
2339 3078 2532 3146 probro
2553 3074 2869 3129 damnantur
2899 3077 3113 3144 acerbo,

1840 3168 1933 3222 llle
1962 3167 2143 3222 labore
2171 3167 2333 3233 dolet,
2362 3168 2475 3222 haec
2503 3167 2809 3236 generando
2836 3169 3019 3235 gemit.
3294 3226 3299 3231 ,

1772 3258 1914 3315 Mors
1942 3258 2234 3314 venit'inde
2262 3273 2447 3323 vorax,
2484 3259 2793 3313 transmissa
2825 3260 3103 3328 nepotibus
3144 3260 3295 3331 ipsis,

1843 3352 2200 3422 Htcredesque
2220 3368 2345 3407 suos
2377 3352 2515 3408 tollit
2541 3356 2689 3422 origo
2718 3368 2935 3408 nocens.

1770 3446 1914 3501 Ecce
1938 3446 2036 3500 hoc
2062 3446 2209 3500 triste
2238 3445 2387 3500 nefas
2411 3446 2565 3500 nobis
2588 3460 2821 3515 genuere
2852 3456 3133 3514 parentes:

1810 3579 1812 3582 μ
1841 3538 2064 3606 Ceperat
2086 3538 2227 3591 unde
2255 3538 2420 3603 prius,
2448 3536 2569 3589 hinc
2600 3536 2706 3589 ruit
2734 3544 2895 3588 omne
2922 3551 3109 3604 genus.

1769 3622 1979 3684 Primus
2012 3628 2141 3681 Abel
2166 3626 2375 3692 cecidit,
2421 3626 2720 3680 miserando
2748 3625 2966 3680 vulnere
2994 3642 3181 3694 caesus,

1841 3720 1916 3774 Ac
1947 3717 2176 3771 fraterna
2204 3715 2303 3771 sibi
2342 3714 2593 3771 sarcula|
2631 3714 3101 3795 membraiodent.
3150 3726 3151 3729 ‘

1771 3864 1884 3916 ros,
1913 3863 2045 3917 (luos
2071 3863 2102 3903 e
2139 3847 2486 3918 Fredegunde
2533 3857 2858 3915 susceperat,
2890 3847 3243 3916 Dagobertum
3273 3858 3327 3905 et

1771 3919 2169 3990 Clodobertum,
2214 3918 2402 3987 quibus
2450 3919 2603 3990 paulo
2652 3929 2769 3990 post
2797 3919 3206 3990 Brinnacensem
3236 3936 3326 3990 sy-

1770 3988 1964 4042 nodum
2004 3989 2217 4041 orbatus
2262 3996 2364 4047 est,
2409 4001 2511 4039 non
2554 3987 2670 4039 sine
2717 3986 2926 4040 vindice
2976 3988 3219 4052 Nuuiine,
3265 3986 3335 4044 ἰιι

1770 4057 1869 4125 legi
1896 4066 2064 4124 potest
2090 4056 2226 4123 apud
2259 4052 2413 4125 Greg.
2439 4054 2589 4118 Tur.,
2632 4054 2723 4108 lib.
2759 4070 2809 4118 ν,
2843 4070 2892 4109 c.
2920 4056 3008 4119 51,
3039 4064 3091 4109 et
3120 4071 3181 4110 ex
3206 4072 3322 4125 seq.

1770 4128 2004 4179 carmine
2050 4125 2270 4193 patebit.

1840 4192 1867 4233 ἀ
1907 4192 2061 4249 Είιίιζ
2081 4194 2271 4257 Paris.,
2317 4194 2447 4249 Hoc.
3210 4244 3217 4249 ,

1845 4273 1868 4300 ε
1908 4265 2085 4337 Brow.
2117 4263 2330 4337 corrigit
2358 4266 2444 4335 pia
2486 4274 2601 4320 uola
2638 4268 2945 4330 secundent;
2994 4266 3085 4322 sed
3113 4268 3329 4337 hujusce

1770 4336 2153 4392 emendatiOnis
2177 4336 2303 4388 nihil
2341 4346 2559 4404 apparet
2587 4337 2637 4389 in
2665 4337 2786 4390 Mss.
2823 4337 2940 4391 Vat.

1846 4404 1867 4444 ί
1911 4407 2055 4461 Unus
2079 4406 2210 4459 Cod.
2240 4405 2357 4459 Vat.
2408 4406 2471 4458 Et
2503 4406 2712 4461 dontites
2742 4414 2933 4457 omnes.

1844 4485 1868 4523 ες
1901 4477 2033 4529 Huic
2081 4476 2312 4543 poemati
2367 4476 2637 4528 Fabricius
2695 4489 2886 4526 nomen
2945 4474 3136 4527 indidit
3184 4492 3198 4529 :
3255 4475 3331 4527 De

1770 4546 2021 4599 communi
2048 4545 2271 4596 omnium
2301 4546 2626 4605 mortalitate.
2664 4543 2878 4610 Legitur
2920 4544 3044 4595 illud
3078 4543 3127 4594 in
3157 4546 3319 4597 duob.

1766 4616 1933 4669 Codd.
1977 4613 2115 4675 Vat.,
2138 4614 2325 4677 quibus
2353 4615 2453 4665 huc
2481 4628 2644 4679 usque
2675 4617 2751 4667 usi
2783 4626 2983 4674 sumus,
3023 4621 3077 4663 et
3106 4615 3155 4665 in
3198 4629 3318 4676 per-

1766 4686 1980 4753 autiquo
2024 4681 2145 4743 alio,
2178 4681 2398 4753 seorsim
2422 4682 2684 4753 aqcaeteris
2717 4680 2988 4753 Fortunaﬁ
3036 4681 3316 4749 Operibus,

1765 4750 2012 4805 cum—hac
2040 4751 2376 4813 inseriptione
2402 4767 2415 4804 :
2446 4751 2710 4821 Incipiunt
2747 4769 2918 4806 versus
2944 4750 3165 4804 Fortun.
3212 4756 3315 4816 epi-

1764 4824 1905 4888 scOpi
1930 4824 1981 4874 in
2007 4820 2348 4876 consolatione
2376 4820 2748 4890 defunctorum.
2795 4823 2901 4876 Nec
2930 4823 3038 4875 illic
3062 4823 3324 4889 integrum

1769 4896 1990 4947 habetur
2039 4894 2137 4945 hoc
2177 4907 2384 4957 poema.
2414 4894 2526 4947 'sed
2572 4894 2765 4948 desinit
2812 4894 2875 4946 ad
2926 4907 3133 4947 versum
3178 4894 3323 4945 illum

1768 4961 2023 5016 inclusive
2054 4979 2067 5015 :
2100 4961 2331 5015 Candida
2359 4978 2451 5015 ceu
2479 4965 2663 5024 rubeis.
2698 4975 2801 5017 etc.

1836 5030 1862 5067 ἒ·
1893 5033 2099 5086 'l‘ertius
2127 5033 2259 5085 Cod.
2298 5034 2408 5083 Vat.
2444 5035 2573 5085 tollit
2604 5038 2742 5100 origo
2775 5034 2928 5086 neris.

1844 5100 1858 5138 ί
1888 5101 2109 5155 Membra
2135 5102 2321 5168 foderit.
2352 5101 2438 5153 Sic
2470 5102 2565 5155 Ms.
2596 5104 2803 5156 'l'revir.
2821 5114 2870 5157 et
2900 5100 3083 5155 Colon.
3129 5100 3328 5162 Quibus

1767 5174 2025 5226 accedunt
2062 5181 2112 5222 ct
2151 5171 2288 5235 Va_t.,
2323 5172 2419 5224 nisi
2465 5172 2603 5238 quod
2644 5174 2857 5227 ultimus
2903 5172 3060 5223 habet
3102 5172 3327 5224 membra

1768 5243 1917 5311 fodit.
1948 5239 2217 5293 Fabricius
2243 5242 2473 5293 correxit
2500 5258 2512 5293 :

1887 5332 1957 5383 Ac
1978 5331 2185 5381 fraterna
2205 5331 2273 5381 illi
2292 5333 2476 5381 sarcula
2503 5334 2714 5382 membra
2737 5332 2945 5380 trahunt.
3021 5366 3029 5372 .

1768 5418 1888 5472 Rite
1915 5416 2090 5470 Brovv.
2131 5428 2316 5472 censet
2354 5433 2536 5471 vocem
2569 5418 2709 5468 illam
2734 5417 2912 5483 'fudent
2941 5432 3060 5473 esse
3092 5416 3321 5470 retinen-

1767 5488 1906 5549 dam,
1938 5497 2046 5538 tutn
2077 5490 2214 5553 quod
2260 5504 2319 5541 ea
2346 5496 2498 5539 attate
2528 5487 2767 5538 homines
2801 5487 3038 5553 pluribus
3062 5487 3167 5552 jam
3197 5485 3317 5537 lati-

1767 5556 1850 5610 nis
1878 5556 2110 5618 vocibus,
2154 5557 2350 5622 vulgari
2396 5570 2645 5608 sermone
2674 5556 2988 5623 depravatis,
3032 5558 3323 5607 abuteren~

1769 5637 1873 5686 tur,
1926 5624 1975 5677 id
2022 5625 2164 5692 quod
2206 5633 2409 5678 constat
2439 5627 2488 5675 in
2522 5624 2705 5685 primis
2746 5641 2810 5679 ex
2862 5624 3161 5678 testimonio
3217 5623 3326 5676 divi

1767 5695 1928 5763 Aug.,
1960 5694 2052 5748 lib.
2077 5709 2111 5747 ιι
2146 5695 2210 5748 de
2259 5696 2433 5747 Doctr.
2475 5694 2697 5764 Christ.,
2736 5694 2975 5764 capuli»,
3023 5702 3076 5764 et
3117 5692 3327 5746 Cassio-

1767 5764 1905 5826 dori,
1953 5763 2121 5819 ins-tit.
2154 5766 2263 5817 Div.
2297 5766 2330 5815 l.
2357 5778 2394 5824 ι,
2444 5778 2493 5816 c.
2531 5762 2617 5828 15,
2667 5762 2957 5831 ιῃιιιάυοίι
3002 5763 3324 5817 Fortunatus

1766 5848 1910 5907 Saepe
1948 5850 2123 5892 rerum
2154 5833 2405 5890 vocabula
2451 5836 2768 5905 depravasse
2812 5850 2872 5888 ac
2902 5836 3202 5903 corrupisse
3232 5833 3339 5891 dea

2829 5926 2904 5989 10
