3952 6222
157 324 278 385 313

165 437 540 509 Tutoremque
564 438 676 504 alii,
706 429 1127 508 nutritoremque
1152 437 1402 504 fatentur,

254 527 325 581 Et
349 530 406 581 ﬁt
430 538 702 585 certamen
733 530 802 584 de
830 529 1023 600 pietate
1048 539 1157 583 tua.

169 617 246 672 lit
263 617 496 674 habeant
517 620 630 686 alii,
661 620 787 674 nulli
817 629 903 674 tua
925 619 1062 674 dona
1091 633 1329 686 recusas,

244 707 330 764 Tu
351 710 441 764 tibi
466 697 584 779 plus
611 726 770 782 auges
799 725 929 779 quas
952 711 1088 766 bene
1119 711 1294 766 fundis
1314 723 1465 779 opes.

165 800 270 856 Cui
297 803 468 869 possis
498 811 771 872 praestare,
795 803 980 858 lubens
1006 803 1262 872 exquiris.
1286 814 1343 858 et
1370 810 1545 871 optas,

246 892 318 948 Ut
340 894 412 948 sis
433 895 574 963 apud
605 903 848 960 cunctos,
887 902 912 930 ι
951 894 1052 949 hoc
1081 896 1211 950 l'acis
1237 909 1358 951 esse
1385 904 1519 947 tuos.

242 1031 272 1094 Ρ
303 1024 455 1094 linus
481 1023 615 1079 Cod.
659 1025 801 1089 Vat.,
831 1025 922 1080 Itos
951 1025 1099 1094 facis.

1341 320 1840 382 MISCELLANEA.
1883 348 1949 363 -
1985 320 2117 376 LIB.
2162 319 2235 377 Χ.
3323 318 3410 377 διε

1679 437 1687 448 ’
1774 442 1823 501 Α
1852 433 1924 490 Es
1951 434 2204 510 generale
2231 434 2454 504 bonum,
2483 433 2616 489 nulli
2643 435 2845 508 gravis,
2875 435 3121 490 onmibus
3151 450 3351 505 aequus,

1923 525 2150 581 Justitim
2180 524 2382 597 socium
2402 527 2543 584 nulla
2563 528 2749 597 rapina
2773 537 2939 581 tenet.

1853 611 1993 676 Mitis
2024 621 2077 674 in
2109 620 2364 690 alloquio,
2391 620 2647 689 placidus,
2666 621 2694 659 ιι
2717 631 2927 690 gratus,
2955 629 3114 691 atque
3136 620 3419 677 modesms-

1919 710 2111 765 Omnia
2135 711 2218 766 cui
2246 711 2365 764 data
2396 716 2543 778 sunt,
2572 719 2630 764 ut
2657 709 2818 764 decus
2847 725 3002 764 omne
3026 722 3206 778 geras.

1853 800 2110 857 Gentibus
2137 802 2406 876 astrictus,
2440 801 2695 858 Romanis
2725 801 2919 855 chartis
2942 797 3173 865 tiaberis,

1926 889 2103 956 Felix,
2135 891 2224 960 qui
2248 890 2458 961 pupulis
2480 905 2694 960 semper
2723 891 2775 945 in
2806 905 2900 944 ore
2927 904 3129 944 manes.

239 1091 268 1131 δ
305 1093 437 1149 Ibid.
463 1097 674 1165 gradus,
716 1106 888 1166 atque,
921 1091 1191 1166 corrupte.
1220 1094 1365 1150 Edit.
1396 1094 1592 1161 Paris,
1627 1102 1900 1164 gratusque
1918 1098 2194 1143 ntoaesttu.

159 1249 3418 1274 mw

1398 1386 1692 1462 LIBER
1718 1377 2217 1514 DECIMUS.

635 1613 646 1622 ί
678 1620 904 1677 CAPUT
946 1621 1227 1678 PRIMUM.

528 1713 798 1783 Expositio
833 1713 1088 1767 Orationis
1111 1723 1138 1750 ι
1171 1713 1398 1768 Domini.

227 1805 412 1861 Tanta
465 1803 679 1874 pietatis
735 1802 995 1871 profunda
1043 1803 1436 1868 misericordia,
1470 1803 1561 1857 ﬁlii
1612 1803 1744 1858 dile-

144 1896 420 1976 ctissimi,
440 1895 579 1949 circa
604 1909 772 1964 genus
799 1893 1092 1948 humanum
1123 1894 1291 1949 nostri
1317 1893 1484 1964 patuit
1512 1893 1748 1950 Salvato-

144 1990 261 2052 ris,
291 1981 394 2055 qua
425 2000 521 2039 nos
551 1994 764 2056 ereptos
792 1984 858 2037 de
876 1983 1241 2040 concatenatis
1296 1984 1479 2039 mundi
1519 1982 1740 2037 naufra-

145 2074 362 2145 giisad
412 2069 622 2144 portum
675 2082 950 2140 perpetuae
996 2071 1186 2126 detulit
1217 2073 1500 2135 libertatis,
1553 2083 1611 2125 ut
1649 2087 1746 2126 nec

97 2155 104 2163 ’
144 2166 344 2222 verbis
369 2162 612 2232 exsequi,
663 2175 838 2232 neque
887 2162 1065 2242 lingua
1122 2161 1384 2230 pateﬁeri,
1418 2177 1591 2232 neque
1634 2163 1744 2231 ipsa

139 2261 376 2316 valeant
407 2259 728 2330 cogitatione
760 2255 1097 2324 pulsariﬁcui
1131 2271 1318 2324 parum
1347 2255 1648 2324 videbatur,
1679 2257 1746 2310 de

140 2355 290 2429 limo
319 2353 344 2392 δ
381 2369 536 2426 quem
581 2349 837 2415 condidit,
887 2361 1045 2418 quem
1089 2363 1281 2404 cruore
1313 2350 1560 2412 redemit,
1587 2363 1744 2418 quem

142 2441 434 2513 baptismo
463 2442 760 2506 renovavit,
805 2440 908 2494 nisi
937 2440 1004 2492 ad
1032 2439 1218 2493 salutis
1247 2439 1540 2506 cumulum,
1593 2452 1746 2494 mens
1772 2437 1773 2440 “

143 2539 369 2592 nostra,
403 2542 468 2582 ne
513 2528 717 2595 lapsum
767 2528 1080 2596 ignoranter‘
1101 2529 1420 2593 incurreret,
1453 2539 1475 2568 °
1510 2531 1745 2583 instrue-

139 2632 309 2678 retur
337 2620 523 2685 etiam,
552 2618 780 2688 qualiter
814 2628 1087 2672 exoraret.
1120 2617 1196 2671 Ne
1226 2619 1270 2671 si
1300 2633 1405 2672 non
1437 2619 1734 2683 docuisset,

143 2709 608 2780 quemadmodum
631 2707 948 2761 deberemus
969 2705 1142 2774 justas
1171 2706 1281 2759 voti
1312 2720 1497 2774 preces
1527 2705 1741 2774 oITerre,

145 2816 412 2857 essemus
443 2811 533 2852 aut
561 2808 710 2859 certe
761 2797 1056 2868 temerarii,
1081 2806 1172 2867 aut
1218 2798 1432 2863 erroris"
1453 2793 1593 2855 nube
1618 2815 1744 2855 con-

143 2896 289 2961 fusi,
316 2904 372 2950 et
401 2891 690 2966 nesciendo
739 2906 856 2964 quae
889 2901 1070 2970 petere
1114 2901 1423 2961 oporteret,
1450 2896 1616 2964 magis
1645 2895 1740 2949 ad-

144 2989 497 3043 mitteremus
530 2974 824 3051 peccatum,
884 2997 1043 3050 quam
1077 2981 1486 3051 d'purgaremus
1541 2985 1741 3039 admis-

1849 1621 2044 1687 nosse,
2081 1635 2190 1675 non
2215 1621 2432 1677 alterius
2461 1635 2683 1677 munere
2706 1660 2722 1686 ,
2763 1622 2858 1678 sed
2891 1631 3153 1693 potestate
3197 1637 3420 1686 naturae.

1787 1707 1831 1765 Β
1860 1713 2000 1786 Ergo
2025 1713 2250 1769 dicendo
2282 1713 2490 1768 Patrem
2534 1722 2770 1769 nostrum
2801 1727 2923 1771 esse
2949 1717 3003 1771 in
3047 1719 3197 1774 caelis
3222 1761 3236 1786 ,
3272 1735 3420 1788 pere-

1850 1803 2204 1872 grinatimtcm
2233 1805 2383 1858 nobis
2425 1803 2710 1872 signiﬁcat,
2755 1804 2882 1858 dum
2909 1819 3092 1860 sumus
3141 1808 3193 1861 in
3226 1811 3381 1873 terris
3410 1852 3421 1878 ,

1845 1896 1994 1964 juxta
2027 1895 2198 1951 Hiud:
2232 1893 2415 1950 lncola
2457 1910 2568 1948 sttm
2613 1880 2710 1967 ego.
2731 1897 2786 1951 in
2815 1907 2953 1952 terra
2996 1897 3177 1968 (Psal.
3219 1889 3420 1971 cxvitt).

1849 1983 2003 2039 Unde
2022 1981 2230 2052 videtur
2255 1986 2542 2051 instruere,
2569 1995 2627 2046 ut
2647 1986 2712 2039 ad
2736 1989 2943 2041 excelsa
2963 1986 3074 2059 ,ἱυεί
3086 1998 3166 2044 ter
3192 1983 3421 2047 animum

1848 2073 2258 2139 elevantes,iea,
2305 2073 2413 2128 Deo
2450 2073 2738 2139 tribuente,
2786 2076 3097 2146 festinemus
3126 2092 3378 2150 peragere
3407 2125 3422 2148 ,

1847 2177 1968 2232 quae
1997 2176 2095 2216 nos
2122 2181 2175 2216 tn
2197 2173 2411 2218 aeternae
2437 2163 2561 2218 vitae
2588 2166 2992 2233 beatitudinem,
3019 2169 3224 2243 placato
3253 2182 3420 2241 patre,

1848 2252 2060 2308 Christo
2087 2254 2251 2317 duce,
2286 2254 2482 2310 faciant
2511 2257 2732 2312 introire
2756 2298 2771 2323 ,
2819 2269 2876 2314 et
2902 2247 3164 2327 promissa
3205 2265 3420 2332 praemia

1849 2343 1927 2398 sic
1972 2342 2062 2396 ﬁlii
2093 2344 2299 2410 valeant
2325 2344 2567 2399 obtinere
2605 2364 2616 2398 :
2653 2355 2683 2382 ἰ
2715 2359 3076 2404 verumtamen
3106 2351 3285 2406 audito
3315 2353 3420 2410 Deo

1852 2433 2032 2501 Patre,
2076 2432 2250 2488 nulius
2279 2445 2384 2491 tam
2413 2438 2643 2501 crudelis
2668 2439 2741 2495 sit
2782 2441 2944 2508 ﬁlius,
2977 2452 3035 2497 ut
3073 2459 3177 2500 non
3208 2444 3420 2502 festinet

1848 2524 1915 2576 ad
1965 2526 2074 2578 veri
2125 2528 2379 2595 genitoris
2435 2531 2757 2596 amplexus..
2795 2531 2921 2588 Item
2978 2518 3206 2605 congrue
3267 2539 3418 2594 Pater

1849 2621 2040 2676 noster,
2064 2614 2185 2680 quia
2208 2615 2366 2667 homo
2392 2622 2723 2671 renascendo
2745 2635 2841 2687 per
2863 2622 3427 2697 baptismumcl‘fectus

1847 2713 1929 2757 est
1960 2704 2052 2758 Dei
2087 2705 2244 2768 ﬁlius,
2279 2705 2366 2775 qui
2393 2722 2490 2776 per
2521 2707 3014 2776 praevaricationem
3044 2715 3218 2771 "Iactus
3248 2719 3418 2776 fuerat

1848 2792 2120 2860 inimicus,
2153 2804 2207 2863 et
2243 2795 2513 2865 perditus;
2541 2803 2671 2871 ergo
2699 2799 2850 2869 cujus
2881 2805 3047 2871 gratia
3096 2805 3416 2878 fruiturjatn

1847 2891 2050 2952 patrem
2081 2884 2246 2940 libere
2283 2888 2731 2944 conﬁtetur.~aed
2765 2890 2887 2944 licet
2931 2885 3034 2960 non
3063 2894 3230 2948 simus
3257 2895 3330 2955 tle;
3353 2909 3417 2952 en

1846 2985 1998 3042 patre
2023 2974 2102 3029 sic
2130 2974 2247 3042 ﬁlii,
2281 2991 2386 3044 quo
2415 2978 2573 3032 modo
2603 2995 2829 3047 persona
2858 2983 3068 3039 Domini
3100 2989 3261 3041 nostri
3292 2989 3416 3045 Iesu

144 3093 300 3142 sum,
330 3087 386 3131 et
415 3075 554 3129 unde
580 3083 602 3112 ο
636 3067 984 3142 sperabamus
1015 3085 1173 3141 posse
1197 3073 1385 3127 venire
1407 3071 1736 3143 suﬁ‘ragium,
1769 3056 1814 3119 Ε
1846 3061 2041 3118 ChI‘ISli
2070 3104 2084 3129 ,
2112 3064 2234 3134 quia
2267 3065 2354 3119 ille
2383 3067 2449 3121 de
2477 3066 2644 3135 ipsius
2671 3086 2826 3124 nauus
2867 3083 2947 3128 est
2978 3076 3290 3141 substantia,
3323 3096 3418 3136 nos

145 3170 466 3225 videremur
496 3166 773 3222 incurrere
798 3159 1199 3229 detrimentum,
1238 3179 1358 3218 cum
1406 3164 1473 3220 de
1501 3167 1740 3220 oratione

146 3261 435 3317 incondita
459 3287 462 3292 -
489 3259 637 3313 ﬁeret
663 3256 882 3326 periculi
925 3255 1042 3324 plus
1061 3269 1220 3309 causa
1245 3270 1402 3324 quam
1443 3257 1574 3311 voti.
1614 3257 1741 3313 Inde

148 3355 460 3406 retinentes
499 3348 619 3417 ejus
667 3346 940 3417 mysteria,
969 3353 1024 3401 et
1077 3361 1233 3415 quam
1263 3345 1285 3384 ί
1321 3347 1483 3403 multa
1541 3349 1648 3404 sint
1685 3348 1736 3403 in

147 3443 428 3497 brevitate
480 3439 691 3505 collata,
744 3446 956 3506 propter
996 3437 1404 3493 aediﬁcationem
1483 3439 1738 3494 Ecclesiae

150 3532 346 3599 paucis
385 3509 650 3582 docemur
677 3526 967 3594 explicare,
999 3525 1121 3592 quia
1162 3532 1286 3576 tunc
1331 3525 1484 3578 nobis
1535 3526 1730 3579 melius

149 3618 447 3690 placebunt
473 3617 675 3679 auditu,
722 3628 842 3669 cum
884 3613 1149 3682 patuerint
1197 3613 1492 3669 intellectu.
1551 3613 1737 3684 Itaque

156 3707 230 3763 ad
256 3703 427 3776 ipsum
457 3706 732 3760 veniamus
753 3712 951 3758 sancte
976 3702 1235 3758 orationis
1263 3717 1592 3760 sermonem.

545 3795 706 3849 Pater
734 3783 899 3848 noster
925 3794 1035 3863 quis
1064 3809 1115 3847 es
1140 3794 1193 3847 in
1219 3793 1378 3848 ralis.

236 3889 373 3946 Ecce
408 3903 513 3942 vox
563 3887 769 3940 Domini
811 3884 1148 3954 praedicantis
1172 3923 1192 3951 ,
1228 3885 1297 3940 de
1330 3893 1436 3954 quo
1503 3883 1736 3953 iropbeta

155 3979 340 4036 dicit:
384 3977 563 4032 Nubes
608 3977 786 4045 pluunt
821 3977 1021 4046 justum
1047 3973 1181 4044 (Isa.
1228 3990 1351 4040 va,
1383 3974 1484 4045 ὅ),
1529 3973 1737 4030 arcana‘.

152 4070 399 4126 scientiae
448 4070 624 4123 lumen
673 4065 902 4132 eﬂ'udit;
955 4075 1008 4120 et
1057 4075 1112 4120 ut
1157 4075 1389 4121 nostram
1434 4066 1751 4139 ariditatem.

152 4161 428 4217 sermonis
476 4157 934 4225 imbre‘reﬁceret,
989 4155 1150 4210 veluti
1199 4155 1314 4211 fons
1343 4169 1493 4226 aqua:
1538 4157 1733 4211 salien-

150 4253 231 4307 tis
255 4250 447 4320 erupit.
478 4247 606 4316 Quis
635 4249 776 4302 enim
809 4256 1008 4300 tantum
1053 4233 1318 4302 secretum
1352 4246 1590 4315 mysterii
1618 4259 1733 4302 cm-

144 4342 315 4398 lestis
357 4339 653 4393 heminibus
702 4336 1003 4398 revelaret,
1053 4345 1143 4387 aut
1195 4334 1294 4386 hoc
1341 4335 1602 4400 doceret,
1649 4336 1730 4388 vel

150 4438 511 4502 praesun'teret
534 4468 548 4490 ,
581 4425 665 4479 vel
697 4424 896 4476 sciret?
927 4421 1169 4489 Nunquid
1201 4421 1487 4488 Abraham,
1522 4423 1728 4490 Moses,
1763 4400 1814 4460 D

149 4519 446 4590 propheta,
477 4525 502 4563 ε
530 4507 611 4567 vel
641 4512 901 4583 angelus?
932 4511 1038 4566 imo
1068 4511 1246 4566 nullus
1278 4513 1379 4566 nisi
1403 4513 1731 4582 Unigenitus,

149 4611 247 4664 cui
298 4608 392 4664 soli
425 4608 478 4661 in
510 4605 802 4677 majesmtis
847 4601 1172 4673 plenitudine
1222 4603 1376 4656 Pater
1405 4612 1488 4656 est
1530 4613 1686 4658 notus
1717 4624 1730 4669 ;

152 4713 289 4754 nam
321 4695 507 4764 reliqui
541 4703 742 4745 tantum
787 4700 1095 4744 meruerunt
1123 4691 1190 4746 de
1235 4690 1345 4745 Deo
1376 4685 1426 4745 in
1459 4698 1598 4745 terra
1645 4706 1734 4746 co-

149 4803 452 4862 gnoscere,
480 4795 726 4857 quantum
779 4784 892 4851 ipse
922 4781 987 4836 de
1015 4783 1153 4858 caelo
1203 4783 1370 4863 voluit
1411 4780 1731 4840 ministrare.

156 4883 335 4940 Filius
363 4882 504 4935 enim
530 4918 550 4945 ,
581 4879 632 4932 in
663 4891 768 4946 quo
796 4874 951 4928 Pater
981 4883 1060 4928 est
1093 4882 1234 4928 totus
1265 4875 1464 4929 unitate
1489 4876 1734 4930 substan-

157 4975 282 5039 tiae,
304 4984 408 5025 non
439 4967 750 5023 confusione
777 4953 1042 5034 personae,
1067 4963 1361 5032 subjectum
1384 4951 1609 5038 habebat
1634 4963 1734 5020 hoc

235 5134 260 5162 ³
281 5125 401 5190 Ms.,
436 5117 1026 5190 DominicarExpositio
1056 5119 1327 5174 Fortunati
1346 5117 1398 5172 in
1427 5117 1731 5190 0r.Domi-

157 5198 364 5256 niertm,
389 5189 442 5248 in
474 5193 677 5246 duobus
705 5189 835 5243 Mss.
865 5190 980 5243 Vat.
1005 5191 1401 5257 corruptissime
1431 5189 1623 5257 scripta
1646 5205 1732 5244 re-

158 5276 368 5337 peritur
400 5279 463 5316 ex
489 5260 904 5337 Amannensium
935 5259 1094 5337 vitio;
1126 5256 1373 5337 quocirca
1396 5256 1484 5337 his
1517 5270 1735 5337 praeter-

162 5327 347 5391 ini‘sis
369 5347 432 5387 ac
462 5332 712 5399 neglectis
739 5341 857 5398 quae
907 5327 1224 5399 autminim'i
1259 5335 1411 5399 erant
1457 5330 1730 5394 momenti,

157 5413 259 5460 aut
286 5413 466 5468 aperte
495 5395 732 5454 errorem
758 5395 828 5452 'ac
859 5395 1103 5452 mendum
1140 5413 1246 5464 prae
1272 5411 1328 5450 se
1370 5396 1629 5468 ferebant,
1671 5414 1733 5452 ea

161 5467 455 5543 selegimus
481 5486 598 5536 quae
629 5478 778 5523 erant
824 5469 1108 5536 praecipua,
1151 5475 1205 5520 et.
1256 5467 1500 5520 lectionis
1552 5467 1736 5523 discri-

159 5542 304 5600 men
323 5542 644 5595 itttliCnbant.

235 5611 264 5652 δ
297 5617 350 5665 In
379 5609 583 5665 duobus
611 5609 736 5665 Mss.
764 5607 903 5672 Vat“
933 5609 1066 5674 quod
1094 5606 1352 5677 condidit,
1393 5616 1447 5677 et
1472 5607 1548 5661 sic
1586 5608 1733 5664 dein-

155 5697 290 5753 ceps
319 5681 534 5752 ponitur
560 5679 696 5748 quod
729 5692 823 5746 pro
849 5692 1019 5747 quem,
1045 5679 1185 5748 quod
1213 5676 1519 5732 lettendum.

1842 3159 2018 3210 autem
2049 3155 2294 3224 dignatus
2314 3167 2398 3210 est
2426 3172 2610 3213 creare
2641 3159 2708 3214 de
2735 3176 2896 3225 terra,
2929 3173 3159 3218 attamen
3187 3180 3274 3227 per
3296 3185 3424 3238 gra-

1841 3245 1967 3298 tiam
2003 3245 2268 3314 tinigeniti
2318 3261 2414 3302 nos
2445 3248 2580 3303 efﬁci
2612 3266 2901 3307 meruimus
2931 3255 3184 3328 adoptivi,
3218 3259 3416 3314 et'tdeo

1841 3334 1932 3403 qui
1972 3335 2024 3390 in
2056 3335 2296 3391 Ecclesia
2325 3339 2586 3395 catholica
2610 3361 2612 3364 ν
2636 3357 2701 3395 ex
2731 3358 2866 3422 aqua
2897 3355 2951 3399 et
2991 3343 3414 3416 Spirittits‘ancto

1841 3426 2109 3491 nascitur,
2161 3428 2306 3484 inter.
2352 3431 2443 3484 Dei
2497 3432 2632 3484 ﬁlios
2677 3446 3028 3500 computatur.
3063 3431 3206 3494 Item
3258 3442 3414 3504 Pater

1840 3531 2009 3570 noster
2032 3518 2222 3577 quiest
2257 3521 2309 3572 in
2338 3521 2509 3586 ctzlis,
2559 3522 2609 3576 in
2652 3508 2750 3578 Itac
2779 3529 3112 3582 contessi‘one
3150 3533 3209 3583 'et
3250 3542 3414 3588 Deum

1839 3619 2156 3660 veneramur
2179 3617 2235 3661 et
2263 3611 2508 3664 mandata
2553 3613 2846 3682 sequimur,
2874 3625 2928 3668 et
2948 3601 3128 3684 :ﬁdent
3174 3622 3410 3674 nostram

1839 3695 2178 3765 exponimus,
2209 3707 2262 3753 et
2299 3714 2390 3754 eos
2416 3702 2506 3770 qui
2537 3713 2737 3770 patrem
2768 3705 2822 3760 in
2847 3707 2996 3762 caelis
3024 3709 3284 3780 denegant
3323 3708 3410 3767 re—

1839 3783 2088 3874 I'ulamus.
2124 3790 2262 3844 Item
2307 3790 2535 3846 dicendo
2577 3793 2735 3850 Pater
2774 3809 2944 3853 noster
2991 3801 3244 3874 habemus
3272 3805 3409 3872 quod

1839 3873 1893 3929 in
1922 3877 2038 3946 ipso
2064 3877 2308 3948 diligere,
2337 3890 2392 3936 et
2414 3887 2758 3949 agnoscendo
2792 3887 2954 3943 Deum
2988 3892 3239 3946 habemus
3273 3911 3412 3962 part-

1840 3975 1920 4020 ler
1941 3965 1956 4004 ί
1976 3981 2131 4037 quem
2149 3970 2335 4024 timere
2352 3973 2659 4028 debeamus.
2682 3975 2982 4033 Timeamus
2998 3995 3142 4048 ergo,
3164 3985 3410 4049 quoniam
3507 4046 3514 4056 ,

1835 4058 2009 4130 justus
2028 4076 2110 4117 εει
2135 4080 2149 4130 ;
2174 4079 2412 4124 amemus
2429 4069 2679 4137 quoniam
2702 4072 2816 4140 pius
2839 4083 2937 4137 est,
2962 4091 3027 4131 ne
3043 4080 3179 4144 quod
3205 4080 3288 4133 ille
3310 4095 3413 4135 snl-
3455 4054 3466 4071 ί

1839 4151 1985 4208 licite
2014 4156 2284 4234 contulit,
2323 4173 2422 4214 nos
2450 4162 2672 4216 velimus
2715 4166 2935 4233 perdere
2976 4171 3322 4240 negligenter,
3357 4189 3410 4228 et.
3451 4197 3454 4200 η

1842 4242 2014 4296 divina
2061 4243 2318 4300 beneﬁcia
2358 4259 2542 4316 nostro
2585 4252 2692 4306 sint
2729 4269 2954 4309 excessu
2997 4261 3217 4315 calcata.
3247 4263 3404 4327 Quis-

1838 4333 1956 4398 quis
1985 4346 2112 4400 ergo
2143 4335 2352 4388 Patrem
2383 4336 2529 4390 illum
2563 4343 2810 4408 appellat,
2853 4349 2988 4400 sicut
3016 4348 3169 4404 decet
3199 4352 3358 4417 ﬁlium
3392 4396 3405 4419 ,

1839 4434 2105 4479 suav-tiam
2134 4437 2284 4477 suam
2328 4429 2666 4483 immaculate
2695 4420 2965 4500 dispensei
2989 4474 3005 4500 ,
3035 4439 3155 4504 quia
3188 4441 3298 4507 ipse
3327 4423 3408 4496 est

1841 4522 1984 4574 littus
2014 4518 2100 4580 qui
2142 4533 2248 4572 non
2279 4521 2598 4576 contribulat
2639 4526 2953 4592 genitorem,
2979 4543 3083 4580 non
3126 4543 3409 4599 exasperat

1838 4621 2196 4672 communem,
2230 4609 2409 4666 fratris
2431 4612 2745 4675 cltaritatem
2767 4627 2879 4670 non
2913 4619 3088 4684 violat,
3120 4630 3409 4676 testamen»

1841 4701 1948 4747 tum
1979 4695 2271 4751 conditoris
2298 4713 2404 4750 non
2434 4700 2696 4768 dissipat,
2738 4707 2974 4770 sequitur
3007 4712 3225 4775 monita,
3260 4706 3408 4767 festi-

1839 4800 1930 4840 nat
1959 4793 2177 4858 tmplere
2212 4789 2469 4844 mandata
2497 4807 2511 4856 ;
2545 4793 2682 4862 quod
2714 4795 2757 4847 si
2800 4797 3216 4862 recalcitraverit
3238 4844 3252 4870 ,
3281 4819 3407 4872 pro-

1834 4877 2006 4948 jecurs
2051 4883 2436 4936 contumaciter
2488 4884 2553 4938 de
2604 4889 2938 4950 possessione
2989 4892 3254 4962 discedit,
3312 4912 3408 4952 nec

1839 4970 2010 5038 aliqua
2031 4984 2137 5039 jam
2167 4970 2338 5026 fronte
2364 4973 2738 5029 ltmretlitatem'
2763 4978 2975 5046 repetit,
3003 4996 3157 5048 quem
3192 4983 3388 5038 adtniss

1913 5131 1932 5186 ς
1967 5120 2090 5186 Ms.,
2121 5124 2414 5177 instrueret.

1908 5185 1934 5267 εἴ
1968 5190 2022 5267 In
2053 5185 2155 5267 uno
2185 5195 2316 5244 (30d.
2358 5193 2498 5267 Vat_.,
2533 5211 2683 5264 quant
2707 5214 2921 5267 purgare
2950 5200 3260 5255 deberemus.

1912 5266 1936 5336 ξ
1970 5261 2023 5336 In
2054 5262 2239 5336 altero,
2272 5271 2318 5315 et
2347 5264 2478 5316 unde
2501 5261 2908 5331 rmsjrectnbafnns
2937 5286 3079 5336 posse
3107 5275 3292 5325 venire.

1915 5325 1932 5363 ί
1978 5330 2031 5382 In
2061 5345 2164 5382 uno
2192 5329 2346 5396 Cod.,
2381 5344 2424 5384 et
2455 5325 2600 5401 quod.
2618 5340 2774 5388 multa
2805 5340 2922 5390 sint.

1910 5407 1934 5443 Β
1979 5401 2032 5474 In
2062 5402 2226 5474 altero
2253 5441 2268 5464 ,
2324 5408 2532 5474 angelus
2564 5407 2654 5456 nisi
2687 5408 3016 5474 unigenittts;
3057 5412 3273 5466 verbum
3301 5412 3402 5466 into

1837 5467 1991 5536 deest
2022 5470 2072 5520 in
2109 5469 2229 5523 Mss.
2265 5467 2595 5536 quibusdam.

1909 5534 1935 5572 δ
1976 5539 2031 5592 In
2062 5534 2463 5592 duobusCodd.
2503 5541 2639 5605 νειμ,
2670 5547 2805 5598 unde
2831 5549 3027 5600 audito.

1914 5605 1930 5644 ί
1974 5608 2028 5662 In
2062 5624 2164 5661 uno
2195 5609 2348 5676 Cod,
2384 5612 2514 5678 quod
2549 5613 2740 5666 timere.
