3952 6222
485 237 493 244 ’
580 229 683 289 515

1293 232 1611 290 VENANTII
1651 231 1808 290 HON.
1852 231 2057 290 CLEM.
2105 220 2500 291 FORTUNATI
2528 234 2818 297 OPERUM
2850 234 3037 327 'PARS
3076 232 3115 289 l.

3724 230 3837 292 5Ιὲ

576 349 730 417 culpa
749 348 1035 402 damnavit.
1065 343 1233 403 Unde.
1258 346 1346 416 qui
1369 346 1432 400 ad
1461 346 1627 403 Deum
1658 358 1858 416 patrem
1878 348 2143 413 venimus,
2173 346 2228 408 Δ
2251 346 2390 415 Ergo
2417 348 2468 402 in
2499 348 2863 414 hoctempore
2909 362 3012 401 non
3038 360 3228 402 novam
3260 355 3287 395 ι
3339 328 3835 407 sanetiﬁcationem

577 437 791 493 Christe
835 438 1022 491 lratres
1056 436 1305 501 dicimur,
1338 438 1381 491 si
1430 438 1479 491 in
1524 440 1726 505 peccati
1770 439 1994 493 crimine
2042 453 2148 494 non

482 568 489 575 .
577 542 877 583 versemur:
912 543 1031 581 nam
1062 529 1258 581 amittit
1289 542 1482 582 nomen
1517 529 1629 594 ﬁlii,
1660 530 1747 594 qui
1780 527 2145 584 fueritservus

577 618 797 688 peccati.
824 618 981 686 Quod
1026 628 1201 672 autem
1250 633 1353 671 non
1400 620 1736 688 singulariter
1776 614 1935 673 Pater
1972 606 2140 686 ineas,

575 712 668 765 sed
702 707 863 765 Pater
890 720 1081 775 noster,
1115 710 1362 783 dicimus,
1396 712 1460 765 ad
1510 713 1608 767 hoc
1651 711 1915 779 pertinere
1942 726 2144 783 cogno-

574 804 759 869 scitur,
796 812 854 858 ut
896 803 1074 857 nullus
1102 817 1196 870 pro
1233 818 1292 857 se
1320 813 1544 869 tantum,
1583 805 1676 859 sed
1707 801 2023 875 generaliter
2052 818 2145 872 pro

572 894 819 949 omnibus
859 894 1258 959 misericordem
1308 894 1586 949 Dominum
1636 896 1973 962 deprecetur,
2011 909 2145 963 qua-

573 996 726 1041 tenus
771 985 841 1041 ab
887 986 1037 1041 hoste
1091 988 1292 1055 perﬁdo
1342 989 1523 1051 cuncti
1579 988 1776 1056 pariter
1824 988 2143 1043 liberentur.

570 1077 767 1133 Omnes
790 1076 930 1133 enim
979 1079 1070 1144 qui
1107 1078 1161 1130 in
1196 1077 1445 1132 Ecclesia
1486 1078 1810 1132 conveniunt
1848 1078 2038 1132 eodem
2084 1093 2144 1133 se

575 1167 729 1224 ituro
748 1168 1092 1233 concludunt,
1120 1168 1391 1237 quoniam,
1418 1168 1518 1221 etsi
1548 1168 1709 1221 multa
1730 1170 1969 1222 membra
1990 1177 2138 1237 sunt,

572 1267 752 1313 tamen
777 1258 830 1311 in
854 1257 1177 1312 uno‘Christi
1202 1270 1428 1323 corpore
1448 1259 1785 1312 continentur
1805 1257 1860 1327 (Ι
1882 1257 1999 1312 Cor.
2036 1275 2140 1326 xu,

559 1345 687 1417 .Ql),
717 1356 773 1404 et
796 1348 1033 1417 ideoqui
1065 1347 1226 1402 simul
1251 1345 1545 1416 junguntur
1576 1349 1627 1402 in
1658 1348 1873 1418 templo,
1902 1352 2141 1421 separari

574 1452 681 1493 non
728 1438 927 1494 debent
978 1452 1076 1492 nec
1126 1439 1176 1491 in
1208 1446 1333 1491 voto
1381 1445 1404 1472 α
1461 1439 1585 1504 quia
1624 1440 1763 1494 sicut
1802 1441 1855 1495 in
1888 1442 2143 1497 membris

573 1528 771 1585 nostris
820 1528 1106 1598 aspicimus
1144 1528 1368 1598 qualiter
1411 1528 1666 1584 humerus
1713 1531 1973 1598 humero,
2027 1546 2142 1585 ma-

568 1634 668 1676 ntts
702 1620 901 1684 manui,
935 1618 1028 1690 pes
1058 1621 1278 1688 pedibus
1322 1621 1687 1688 subveniunt,
1730 1624 1799 1677 ita
1846 1638 2139 1694 congruunt

570 1711 802 1766 creditur
851 1718 907 1763 ut
937 1688 1173 1763 'moniiis
1202 1750 1217 1775 ,
1261 1710 1593 1766 orationibus
1623 1751 1639 1775 ,
1676 1688 2140 1783 Jocrymis'nobis
2172 1688 2221 1749 Β

570 1800 700 1878 ipsis
748 1816 776 1855 a
819 1799 969 1853 nobis
1027 1797 1252 1854 invicem
1298 1809 1659 1867 succurratur,
1704 1812 1926 1871 propter
1970 1803 2142 1861 illud:

573 1882 794 1943 invicem
842 1904 998 1944 onera
1028 1898 1191 1945 vestra
1218 1887 1244 1928 δ
1284 1899 1481 1960 portate
1506 1888 1654 1962 (Gal.
1679 1906 1753 1957 vr,
1793 1887 1873 1961 2).
1905 1892 2142 1963 Denique

568 1974 873 2050 frequenter
923 1983 1057 2037 alter
1112 1998 1209 2053 pro
1257 1983 1481 2038 alterius
1536 1985 1764 2039 crimine
1813 1986 2142 2042 conﬁdenter

568 2072 775 2129 obtinet
797 2114 813 2141 ,
854 2072 942 2142 qui
989 2090 1082 2143 pro
1110 2089 1172 2129 se
1214 2090 1517 2147 suggerere,
1546 2074 1888 2131 confunditur
1918 2094 1995 2143 ex
2045 2093 2143 2148 pu-

569 2160 722 2226 dore,
761 2163 884 2231 quia
916 2164 965 2216 in
1012 2179 1109 2218 suo
1136 2162 1370 2218 facinore
1400 2165 1715 2219 verecundia
1767 2166 1902 2220 nihil
1942 2182 2142 2235 praesu-

560 2246 889 2320 'tnet..Ergo
922 2253 1299 2321 unusquisque
1341 2253 1600 2321 supplicet
1647 2270 1743 2323 pro
1792 2256 2039 2310 omnibus
2088 2258 2142 2313 in

550 2336 884 2405 i‘cotntnun‘e,
930 2341 1177 2409 quoniam
1221 2341 1358 2397 sicut
1397 2343 1449 2397 in
1488 2340 1549 2398 se
1590 2344 1755 2399 divisa
1803 2346 1989 2402 domus
2032 2361 2140 2402 non

569 2435 752 2501 stabit,
784 2435 860 2489 sic
884 2435 1028 2489 unita
1057 2436 1229 2491 ruinae
1273 2451 1378 2491 non
1408 2436 1663 2507 subjacct.
1700 2439 1763 2494 Et
1792 2439 1927 2496 bene
1956 2451 2143 2496 auctor

562 2525 825 2583 Dominus
855 2527 997 2595 pacis
1028 2526 1105 2582 sic
1134 2526 1355 2591 docuit,
1381 2537 1439 2583 ut
1467 2528 1716 2598 quidquid
1748 2545 1883 2585 unus
1913 2540 2139 2598 peteret,

569 2617 814 2672 omnibus
849 2618 1117 2679 videretur
1147 2618 1429 2691 proﬁcere.
1462 2619 1587 2673 Item
1621 2620 1756 2676 bene
1782 2618 1939 2673 Pater
1972 2632 2141 2674 noster

572 2709 803 2776 additur,
845 2711 963 2777 quia
995 2711 1094 2763 nisi
1126 2709 1247 2777 quis
1273 2718 1418 2763 recte
1449 2710 1637 2763 credat
1670 2711 1722 2763 in
1751 2708 1963 2764 Christo
1983 2752 1997 2777 ,
2035 2724 2141 2765 non

569 2810 745 2871 potest
794 2799 988 2854 habere
1019 2808 1227 2866 patrem
1269 2800 1321 2852 in
1354 2798 1533 2865 cmio;
1582 2816 1685 2853 nou
1717 2808 1799 2854 est
1839 2801 1980 2855 enim
2030 2800 2141 2868 ipse

577 2900 725 2955 pater
754 2888 971 2953 Ariano,
1000 2887 1218 2955 Judaco,
1252 2888 1500 2953 letino,
1545 2890 1852 2958 Maniebaao,
1886 2891 2138 2958 Sabellio,

568 2988 621 3033 et
655 2978 870 3046 reliquis
901 2975 1175 3046 pesdbus,
1213 2993 1415 3033 veneno
1442 2980 1591 3048 pravi
1623 2979 1799 3035 cordis
1825 2979 2053 3045 infectis,
2083 2990 2138 3036 et

572 3068 813 3138 pessimae
864 3067 1218 3123 confessionis
1265 3068 1400 3123 l'aice
1442 3069 1686 3134 succisis,
1728 3072 1817 3140 qui
1865 3070 1934 3126 de
1983 3072 2130 3140 lilio,

567 3176 725 3233 quem
755 3169 778 3199 ε
804 3160 1001 3229 injuste
1032 3162 1141 3216 Deo
1168 3162 1306 3215 Patri
1333 3172 1516 3215 nostro
1540 3163 1714 3217 conati
1743 3172 1867 3216 sunt
1900 3163 2137 3232 lnaqua-

571 3253 675 3308 lem
709 3240 901 3325 facere,
950 3254 1131 3307 caecati
1164 3266 1548 3322 recesserunt,
1579 3270 1641 3309 ex
1673 3266 1826 3325 patre
1874 3269 1971 3310 suo
2016 3255 2141 3310 dia-

575 3345 694 3401 bolo
722 3342 749 3381 ἀ
778 3345 1002 3398 fructum
1031 3344 1206 3399 carnis
1235 3346 1519 3414 recipiunt.
1558 3346 1623 3403 Et
1656 3348 1774 3403 ideo
1804 3348 1953 3403 nobis
1985 3347 2142 3404 Pater

568 3435 623 3491 in
650 3428 809 3513 Venalis
828 3444 927 3501 est,
961 3435 1050 3505 qui
1080 3445 1223 3490 recte
1250 3436 1439 3491 Filium
1470 3438 1790 3493 conﬁtemur
1819 3438 1871 3491 in
1905 3432 2078 3492 terris.

957 3525 1319 3594 Sanctiﬁcetur
1355 3544 1537 3581 nomen
1576 3538 1736 3581 tuum.

648 3611 939 3684 Vigilanter
969 3611 1421 3667 considerandum
1451 3624 1535 3669 est
1578 3615 1702 3683 quid
1746 3614 1799 3667 in
1847 3613 1944 3667 hoc
1988 3629 2141 3669 voca-

574 3703 695 3760 bulo
724 3687 1017 3758 admonitio
1047 3702 1220 3757 divina
1271 3704 1555 3773 signiticet,
1588 3704 1815 3760 dicendo
1855 3705 2142 3773 sancti/ice-

570 3806 655 3851 tur
690 3812 872 3851 nomen
915 3804 1075 3861 luant,
1112 3805 1137 3833 ο
1164 3811 1266 3851 non
1312 3798 1451 3865 quod
1484 3796 1679 3867 aliquid
1726 3798 2024 3852 inveniatur
2044 3813 2139 3851 su-
2206 3849 2218 3857 ,

570 3888 751 3958 perius
772 3887 913 3957 quod
944 3886 1084 3942 Deus
1116 3887 1271 3942 Pater
1297 3887 1616 3942 sanctiﬁcari
1646 3889 1838 3953 valeat,
1868 3899 1959 3943 aut
1986 3888 2141 3957 quasi

556 3991 667 4030 'nos
684 3976 959 4030 videamur
980 3976 1180 4044 aliquid
1204 3976 1273 4029 illi
1306 3978 1507 4031 orando
1536 3987 1808 4044 praestare,
1838 3995 1959 4033 cum
1982 3972 1997 4017 ί
2022 3996 2131 4032 ma-

570 4067 652 4136 gis
682 4067 795 4133 ipse
824 4064 1137 4129 sanctiﬁcet,
1170 4066 1261 4119 sed
1290 4068 1667 4132 sanctiﬁcetur,
1702 4069 1752 4137 id
1792 4082 1889 4134 est,
1920 4070 2140 4125 benedi-

572 4167 723 4211 catur
767 4169 959 4211 nomen
1007 4164 1151 4209 tuum
1210 4157 1537 4211 incessanter
1603 4157 1849 4211 omnibus
1901 4161 2093 4228 linguis
2122 4201 2138 4227 ,

550 4248 837 4304 .universis
868 4248 918 4301 in
951 4246 1084 4303 locis
1114 4256 1169 4301 ut
1195 4258 1314 4316 pote
1340 4246 1491 4315 cujus
1516 4247 1653 4301 dona
1696 4248 1927 4301 sunthoc
1948 4251 2141 4318 ipsum,

2161 3024 2211 3089 C

2250 440 2585 507 requirimus,
2619 442 2710 495 sed
2757 456 2911 509 quam
2944 440 3419 497 incontaminatam
3460 445 3830 513 percepimus,

2251 534 2385 588 hanc
2414 544 2472 589 ut
2510 536 2625 588 sine
2647 534 2995 595 vitiitnacula
3030 548 3425 589 conservemus.
3458 534 3588 589 Nam
3632 536 3688 589 in
3722 536 3833 589 ho-

2248 624 2390 680 mine
2432 624 2632 679 l‘ructus
2661 626 2813 679 bome
2862 625 3280 679 conversationis
3327 625 3683 701 sanctificatio
3724 623 3828 679 Dei

2248 725 2347 769 est.
2386 714 2496 770 Hoc
2537 730 2746 786 quoque
2778 715 2963 769 ordine
3012 730 3205 769 nomen
3246 716 3362 783 ejus
3393 727 3539 770 recte
3582 713 3830 771 sanctiﬁc

2246 806 2351 860 cari
2383 805 2629 870 dicimus,
2664 815 2719 860 ut
2756 807 2811 877 si
2848 806 2969 876 quis
3016 806 3157 860 dono
3210 807 3506 861 divinitatis
3535 808 3698 861 vitam
3741 808 3824 860 vic

2245 896 2368 951 deat
2415 897 2568 951 nobis
2596 912 2717 952 esse
2762 897 3049 963 sinceram,
3088 898 3284 968 gratias
3323 898 3561 965 largitori
3599 896 3818 963 referat,

2245 992 2297 1043 et
2324 989 2376 1045 in
2410 994 2606 1045 nostris
2644 992 2896 1058 oneribus
2922 1002 3165 1057 sanctum
3195 1007 3393 1046 nomen
3421 992 3541 1062 ejus
3569 993 3815 1056 extollat,

2245 1080 2496 1147 quoniam
2530 1089 2679 1135 recte
2708 1083 2884 1135 omnis
2916 1083 3029 1135 laus
3072 1083 3142 1135 illi
3174 1083 3433 1147 redditur,
3480 1099 3510 1136 a
3558 1099 3665 1153 quo
3692 1095 3818 1137 vota
3908 1086 3913 1091 ’

2244 1172 2593 1239 complentur.
2641 1173 2769 1227 Item
2816 1171 3175 1241 Sanctificetur
3234 1188 3413 1225 nomen
3467 1183 3647 1237 tuum,
3691 1174 3811 1241 quia

2244 1261 2353 1328 ipsa
2405 1263 2643 1316 oratione
2691 1276 2794 1315 non
2828 1262 3123 1316 continetur
3175 1276 3511 1330 expressum.
3560 1262 3613 1315 ln
3662 1262 3815 1317 nobis

2242 1351 2834 1418 sanctiﬁcetur‘nomen
2900 1360 3079 1418 tuum,
3135 1351 3377 1405 videmur
3451 1367 3557 1406 non
3611 1361 3813 1406 tantum

2244 1440 2402 1514 modo
2430 1454 2525 1509 pro
2564 1440 2716 1519 nobis
2762 1450 2943 1505 optare
2970 1450 3027 1494 ut
3072 1442 3418 1510 sanctiﬁcetur
3457 1456 3638 1494 nomen
3682 1441 3814 1509 ejus,

2242 1531 2335 1586 sed
2366 1542 2419 1583 et
2450 1547 2545 1599 pro
2576 1531 2679 1584 illis
2703 1531 2791 1599 qui
2821 1544 2918 1609 nec
2947 1530 3070 1585 dum
3100 1540 3415 1585 meruerunt
3457 1532 3523 1585 ad
3564 1528 3817 1598 baptismi

2242 1620 2465 1691 gratiam
2495 1622 2802 1691 pervenire;
2848 1636 2969 1675 nam
2995 1623 3044 1675 in
3086 1621 3288 1676 Christi
3336 1622 3642 1689 plenissima
3686 1618 3818 1673 cha-

2247 1714 2403 1769 ritato
2440 1713 2692 1769 docemur
2722 1714 2883 1767 etiam
2927 1729 3021 1781 pro
3070 1714 3298 1767 inimicis
3328 1718 3504 1774 orare,
3535 1712 3654 1780 quia
3696 1711 3819 1779 ipse

2247 1817 2353 1857 non
2381 1805 2579 1858 amicos
2606 1813 2661 1858 et
2689 1802 2889 1868 ﬁdeles,
2937 1802 3029 1857 sed
3076 1802 3413 1857 adversarios
3461 1817 3589 1857 suos
3617 1812 3670 1858 et
3698 1802 3821 1858 cui-

2247 1892 2444 1961 pabiles
2472 1892 2536 1948 de
2560 1893 2745 1947 mortis
2770 1906 2983 1946 carcere
3014 1890 3271 1952 liberavit.

2678 1983 2924 2037 Adveniet
2962 1998 3167 2052 regnum
3206 1991 3366 2036 tuum.

2319 2074 2561 2130 Dubitari
2591 2090 2695 2143 non
2737 2076 2865 2131 licet
2896 2076 3175 2130 Dominum
3202 2066 3383 2128 Deum'
3407 2087 3622 2140 semper
3644 2074 3699 2125 et
3732 2070 3827 2125 hic

2243 2171 2297 2217 et
2342 2164 2537 2232 ubique
2582 2178 2824 2231 regnare,
2878 2178 2977 2216 nec
3028 2160 3311 2233 aliquando
3357 2160 3426 2213 de
3474 2160 3621 2227 regni
3668 2168 3827 2213 sorte

2243 2262 2483 2305 sanctam
2540 2250 2855 2304 Trinitatem
2907 2250 3197 2317 sumpsisse
3248 2250 3609 2319 principium,
3658 2263 3763 2302 nec
3793 2246 3829 2287 δ

2244 2344 2441 2398 habere
2484 2344 2585 2397 ﬁne
2632 2342 3012 2409 claudendum,
3047 2342 3061 2379 ί
3100 2358 3220 2398 cum
3251 2359 3437 2398 revera
3476 2343 3615 2414 apud
3647 2342 3825 2396 Deum

2242 2420 2528 2490 stabilitate
2557 2449 2651 2489 sua
2692 2443 2928 2502 tempora
2968 2449 3072 2488 non
3116 2443 3412 2499 mutentur,
3446 2434 3533 2487 cui
3586 2446 3685 2487 nec
3736 2431 3829 2486 sol

2242 2526 2454 2592 occidit,
2486 2540 2582 2581 uec
2629 2539 2731 2579 nox
2780 2526 2833 2578 in
2861 2524 3029 2579 vicem
3070 2524 3339 2588 succedit;
3370 2524 3462 2577 sed
3514 2538 3637 2578 cum
3677 2522 3829 2575 diei-

2242 2632 2399 2671 mus:
2432 2616 2675 2669 Adveniet
2724 2631 2940 2683 regnum
2984 2624 3157 2677 tuum,
3206 2628 3311 2667 non
3365 2622 3423 2665 ut
3474 2613 3551 2666 illi
3599 2606 3829 2666 aliunde

2242 2703 2505 2770 obveniat,
2558 2704 2612 2757 id
2660 2711 2759 2768 est,
2791 2713 2851 2755 ut
2889 2704 2939 2756 ei
2984 2703 3252 2771 regnuml
3300 2709 3518 2770 praestet
3568 2692 3830 2770 superior

2242 2784 2494 2865 persona,
2530 2792 2557 2831 ιι
2590 2791 2683 2847 sed
2714 2801 2775 2846 ut
2802 2792 2930 2847 illud
2967 2793 3120 2847 nobis
3158 2793 3406 2847 adveniat
3433 2808 3525 2859 per
3556 2791 3831 2848 mediato-

2244 2878 2355 2939 rem
2399 2881 2665 2939 Christum
2696 2882 2964 2953 poscimus
3013 2885 3411 2952 repromissum,
3459 2894 3516 2937 ut
3563 2898 3682 2938 cum
3722 2883 3829 2937 illo

2241 2963 2525 3046 regnemus
2552 2974 2724 3041 liberi,
2752 2974 2837 3043 qui
2868 2974 2921 3028 in
2953 2973 3147 3028 mundo
3167 2988 3383 3051 semper
3412 2970 3430 3010 ι
3459 2974 3687 3027 vivimus
3714 2973 3831 3027 sub

2242 3066 2357 3136 lege
2386 3066 2607 3135 peccati.
2640 3064 2757 3134 lpse
2805 3058 2948 3119 enim
2994 3062 3280 3132 postulavit
3311 3080 3340 3117 a
3375 3063 3535 3119 Patre
3580 3066 3775 3119 dicetis
3810 3084 3825 3119 :

2240 3163 2279 3191 ω
2314 3155 2490 3219 Pater,
2521 3170 2641 3219 quos
2672 3154 2851 3207 dedisti
2894 3152 3039 3216 mihi,
3093 3154 3202 3205 volo
3232 3161 3286 3205 ut
3330 3153 3416 3205 ubi
3454 3164 3550 3223 ego
3592 3169 3733 3215 sum,
3775 3164 3826 3206 et

2242 3245 2320 3299 iltt'
2349 3244 2445 3297 sint
2476 3258 2665 3297 mecum
2705 3240 2880 3312 (Joan.
2914 3256 3040 3304 xvn,
3072 3238 3183 3310 ‘24);
3216 3251 3269 3295 et
3316 3242 3443 3295 alibi
3470 3258 3488 3295 :
3522 3252 3643 3295 tunc
3684 3243 3830 3311 justi

2244 3332 2503 3405 fulgebunt
2527 3335 2655 3387 sicut
2676 3334 2754 3386 sol
2780 3333 2830 3385 in
2858 3348 3013 3402 regno
3044 3329 3218 3385 Patris
3248 3349 3420 3386 eorum
3452 3333 3666 3404 (Matth.
3696 3350 3827 3401 xm,

2244 3428 2357 3498 45).
2400 3426 2632 3498 Denique
2662 3426 2731 3480 ob
2761 3424 2859 3480 hoc
2889 3426 3171 3480 evacnavit
3198 3425 3470 3491 Tartarus,
3504 3436 3561 3479 ut
3608 3428 3832 3495 repleat

2244 3518 2605 3587 cmlos.’Ergo
2639 3519 2737 3572 hoc
2782 3517 2988 3571 ratione
3021 3530 3298 3586 precamur
3340 3528 3394 3573 ut
3441 3534 3656 3589 regnum
3705 3522 3831 3587 eius

2243 3614 2498 3673 adveniat,
2532 3626 2634 3664 non
2666 3620 2723 3661 nt
2750 3611 2864 3678 ipse
2909 3610 3047 3677 quod
3098 3607 3349 3675 possidet,
3404 3610 3505 3665 hoc
3550 3612 3825 3679 acquirat,

2242 3699 2336 3753 sed
2380 3698 2519 3767 quod
2563 3707 2643 3750 est
2696 3692 2847 3751 nobis
2878 3697 3155 3764 pollicitus,
3200 3708 3257 3749 ut
3288 3701 3574 3765 persolvat.
3633 3700 3830 3756 Potest

2241 3801 2296 3845 et
2321 3791 2397 3843 sic
2426 3788 2639 3856 intelligi
2666 3805 2677 3839 :
2708 3789 2947 3841 Adveniat
2974 3800 3183 3857 regnum
3214 3793 3377 3851 tilum,
3422 3788 3474 3839 id
3499 3796 3599 3851 ρει,
3650 3790 3828 3844 θὼρ-

2244 3883 2354 3943 niat
2380 3883 2429 3935 in
2463 3882 2621 3936 corde
2652 3891 2830 3934 nostro
2865 3876 3010 3948 regni
3053 3878 3126 3953 lui
3167 3880 3433 3933 sincerum
3460 3879 3823 3948 desiderium,

2245 3984 2301 4029 ut
2347 3975 2609 4044 possimus
2659 3971 2854 4025 diaboli
2907 3971 3121 4026 vim-ere
3172 3967 3631 4033 blandimentum;
3687 3978 3826 4024 tunc

2244 4068 2383 4123 enim
2430 4066 2479 4118 in
2522 4058 2672 4117 nobis
2718 4061 3022 4128 serpentina
3070 4058 3297 4112 falsitate
3342 4057 3599 4127 subdolus
3645 4058 3825 4112 hostis

2246 4170 2348 4211 nan
2383 4154 2655 4224 praevalet,
2686 4152 2895 4222 quando
2930 4165 3024 4205 nos
3065 4158 3368 4204 Constanter
3398 4148 3611 4217 respicit
3644 4148 3824 4203 divini

2246 4249 2392 4318 regni
2418 4242 2681 4301 desideria
2711 4242 3037 4311 concepisse.
3084 4240 3232 4306 Item,
3260 4250 3513 4310 regnante
3536 4240 3759 4294 Christo
3794 4246 3824 4277 ³

572 4341 713 4410 quod
763 4339 1095 4415 respiramus
1129 4347 1183 4392 et
1244 4340 1486 4393 vivimus.
1555 4337 1916 4404 Sancti/iretur
1965 4354 2142 4391 nomen
2166 4366 2221 4426 υ
2250 4356 2353 4395 non
2395 4349 2568 4409 potest
2609 4340 2660 4391 in
2693 4338 2884 4390 nostris
2914 4335 3226 4403 corporibus
3256 4346 3479 4404 regnare
3508 4344 3821 4399 peccatum.

573 4439 736 4486 tuum:
768 4431 911 4485 Deus
935 4419 1061 4483 cuni
1086 4430 1318 4481 omnium
1368 4430 1436 4483 sit
1480 4428 1868 4484 elementorum
1915 4441 2142 4480 concen-

575 4531 629 4575 tu
661 4517 975 4584 laudandus,
1008 4527 1063 4572 et
1105 4529 1340 4581 sanctus,
1390 4528 1448 4572 ut
1492 4520 1545 4573 in
1594 4519 1745 4574 ttobis
1783 4536 1973 4573 nomen
2023 4519 2140 4588 ejus

575 4609 954 4672 sanctiﬁcetur,
985 4607 1036 4660 id
1084 4616 1186 4670 est,
1233 4606 1454 4661 ﬁrmiter
1484 4616 1745 4673 teneatur,
1790 4618 2057 4678 optamus,
2089 4616 2144 4660 et

578 4700 637 4756 in
662 4714 722 4756 ea
762 4713 861 4769 qua
905 4712 1001 4751 nos
1042 4695 1208 4751 abluit
1253 4696 1497 4764 baptismi
1544 4701 1824 4754 sanctitate
1875 4692 2136 4753 vivamus.

652 4889 677 4917 ⁸
717 4877 871 4941 lbid.,
906 4892 1023 4930 nam
1052 4874 1198 4929 sicut.
1568 4889 1577 4894 α
1622 4900 1625 4901 ν

648 4950 676 4989 δ
718 4950 772 5003 In
810 4948 1017 5001 duobus
1042 4944 1211 4997 Codd.
1230 4984 1245 5006 ,
1278 4959 1431 4995 onera
1460 4954 1620 4996 vestra
1649 4956 1931 5013 portantes.

652 5032 673 5059 ε
698 5020 984 5073 Obscurior
1020 5013 1139 5083 quae
1176 5016 1225 5065 in
1271 5015 1393 5066 Mss.
1427 5016 1727 5077 sententia,
1767 5018 1817 5069 in
1861 5015 2141 5083 Parisiensi

582 5091 823 5145 Editione
862 5082 1115 5140 audacter
1146 5084 1407 5136 illustrata
1428 5084 1503 5135 sic
1531 5084 1719 5149 legitur
1752 5104 1762 5138 τ
1797 5086 1897 5150 Qui
1917 5086 1979 5136 de
2006 5082 2143 5136 Filio

579 5178 731 5230 quam
760 5159 949 5224 injuste
990 5156 1370 5230 sentiunt,_tatn
1406 5150 1574 5230 aADeo
1607 5154 1759 5207 Patre
1787 5164 1967 5230 nostra
1996 5154 2143 5230 recisi

579 5222 717 5291 sunt,
751 5222 883 5281 clleo:
910 5235 1053 5292 patre
1075 5238 1168 5277 suo
1198 5222 1400 5275 diabolo
1430 5226 1645 5291 fructum
1673 5227 1839 5278 carnis
1865 5226 2137 5292 recipiunt;
2212 5262 2215 5263 ν

584 5314 634 5355 et
656 5301 779 5369 quia
810 5299 861 5349 in
898 5298 1032 5347 Cod.
1070 5294 1347 5374 Palmanni
1381 5302 1639 5373 pastreuta
1678 5293 1877 5374 periodi
1907 5293 2142 5369 clausula

585 5365 748 5435 posita
780 5376 913 5427 erat,
959 5380 1075 5419 eam
1118 5379 1217 5417 nos
1240 5365 1349 5432 jam
1396 5365 1712 5431 recepimus,
1758 5365 1811 5417 in
1854 5365 2143 5433 marginem

496 5466 499 5467 ν
584 5439 776 5507 rejects
807 5446 1004 5489 vetere.
1034 5436 1217 5487 Dnow.

502 5506 506 5513 ’
653 5507 677 5543 ἀ
712 5506 830 5567 Max,
868 5506 1037 5572 furore
1059 5503 1255 5555 carnali

660 5585 682 5611 ο
716 5546 832 5633 Ms:
864 5541 979 5624 itum
1010 5573 1133 5637 quid
1162 5573 1409 5623 invenitur
1430 5574 1718 5636 superier?.

657 5642 679 5683 ¹
714 5643 858 5700 Unus
879 5642 1007 5697 Cod.
1044 5641 1186 5708 Vat.,
1214 5642 1375 5711 magis
1403 5642 1509 5711 ipse
1531 5653 1709 5698 cuncta
1739 5640 2037 5708 sanctiﬁcet.

2248 4433 2373 4486 Item
2413 4446 2532 4484 cum
2572 4430 2799 4497 dicimus
2840 4426 3087 4487 Adveniet
3128 4442 3336 4496 regnum
3382 4433 3544 4485 luunt.
3580 4424 3823 4479 ‘admo-

2248 4536 2435 4574 uemur
2464 4530 2519 4574 ut
2553 4520 2623 4571 nil
2664 4517 2730 4571 de
2778 4519 2967 4571 terreni
3001 4516 3148 4586 regni
3177 4514 3371 4570 divitiis
3417 4518 3822 4584 exspectemus,

2247 4614 2570 4679 qni'omnem
2596 4624 2744 4679 spem
2776 4610 2827 4663 in
2856 4607 3014 4663 futuri
3043 4610 3190 4679 regni
3214 4608 3461 4662 facultate
3491 4600 3822 4673 plantamus.

2248 4701 2373 4755 item
2423 4701 2662 4753 Adveniat
2692 4717 2899 4769 regnum
2941 4710 3124 4751 tuum:
3155 4699 3455 4765 agnoscitur
3500 4695 3584 4748 bis
3631 4694 3829 4748 verbis

2317 4886 2341 4923 ε
2374 4872 2523 4938 Iltid.,
2549 4874 2993 4943 sanrtiﬁcatianem
3022 4875 3349 4944 requiremus.

2314 4946 2342 4985 ιι
2374 4948 2495 5011 Ms.,
2518 4946 2710 4998 haberi.
2970 4984 2977 4990 .

2323 5018 2334 5055 ί
2378 5016 2529 5079 lbid.,
2557 5026 2728 5069 revera
2757 5026 2871 5068 eum
2894 5015 3053 5086 apud.

2321 5093 2335 5138 t
2376 5087 2525 5149 lbid.,
2557 5087 2861 5157 prestituunt
2902 5081 3166 5153 superiora
3207 5096 3467 5151 persona;
3506 5081 3568 5137 in
3612 5081 3797 5142 alter.

2247 5161 2534 5229 prastitura
2563 5158 2822 5229 superiore
2846 5163 3079 5229 persona.
3463 5221 3475 5229 .
3556 5222 3568 5229 _
3666 5224 3683 5229 _
3728 5210 3745 5223 χ

2320 5232 2345 5269 ι
2372 5229 2424 5281 ltl
2456 5244 2559 5282 uno
2580 5221 2739 5290 Cod.,
2766 5221 2857 5281 Sed
2882 5224 3031 5283 nobis
3053 5221 3240 5277 scilicet
3261 5230 3317 5273 ut
3343 5221 3475 5275 ιιιιά
3500 5221 3758 5285 adueniat,

2324 5290 2339 5329 ¹
2374 5300 2528 5362 lbid.,
2555 5301 2711 5366 quiin
2735 5298 2924 5350 mundo
2947 5295 3281 5366 εει-υἱιιὶιιιιιιε.Δ
3331 5362 3343 5366 Α
3417 5363 3426 5366 _
3618 5318 3625 5323 ι

2320 5376 2358 5405 ω
2385 5361 2539 5429 lbid.,
2567 5361 2730 5421 'l'ater
2769 5366 2854 5417 ubi
2893 5378 2987 5432 ego
3024 5376 3161 5427 sunt,
3186 5361 3344 5416 nisti
3384 5363 3484 5418 sint
3513 5380 3733 5421 mesen.
3760 5361 3813 5419 Ir

2250 5442 2433 5503 altero,
2470 5437 2645 5501 Pater,
2677 5448 2722 5490 et
2746 5437 2828 5487 isti
2848 5436 2949 5486 sint
2977 5448 3188 5503 mecum.

2317 5515 2345 5544 ι
2374 5511 2425 5561 in
2454 5509 2642 5569 ai'ero',
2672 5516 2771 5557 non
2793 5503 2949 5569 possit
2976 5502 3029 5553 in
3051 5503 3239 5557 nostris

2322 5587 2345 5613 °
2380 5579 2434 5633 In
2456 5584 2565 5631 uno
2593 5573 2749 5639 (ἔσϐη
2778 5572 3093 5642 ασποκιιν,
3118 5574 3173 5627 Il
