3952 6222
561 324 664 386 319

1306 324 1626 384 VENANT"
1667 324 1821 382 "ON.
1863 322 2070 379 CLEM.
2112 320 2396 405 OPEARUM
2436 322 2835 383 FORTUNATI
2874 322 3052 380 PARS
3091 321 3136 378 1.

3708 317 3818 381 530

490 448 505 461 ‘
559 455 662 500 nec
689 438 881 508 aliquis
920 436 1162 496 coriilteri
1188 448 1509 508 praesumat;
1540 438 1645 492 imo
1672 436 2116 507 magisdeprece-
2154 439 2203 498 Α
2230 433 2508 501 habemus,
2563 434 2664 490 nisi
2700 434 2921 505 singulis
2975 434 3194 502 diebus,
3249 435 3479 492 Domino
3525 435 3812 507 largiente,

560 543 668 599 tur,
718 542 774 588 ut
804 534 891 588 fiat
921 535 1160 593 voluntas
1201 531 1294 587 Dei
1342 534 1394 585 in
1441 532 1683 595 homine;
1740 545 1843 585 non
1895 530 2123 584 hominis

564 620 835 690 voluntas,
876 640 993 694 quae
1020 626 1212 680 bonum
1240 624 1512 701 velle‘nou
1543 624 1721 691 habet,
1739 624 1837 677 nisi
1869 623 2123 677 Dominus

563 715 787 783 inspiret
826 716 976 784 juxta
1032 713 1209 770 illud:
1244 713 1380 769 Deus
1411 730 1574 777 meus,
1624 715 1971 769 misericordia
2014 718 2124 784 ejus

560 806 829 874 prirveuiet
858 821 936 859 me
964 803 1131 875 (Psal.
1161 805 1332 875 Lvm).
1367 805 1504 876 Ergo
1530 821 1635 861 non
1668 806 1895 859 hominis
1930 805 2123 860 volun-

564 906 644 952 t-as
676 896 929 965 praevenit
971 896 1157 961 Deum,
1182 895 1276 951 sed
1333 896 1423 950 Dei
1464 897 1824 953 misericordia
1870 898 2126 965 prteveuit

564 986 859 1055 hominem,
887 1001 992 1043 non
1032 988 1319 1052 volentem,
1366 990 1634 1057 quoniam,
1683 990 1819 1043 sicut
1866 982 2153 1059 scriptum.

490 1108 495 1113 λ
562 1088 681 1134 est:
719 1078 856 1133 Deus
895 1087 999 1145 est,
1047 1081 1137 1149 φσί
1176 1083 1430 1153 justiﬁcat
1476 1081 1686 1148 impium
1716 1082 1888 1151 (liam.
1926 1096 2011 1157 tv,
2045 1081 2121 1149 5).

559 1166 691 1222 Item
725 1184 738 1220 :
774 1166 997 1240 Spiritus
1043 1168 1128 1223 ubi
1176 1171 1280 1224 uult
1322 1172 1484 1241 spirat
1517 1170 1689 1241 (Joan.
1725 1187 1801 1233 ιιι,
1830 1171 1907 1237 8).
1940 1170 2124 1241 igitur,
2162 1214 2163 1217 η

564 1271 731 1325 quare
758 1273 861 1312 non
906 1261 1264 1331 unusquisque
1305 1262 1637 1331 recognoscit
1686 1262 1932 1315 tenebras
1974 1266 2123 1328 suas,

508 1390 513 1399 .
561 1360 630 1401 ne
661 1347 1011 1418 illuminatus,
1044 1357 1293 1418 tanquam
1324 1350 1554 1419 lampas,
1608 1365 1725 1420 quae
1753 1352 1965 1423 aliunde
1990 1368 2121 1421 (suc-

541 1437 823 1505 ’Cenditur,
869 1455 962 1508 per
989 1443 1360 1496 ventositstem
1395 1456 1505 1496 sum
1536 1443 1798 1511 superbia:
1825 1446 2126 1513 exstingua-

536 1540 667 1598 ‘tur,
703 1541 759 1588 et
786 1533 1046 1591 subducto
1083 1535 1368 1605 splendore
1399 1545 1609 1590 iiiaiieat
1640 1538 1691 1590 in
1722 1536 1975 1591 caecitatis
2000 1537 2128 1591 cali-

560 1630 703 1701 gine,
755 1630 899 1694 dum,
950 1631 991 1684 si
1044 1630 1165 1700 quid
1221 1630 1415 1683 bonum
1467 1631 1604 1703 velle
1649 1631 1829 1696 habet,
1871 1632 1951 1685 sui
2008 1645 2128 1685 esse

2226 542 2498 582 sumamus
2533 528 2559 566 ει
2582 530 2731 597 juxta
2763 528 2903 596 quod
2932 528 3168 597 legiturx:
3202 527 3363 582 Omne
3407 530 3583 584 datum
3619 529 3815 593 bonum

2227 626 2273 672 et
2298 635 2443 672 omne
2468 619 2658 672 donum
2701 622 2977 688 perfectum
3026 619 3293 675 desursum
3326 627 3401 674 est
3433 618 3574 692 (Jac.
3604 605 3644 690 ἐ,
3680 623 3807 691 l7);

2227 716 2286 762 ut
2310 707 2512 762 domini
2545 708 2691 763 Pauli
2724 714 2940 763 teneant
2978 708 3118 765 dicta
3141 710 3506 776 concordiam,
3529 720 3585 766 et
3611 698 3733 777 nos,
3762 713 3807 766 si

2230 813 2389 854 omne
2442 800 2634 854 bonum
2674 800 2751 854 "ad
2791 799 2888 855 Dei
2938 800 3236 857 referentes
3282 802 3540 872 gratiam,
3594 795 3807 881 fidelem

2231 902 2256 930 °
2285 895 2665 964 consequimur
2694 894 3015 951 doctrinam.
3063 895 3194 965 Nam
3234 897 3535 966 quicunque
3564 897 3808 967 apostolo

2192 1018 2202 1031 .
2227 982 2409 1048 Paulo,
2443 985 2493 1038 id
2520 993 2623 1050 est,
2650 984 2805 1069 oculo
2844 980 3118 1051 Ecclesiae,
3146 1000 3264 1040 cum
3296 984 3453 1040 beato
3484 985 3804 1057 Augustino,

2227 1074 2344 1143 ejus
2375 1090 2627 1144 sequare,
2659 1086 2941 1143 consonat,
2972 1077 3026 1131 in
3058 1091 3123 1132 eo
3144 1076 3455 1148 ignorantia:
3497 1078 3669 1150 caligo
3698 1094 3803 1134 non

2228 1172 2435 1233 regnat.
2461 1166 2613 1231 Quod
2642 1177 2819 1220 autem
2850 1166 2918 1221 de
2963 1167 3167 1221 duabus
3198 1169 3315 1233 viis,
3347 1168 3397 1221 id
3429 1178 3530 1232 est,
3574 1169 3800 1237 spatiosa

2228 1262 2282 1307 et
2310 1264 2530 1323 angusta
2556 1249 2774 1323 'dieitur,
2826 1265 2885 1310 ut
2909 1258 3029 1324 quis
3052 1272 3144 1327 per
3180 1274 3337 1329 quam
3363 1260 3581 1329 elegerit
3601 1259 3806 1330 gradia-

2232 1357 2334 1410 tur,
2372 1362 2465 1414 per
2495 1348 2784 1414 spatiosam
2813 1348 3027 1417 quidem
3076 1351 3265 1405 laxatis
3302 1348 3472 1404 frenis
3508 1348 3531 1388 ί
3561 1350 3697 1405 iiber
3725 1350 3804 1406 in-

2229 1430 2395 1503 cedis,
2429 1439 2661 1505 peccatis
2689 1439 3019 1513 famulando.
3061 1438 3115 1493 in
3142 1453 3367 1509 angusra
3400 1454 3533 1495 vero
3561 1439 3802 1496 conside-

2229 1543 2407 1584 remus
2443 1532 2752 1611 Apostolum
2784 1532 3051 1586 dicentem
3082 1546 3096 1584 :
3134 1516 3202 1586 Ut
3247 1534 3400 1605 digne
3425 1533 3695 1589 ambuletis
3722 1551 3807 1590 eo-

2232 1623 2426 1677 catione
2448 1640 2547 1693 qua
2576 1625 2739 1677 vocati
2763 1625 2902 1690 estis,
2936 1642 3027 1694 per
3052 1625 3330 1680 Dominum
3350 1624 3530 1681 Iesum
3554 1626 3807 1682 Christum

558 1727 710 1788 putet
740 1719 966 1785 arbitrii,
991 1727 1015 1757 ι
1048 1730 1101 1775 ει.
1151 1735 1256 1774 non
1289 1719 1410 1775 inde
1450 1722 1646 1789 gratias
1678 1718 1813 1774 ferat
1859 1721 2121 1788 eollatori,
2172 1756 2188 1770 .
2234 1713 2393 1785 (Eph.
2421 1732 2491 1778 iv,
2522 1717 2594 1783 l).
2628 1714 2695 1770 Et
2720 1717 2840 1770 ideo
2869 1732 2979 1771 nou
3008 1717 3153 1787 eligit
3181 1717 3397 1786 aliquis,
3430 1732 3531 1771 nec
3570 1718 3640 1771 ad
3667 1720 3806 1773 viam

557 1823 613 1870 et
653 1830 720 1867 ne
766 1813 944 1868 audiat
990 1814 1203 1866 tandem
1232 1792 1374 1880 quod
1426 1812 1620 1864 dicitur
1649 1830 1660 1864 :
1698 1812 1799 1874 Qui
1827 1821 1995 1866 autem
2026 1830 2125 1867 non
2158 1790 2209 1851 Β
2234 1800 2491 1875 pervenit,
2521 1808 2618 1861 nisi
2644 1817 2668 1855 κ
2693 1818 2909 1862 vocatus
2937 1806 3099 1863 fuerit
3127 1811 3192 1862 ab
3217 1824 3305 1876 eo,
3330 1809 3420 1878 qui
3450 1809 3535 1863 via
3567 1816 3671 1877 est,
3694 1810 3808 1865 vita

561 1905 723 1967 liabet,
754 1912 803 1958 et
840 1902 976 1975 quod
1015 1902 1161 1957 habet
1205 1904 1464 1969 auferetur
1502 1904 1563 1955 ob
1593 1918 1651 1956 eo
1684 1901 1872 1973 (Marc.
1903 1919 1973 1969 tv,
1999 1904 2123 1974 25);

560 1994 663 2051 hoc
688 2002 790 2062 est,
824 1992 877 2049 in
906 2008 1007 2063 quo
1033 1992 1183 2066 [Ms.,
1219 1993 1377 2064 quod]
1410 2008 1502 2059 per
1522 1992 1746 2061 gratiam
1779 1996 2121 2062 prmve‘uitur,

561 2086 660 2139 nisi
692 2085 797 2139 Deo
827 2085 949 2139 illud
976 2085 1304 2153 ascripserit,
1332 2099 1423 2153 per
1443 2083 1741 2151 superbiam
1771 2084 1870 2149 hoc
1897 2080 2121 2139 amitt‘et.

561 2174 820 2240 Quoniam
857 2175 1003 2242 juxta
1035 2178 1373 2242 scripturam,
1426 2170 1801 2242 ipsa'uoluntas
1845 2193 1875 2228 a
1904 2176 2125 2232 Domino

561 2276 899 2335 prteparatur.
956 2265 1240 2321 Audiamus
1288 2263 1347 2318 in'
1372 2264 1473 2321 hac
1518 2276 1667 2335 parte
1694 2256 2001 2330 1doctorem,
2032 2268 2127 2321 ubi

559 2354 722 2407 dixit:
748 2355 846 2420 Qui
875 2355 1097 2425 loquitur
1121 2357 1455 2419 mendacium,
1484 2358 1547 2408 de
1573 2350 1664 2409 suo
1692 2357 1913 2424 loquitur
1941 2355 2118 2427 (Joan.

561 2443 697 2512 vni).
749 2444 921 2509 Quare
968 2458 1071 2498 non
1113 2445 1314 2500 addidit
1357 2453 1413 2500 et
1455 2447 1545 2514 qui
1587 2446 1819 2516 loquitur
1844 2448 2121 2503 veritatem

562 2535 628 2589 de
656 2549 750 2588 suo
781 2535 1037 2603 loquitur,
1084 2535 1266 2593 nisiut
1315 2536 1415 2592 hoc
1459 2540 1705 2607 exemplo
1754 2546 1963 2594 constet
1990 2556 2121 2607 quo-

562 2625 700 2679 niam
725 2640 842 2678 cum
873 2627 1146 2681 veritatem
1189 2628 1377 2698 aliquis
1426 2626 1677 2699 loquitur.
1704 2630 1770 2685 de
1799 2630 1893 2685 Dei
1924 2631 2116 2702 gratia,

565 2732 668 2772 non
696 2718 761 2774 de
787 2734 880 2772 suo
908 2720 1153 2776 habuisse
1182 2719 1282 2778 hoc
1320 2721 1512 2777 bonum
1544 2724 1839 2791 specialiter
1868 2738 2120 2792 agnosca-

563 2812 686 2865 tur?
706 2812 959 2878 Quoniam
983 2813 1047 2867 de
1069 2822 1251 2869 nostro
1271 2814 1443 2869 solum
1475 2814 1728 2868 habemus
1752 2814 2118 2878 mendacium;

566 2916 683 2956 nam
717 2919 833 2957 cum
864 2905 974 2971 ipsa
1006 2903 1209 2959 Veritas
1232 2904 1371 2959 Deus
1400 2905 1487 2965 sit,
1518 2904 1605 2971 qui
1636 2898 1865 2970 loquitur
1891 2886 1957 2957 de
1985 2904 2120 2971 Deo,

566 2990 703 3044 unde
734 2992 785 3046 in
833 2992 1048 3046 homine
1100 2993 1353 3047 mendsce
1402 3006 1559 3046 causa
1618 2993 1855 3045 veritatis
1898 2994 1988 3058 sit,
2021 2993 2120 3047 nisi

563 3083 674 3150 ipsa
710 3083 912 3136 Vero...
952 3098 1012 3138 .e
1050 3084 1329 3150 ministret,
1384 3085 1483 3138 hoc
1511 3093 1609 3151 est,
1662 3085 1759 3139 nisi
1812 3086 1863 3139 in
1905 3085 2121 3141 homine

564 3171 734 3240 ipsam
770 3178 958 3226 bullam
990 3172 1310 3229 voluntatem
1342 3174 1479 3229 Deus
1506 3177 1740 3229 veritatis
1768 3177 2008 3244 inspiret,
2034 3178 2121 3245 qui

564 3273 618 3319 et
647 3265 780 3318 velle
808 3265 1009 3333 tribuit,
1040 3276 1095 3320 et
1126 3282 1281 3335 posse
1309 3268 1636 3335 complevit?
1686 3269 1785 3322 Sed
1809 3269 1852 3321 si
1882 3269 1997 3335 quis
2030 3269 2125 3322 ob-

559 3353 866 3424 jiciatquod
897 3358 1178 3424 Apostolus
1219 3359 1337 3413 ait:
1376 3358 1514 3412 Velle
1553 3361 1753 3431 adjacet
1795 3359 1917 3411 mihi
1946 3358 2121 3429 (Rom.

563 3457 651 3509 vn,
690 3443 800 3512 18),
836 3460 954 3499 cum
983 3447 1095 3515 ipse
1122 3447 1277 3503 dicit:
1311 3447 1449 3502 Deus
1492 3450 1577 3519 qui
1622 3450 1673 3502 in
1718 3449 1853 3502 vobis
1886 3459 2125 3518 operatur

565 3542 609 3586 et
632 3534 755 3587 velle
786 3533 808 3569 ι)
842 3544 888 3589 et
914 3537 1156 3605 perficere
1184 3554 1275 3607 pro
1307 3538 1435 3591 bona
1458 3539 1713 3593 voluntate
1742 3539 1905 3612 (Phil.
1925 3554 1984 3605 ιι,
2004 3540 2121 3609 15);

565 3636 691 3691 ergo
719 3624 761 3674 si
808 3626 927 3691 quis
952 3625 1093 3680 dicat
1126 3628 1251 3695 quia
1283 3628 1451 3694 ipsam
1491 3628 1821 3682 voluntatem
1854 3630 1990 3683 Deus
2019 3644 2124 3685 nou

571 3714 812 3781 inspirat,
882 3726 1133 3784 quantum
1187 3718 1252 3770 ad
1303 3717 1437 3772 hanc
1488 3718 1889 3783 intelligentiam
1941 3721 2124 3774 beatus

567 3796 761 3856 Paulus
822 3812 842 3840 ε
899 3818 1000 3858 ιιοιι
1050 3804 1315 3874 discrepat
1362 3806 1641 3860 sentiendo
1687 3807 1928 3873 diversa;
1987 3808 2126 3863 absit

538 3930 541 3933 ι
567 3893 707 3947 enim
740 3904 793 3947 ut
825 3894 912 3949 ille
938 3895 1018 3949 vir
1045 3900 1314 3963 pacificus,
1340 3900 1426 3967 qui
1460 3913 1564 3951 uno
1590 3899 1886 3969 eodemque
1915 3899 2125 3953 loeutus

566 3995 647 4040 est
688 3985 894 4054 spiritu,
938 3985 988 4042 in
1032 3987 1113 4040 his
1154 3988 1308 4042 dictis
1348 3988 1601 4043 Ecclesiae
1630 3998 1937 4059 generasset
1972 4005 2128 4044 sean-

567 4079 763 4132 dalum.
803 4079 953 4133 Unde
977 4079 1164 4134 doctor
1201 4083 1433 4148 gentium
1462 4083 1598 4136 velle
1634 4082 1736 4135 sibi
1768 4081 2013 4150 adiacere
2041 4081 2126 4136 di-

570 4168 741 4233 cebat,
775 4169 1021 4235 quoniam
1053 4182 1157 4221 non
1188 4171 1355 4222 solum
1388 4170 1694 4237 inspiratus,
1724 4169 1816 4224 sed
1844 4171 2000 4223 etiam
2032 4185 2126 4226 vas

570 4254 841 4313 electionis
884 4257 1133 4327 fulgebat,
1166 4260 1252 4327 qui
1281 4258 1459 4312 docuit
1506 4258 1686 4313 dicens
1719 4277 1729 4311 :
1764 4258 1902 4312 Deus
1923 4270 2015 4323 est,
2041 4262 2127 4329 qui

570 4352 621 4405 in
650 4350 788 4403 vobis
815 4362 1053 4421 operatur
1078 4359 1126 4404 et
1152 4350 1295 4404 velle.
1333 4350 1557 4416 Deinde,
1581 4350 1727 4418 'quid
1761 4350 1949 4417 habes,
1985 4351 2123 4418 quod

569 4457 672 4497 non
702 4442 987 4511 accepisti?
1036 4456 1097 4495 ac
1145 4442 1187 4495 si
1218 4441 1437 4505 diceret,
1486 4442 1611 4513 quid
1669 4424 1815 4496 boni’
1839 4451 1921 4495 est
1951 4442 1999 4494 in
2036 4451 2084 4495 te
2107 4482 2123 4507 ,

567 4540 665 4594 nisi
698 4540 785 4593 det
816 4538 905 4593 ille
932 4537 1021 4606 qui
1052 4537 1171 4591 fecit
1204 4541 1299 4593 te?
1342 4538 1471 4591 Nam
1503 4538 1546 4592 si
1578 4538 1771 4591 bonam
1801 4536 2125 4589 voluntatem

569 4630 705 4683 Deus
749 4644 849 4683 non
885 4628 1106 4691 confert,
1138 4629 1229 4682 sed
1262 4644 1327 4683 ex
1358 4636 1408 4682 te
1436 4638 1516 4683 est
1543 4629 1681 4697 quod
1714 4639 1765 4681 tu
1799 4629 1983 4693 habes,
2027 4625 2127 4681 iste

567 4728 817 4779 mentitus
849 4734 948 4789 est,
980 4725 1068 4793 qui
1097 4726 1229 4779 dixit
1260 4727 1440 4794 :‘Quid
1473 4728 1641 4792 habes,
1674 4730 1807 4793 quod
1848 4746 1945 4782 non
1985 4744 2127 4780 acce-

564 4820 696 4889 peris
728 4815 1084 4883 (lCor.Lx1v,
1115 4817 1207 4885 7)?
1256 4819 1404 4873 Unde
1451 4819 1574 4871 tolle
1630 4818 1719 4875 Dei
1768 4821 2151 4885 voluntatem,.

571 4924 689 4963 mox
727 4922 955 4977 agnosco
982 4907 1024 4960 si
1080 4916 1131 4960 tu
1165 4924 1255 4976 per
1288 4922 1336 4962 te
1366 4910 1428 4962 ad
1463 4912 1656 4962 bonum
1709 4910 1868 4961 habes
1897 4902 2123 4977 aliquam

569 5003 913 5063 voluntatem,
948 5014 1064 5054 cum
1091 5001 1187 5052 nisi
1221 5014 1247 5051 a
1272 5002 1485 5055 Christo
1514 5004 1657 5055 velut
1690 5002 1900 5055 lucerna
1932 5001 2127 5053 illumi-

570 5094 730 5157 neris,
759 5092 1011 5161 quotidie,
1058 5090 1342 5143 nesciendo
1380 5091 1501 5157 quid
1531 5093 1746 5161 eligeret
1772 5091 1946 5143 divina
1979 5098 2128 5157 pote-

567 5192 696 5251 stas,
725 5182 956 5236 excedis.
977 5182 1224 5235 Dicamus
1248 5179 1514 5245 humiliter
1536 5181 1656 5247 quia
1679 5180 1809 5233 nihil
1843 5180 1963 5234 boni
1991 5180 2124 5233 velle

634 5346 661 5373 ευ
693 5337 813 5403 llis.,
843 5338 1041 5391 exinde.
1078 5335 1216 5401 Mox,
1249 5348 1383 5388 unus
1413 5332 1544 5388 Cod.
1572 5332 1719 5397 Vat.,
1752 5337 1980 5405 conferat
2020 5334 2126 5387 col-

561 5408 725 5464 latori.

631 5477 655 5514 1’
691 5482 745 5534 in
777 5488 882 5533 uno
912 5479 1043 5533 Cod.
1078 5480 1219 5541 Vat.,
1249 5486 1295 5528 et
1319 5476 1441 5530 velle
1467 5484 1512 5529 et
1535 5475 1755 5541 aperari.

642 5562 662 5587 ε
696 5551 848 5613 lbid.,
875 5561 991 5603 ante
1024 5551 1300 5616 discrepat,
1330 5546 1487 5599 deest.
1514 5562 1636 5607 non,
1680 5560 1739 5599 ac
1770 5546 1811 5599 si
1840 5561 1931 5612 per
1960 5546 2120 5597 inter-

569 5624 891 5686 rogationem
961 5621 1222 5673 seutcntia
1270 5616 1537 5671 efferatur.
1591 5616 1780 5670 Postea
1832 5616 2115 5671 subditur:

563 5688 666 5742 Sed
691 5690 836 5751 absit,
865 5700 965 5743 etc.

632 5760 657 5798 ά
687 5759 840 5824 l‘bid.,
865 5762 1018 5827 juxta
1042 5758 1189 5825 illud,
1247 5756 1383 5827 quod
1414 5755 1619 5828 legitur.

2226 1910 2279 1953 et
2322 1899 2538 1953 veritas.
2571 1897 2676 1951 Sed
2728 1899 2780 1953 in
2815 1899 2914 1953 hac
2962 1899 3045 1953 via
3075 1914 3193 1953 cum
3235 1899 3483 1969 Apostoli
3535 1899 3711 1956 verbis
3753 1908 3810 1958 et

2227 1990 2499 2058 praeceptis
2544 1991 2861 2060 evangelicis
2894 1994 3273 2057 excurramus,
3314 1992 3559 2048 dicentes
3610 1994 3683 2049 ad
3712 2008 3816 2051 eos

2224 2082 2312 2149 qui
2337 2081 2443 2148 jam
2472 2097 2534 2136 ex
2562 2081 2762 2137 Judaeis
2793 2083 2845 2137 in
2877 2082 3091 2138 Christo
3117 2094 3269 2139 erant
3298 2082 3403 2158 lide
3430 2087 3678 2141 conversi
3706 2104 3722 2139 :
3768 2087 3816 2141 si

2224 2184 2308 2225 vos
2321 2169 2488 2226 Filius
2515 2173 2813 2236 liberaverit,
2830 2184 2949 2226 tunc
2970 2175 3116 2228 liberi
3144 2177 3282 2228 eritis
3303 2173 3332 2211 ιλ
3355 2175 3536 2243 (Joan.
3554 2190 3669 2238 ml,
3686 2174 3808 2241 56).

2225 2263 2288 2316 Et
2306 2264 2556 2331 quidnam
2575 2266 2713 2321 istud
2744 2267 3025 2327 attendite.
3060 2269 3175 2335 ipso
3196 2268 3423 2324 Domino
3442 2271 3812 2338 praedicante:

2225 2352 2286 2407 Si
2314 2355 2594 2407 manseritis
2624 2355 2675 2407 in
2692 2358 2813 2408 ‘meo
2842 2356 3007 2423 verba,
3034 2371 3145 2410 vere
3171 2357 3417 2427 discipuli
3447 2360 3546 2413 mei
3567 2360 3735 2427 eritis,
3768 2370 3817 2415 et

2224 2447 2529 2517 cognoscetis
2554 2448 2828 2513 veritatem,
2850 2458 2896 2501 et
2913 2450 3097 2503 veritas
3119 2450 3350 2504 liberavit
3373 2468 3461 2506 vos
3477 2450 3642 2523 (Ibid.
3656 2468 3815 2519 xxxx,

2224 2535 2349 2607 5%);
2406 2552 2467 2590 ac
2498 2552 2591 2607 per
2634 2536 2736 2593 hoc
2776 2538 3025 2593 hortatur“
3055 2549 3111 2594 ut
3147 2540 3424 2610 sequendo
3474 2543 3608 2598 illud
3666 2546 3814 2614 quod

2222 2628 2367 2684 dedit
2414 2644 2507 2700 per
2535 2631 2779 2701 gratiam,
2825 2644 2922 2685 nos
2950 2630 3015 2684 ad
3042 2628 3645 2707 veramfliberationem
3678 2648 3806 2702 per-

2223 2720 2397 2775 ducat.
2430 2719 2580 2776 Unde
2610 2732 2734 2776 tunc
2768 2725 2929 2776 homo
2960 2716 3192 2790 perfecte
3223 2724 3276 2776 in
3322 2723 3525 2777 bonum
3577 2726 3812 2781 liberum

2225 2813 2518 2879 possidebit
2559 2812 2869 2877 arbitrium,
2928 2812 3167 2879 quando.
3196 2812 3413 2867 omnino
3456 2827 3563 2867 non
3608 2815 3815 2881 poterit

2225 2905 2423 2958 servire
2447 2912 2679 2972 peccato.
2715 2903 2846 2958 item
2880 2920 2892 2955 :
2934 2901 3055 2957 Fiat
3079 2904 3309 2961 voluntas
3331 2912 3419 2974 tua
3442 2905 3570 2957 sicut
3593 2905 3649 2957 in
3681 2904 3813 2960 cale

2225 2996 2343 3047 etin
2365 3003 2517 3060 terra,
2542 2994 2591 3049 id
2622 3004 2723 3060 est,
2756 2995 2891 3048 sicut
2920 2994 2973 3047 in
3003 2996 3153 3049 castis
3191 2994 3385 3062 angeli,
3433 2994 3506 3049 ita
3541 3005 3595 3049 te
3629 2995 3813 3050 humi-

2229 3087 2371 3143 nesi
2427 3103 2742 3144 veneremur
2788 3088 2839 3141 in
2886 3088 3061 3143 terris.
3112 3087 3174 3141 Et
3226 3087 3681 3157 quemadmodum
3736 3089 3815 3145 illi

2228 3181 2511 3234 concordia
2543 3180 2866 3248 inculpabili,
2902 3179 3164 3233 charitate
3194 3178 3398 3243 devoti,
3430 3179 3484 3233 in
3514 3178 3680 3234 laude
3714 3181 3814 3236 Dei

2228 3270 2474 3347 videntur
2515 3270 2711 3338 iugiter
2739 3270 3022 3329 inhaerere,
3068 3260 3142 3321 ita
3170 3272 3267 3321 nos
3307 3268 3362 3321 in
3390 3283 3489 3321 suo
3523 3270 3731 3323 timore
3759 3280 3816 3324 et

2227 3373 2408 3414 amore
2428 3358 2611 3430 jubeat
2635 3359 2751 3414 sine
2780 3358 2898 3414 labe
2930 3373 3175 3433 purgare.
3210 3358 3337 3413 item
3368 3375 3384 3414 :
3411 3357 3533 3414 Fiat
3558 3360 3807 3415 voluntas

2227 3458 2347 3513 tua;
2376 3450 2426 3503 id
2465 3459 2567 3517 est,
2611 3448 2751 3504 sicut
2779 3449 3019 3517 spiritus,
3055 3443 3147 3519 qui
3189 3447 3257 3504 de
3284 3449 3438 3504 cmlis
3465 3457 3519 3505 et
3561 3451 3813 3506 caelestia

2226 3543 2441 3613 cogitat,
2488 3551 2540 3596 et
2590 3540 2660 3595 ita
2697 3550 2749 3597 et
2793 3555 2939 3607 caro,
2975 3556 3093 3611 quae
3130 3541 3199 3597 de
3253 3552 3392 3597 terra
3438 3553 3543 3611 est,
3592 3554 3813 3599 terrena

2227 3647 2331 3686 non
2357 3631 2570 3699 cupiat;
2610 3631 2705 3685 sed
2735 3645 2855 3701 qua:
2883 3641 3011 3686 sunt
3042 3631 3283 3701 spiritus,
3314 3632 3431 3687 haec
3454 3629 3723 3703 intendat,
3757 3643 3813 3690 et

2226 3723 2375 3789 quasi
2430 3724 2559 3776 facta
2612 3721 2899 3775 concordia
2942 3721 3141 3791 pariter
3188 3723 3255 3776 ad
3306 3724 3471 3778 cmlos
3523 3725 3807 3783 ascendat.

2228 3808 2367 3878 Ergo
2392 3810 2518 3862 sicut
2562 3810 2615 3861 in
2640 3810 2784 3874 ctelo,
2818 3808 2872 3862 id
2902 3819 3005 3875 est,
3049 3810 3103 3863 in
3132 3812 3341 3878 spiritu,
3370 3812 3443 3864 ita
3470 3823 3517 3865 et
3567 3815 3622 3865 in
3645 3824 3805 3879 terra,

2216 3900 2277 3955 id
2304 3911 2405 3965 εει,
2431 3900 2483 3952 in
2511 3913 2670 3953 carne
2699 3898 2787 3951 ﬁat
2818 3899 2911 3954 Dei
2938 3898 3203 3965 voluntas,
3225 3909 3283 3955 ut
3308 3900 3417 3969 jam
3447 3911 3569 3971 post
3590 3904 3805 3957 adven-

2230 4004 2338 4048 tum
2377 3991 2571 4046 Christi
2601 4006 2703 4045 non
2740 4006 2864 4047 caro
2888 4032 2903 4059 ,
2928 4008 3045 4063 qua:
3072 4002 3244 4050 mater
3272 4002 3356 4069 est
3381 3997 3648 4063 criminis',
3684 3999 3799 4069 spi-

2228 4087 2387 4139 ritum
2433 4082 2664 4150 festinet,
2700 4083 2837 4135 sicut
2884 4083 3014 4147 Eva,
3046 4084 3321 4155 decipere,
3352 4086 3446 4139 sed
3494 4087 3805 4158 Adaut,‘qui

2226 4185 2307 4231 est
2332 4176 2383 4229 iu
2410 4185 2532 4245 typo
2559 4173 2796 4242 spiritus,
2829 4188 3045 4228 carnem
3076 4175 3267 4231 habeat
3298 4178 3673 4245 famulantem,
3702 4196 3805 4235 nec

2227 4272 2471 4339 dominus
2493 4271 2719 4335 ancillae,
2745 4269 2838 4324 sed
2866 4270 3058 4324 ancilla
3081 4270 3279 4324 serviat
3299 4270 3620 4325 dominanti.
3654 4271 3804 4328 Sicut

2225 4361 2279 4414 in
2306 4361 2427 4415 creto
2455 4371 2500 4413 et
2540 4360 2593 4413 iu
2632 4370 2787 4413 terra.
2840 4357 3011 4412 Homo
3050 4368 3175 4414 ante
3221 4352 3540 4430 baptismum
3570 4362 3807 4420 carnalis

2232 4471 2348 4511 esse
2372 4457 2707 4520 describitur,
2742 4464 2863 4524 post
2892 4452 3217 4525 baptismum
3248 4452 3502 4523 spiritalis
3522 4453 3797 4522 efﬁcitur;

2234 4548 2454 4615 ideoque
2504 4562 2597 4614 pro
2640 4545 2744 4599 illis
2791 4546 2878 4615 qui
2927 4546 3099 4599 adhuc
3140 4536 3256 4599 sine
3303 4546 3518 4599 lavacro
3564 4545 3667 4599 loti
3699 4562 3800 4600 non

2229 4646 2351 4690 sunt
2376 4653 2404 4690 a
2435 4638 2588 4691 nobis
2620 4648 2822 4701 oratur,
2847 4644 2906 4689 ut
2935 4636 3073 4690 sicut
3100 4650 3196 4689 nos
3238 4634 3485 4689 videmur
3526 4634 3655 4691 facti
3683 4651 3803 4692 esse

2230 4726 2472 4781 caelestes
2506 4743 2596 4795 per
2627 4726 2967 4793 baptismum,
2997 4727 3069 4779 ita
3093 4734 3147 4780 et
3176 4723 3252 4777 illi
3278 4723 3371 4792 qui
3400 4724 3579 4779 adhuc
3606 4726 3676 4779 ab
3702 4723 3799 4778 Ec-

2228 4821 2387 4872 clesia
2421 4817 2680 4886 peregrini
2705 4827 2828 4870 sunt
2857 4825 3005 4871 tanto
3032 4816 3295 4871 beneflcio
3318 4832 3423 4870 non
3452 4817 3793 4878 fraudentur,

2230 4910 2320 4962 sed
2352 4924 2443 4976 per
2466 4902 2887 4962 munificentiam
2922 4907 3139 4963 Domini
3162 4907 3441 4963 nobiscum
3470 4908 3615 4963 dona
3644 4906 3791 4959 simi-

2229 4999 2295 5051 lia
2340 5006 2746 5064 consequantur.
2792 4998 2922 5063 Quia
2952 5005 3006 5049 et
3047 5012 3165 5051 cum
3197 4996 3275 5051 illi
3322 5005 3602 5051 consortes
3652 4993 3781 5050 facti

2208 5086 2421 5140 aluerint
2447 5128 2459 5151 ,
2497 5101 2593 5140 nos
2624 5085 2925 5140 facultatem
2957 5101 3064 5141 non
3095 5087 3421 5149 amittemus,
3452 5082 3548 5136 sed
3578 5084 3797 5153 augebi-

2228 5193 2362 5231 mus.
2396 5179 2574 5243 Qualis
2601 5175 2752 5247 [Ms.,
2787 5173 2970 5246 quare]
3007 5175 3076 5230 sit
3102 5186 3275 5231 autem
3308 5172 3521 5257 invidia,
3550 5182 3609 5228 ut
3636 5172 3795 5231 homo

2300 5348 2321 5372 ι’
2346 5339 2399 5392 1η
2426 5339 2593 5392 altero
2622 5336 2752 5391 Cod.
2791 5338 2930 5400 Vat.,
2960 5336 3322 5403 consequamur
3350 5333 3662 5394 doctrinam.

2302 5410 2319 5447 ῖ
2358 5410 2465 5462 Duo
2487 5409 2651 5461 Codd.
2680 5408 2824 5472 Vat.',
2849 5407 2972 5460 liber
2992 5407 3145 5457 redis.

2298 5489 2322 5525 ε
2357 5478 2409 5529 lu
2443 5495 2543 5530 uno
2565 5479 2697 5531 (ἰού.
2734 5479 2877 5539 \'at.,
2910 5484 3108 5527 vocatus
3135 5472 3285 5538 fuerit
3306 5473 3366 5525 ab
3394 5475 3527 5543 ipso.

2298 5547 2319 5583 ιι
2357 5548 2507 5608 lbid.,
2563 5558 2607 5599 et
2635 5547 2839 5615 quando
2878 5545 2949 5615 sit
2980 5544 3175 5615 justum
3214 5545 3475 5598 attendite.
3521 5547 3575 5601 Ιιι
3622 5548 3789 5604 altero

2225 5618 2385 5679 C0d.,
2415 5627 2459 5671 et
2488 5612 2692 5685 quando
2721 5615 2783 5685 s_i_t
2813 5612 2950 5664 istud
2975 5613 3233 5665 attendite.

2300 5686 2316 5723 ὶ
2350 5691 2401 5742 In
2435 5681 2539 5740 uno
2565 5684 2695 5738 Cod.
2729 5681 2872 5747 Vah,
2902 5694 3191 5737 venerentur
3213 5684 3265 5739 in
3293 5686 3460 5739 terris.
