3952 6222
155 328 252 397 Sit

1318 317 1819 383 MiSCELLANEA.
1859 345 1928 360 -—
1965 315 2095 374 LIB.
2140 318 2207 373 Χ.

3304 300 3408 367 3'22

152 467 262 509 non
281 458 399 506 oret
425 464 522 517 pro
538 448 772 511 homine,
793 443 973 499 ‘sicut
999 440 1261 506 Christus,
1286 448 1344 493 ut
1374 452 1470 492 nos
1490 435 1732 505 acquire-
1758 439 1808 497 Α
1836 445 1992 502 quam
2024 427 2362 500 quotidianus
2389 438 2519 483 usus
2545 427 2739 498 exigit,
2772 436 2828 483 ut
2853 442 3154 499 quaeramus
3192 443 3249 482 re
3279 441 3405 483 vera

155 554 261 607 rei,
282 557 382 597 suo
399 539 639 611 sanguini
662 553 764 593 non
788 533 1062 606 pepercit?
1094 535 1221 588 item
1246 532 1337 585 ﬁat
1360 532 1603 585 voluntas
1620 538 1727 581 tua.

157 635 417 688 Voluntas
441 632 612 687 Patris
631 627 900 697 eratquod
926 625 1089 680 Filius
1112 623 1420 694 praedicavit
1442 619 1581 689 quod
1603 632 1732 684 cpe-

156 736 307 781 iatus
330 736 436 789 est,
460 723 599 794 quod
632 735 817 789 passus
847 728 901 773 et
931 724 1171 771 mortuus
1202 726 1306 781 est,
1340 724 1403 796 et.
1420 710 1731 796 resurrexit,

155 818 294 871 sicut
315 818 420 871 ait:
449 814 571 868 Non
592 812 700 867 veni
729 811 1036 865 voluntatem
1058 825 1222 863 meam
1252 807 1433 875 facere,
1452 804 1537 859 sed
1560 800 1737 856 volun-

157 918 314 962 tatem
331 910 447 978 ejus
463 906 544 971 qui
558 905 689 958 ntisit
708 918 804 967 me,
825 901 993 955 Patris
1018 900 1195 970 (Joan.
1210 897 1409 966 v1.58).
1431 896 1568 965 Ergo
1579 908 1739 947 oran-

159 1001 291 1053 dum
324 1007 409 1052 est
437 1006 496 1052 ut
521 1012 620 1051 nos
654 993 681 1033 τ’
714 994 956 1049 similiter
984 1006 1282 1047 mereamur
1312 988 1530 1049 ducere,
1557 998 1735 1052 agere,

156 1091 452 1153 sustinere,
472 1088 599 1163 etin
628 1086 742 1156 ipso
774 1096 1074 1154 resurgere,
1105 1090 1161 1135 ut
1189 1079 1453 1149 possimus
1473 1091 1595 1131 cum
1621 1075 1739 1141 ipso

166 1188 420 1249 regnare.
446 1180 571 1233 item
595 1196 606 1230 :
622 1178 712 1246 ﬁat
734 1176 963 1229 voluntas
995 1184 1101 1227 tua.
1132 1173 1268 1227 Deus
1297 1164 1744 1224 incommutabili-

174 1282 257 1326 ter
289 1272 493 1337 bonus,
523 1270 610 1339 qui
640 1269 781 1323 aliud
812 1268 966 1335 nihil,
995 1266 1093 1320 nisi
1136 1277 1346 1332 semper
1378 1260 1493 1315 vult
1524 1260 1741 1322 bonum,

164 1346 413 1434 quamvis
442 1377 541 1418 nos
571 1361 738 1417 moles
769 1358 1021 1429 impediat
1044 1366 1407 1427 peccatorum.
1442 1350 1581 1422 Ergo
1610 1349 1745 1405 bene

166 1455 417 1513 videmur
464 1466 655 1526 optare
698 1462 757 1509 ut
805 1453 957 1508 nobis
988 1468 1049 1508 ea
1098 1451 1411 1520 contingant
1458 1460 1574 1516 qua:
1608 1444 1749 1502 Deus

169 1548 307 1613 vult,
337 1563 459 1603 cum
495 1547 722 1602 sciamus
749 1559 871 1602 eum
905 1544 1056 1600 bona:
1086 1542 1377 1599 voluntatis
1405 1540 1602 1597 habere
1630 1553 1749 1609 per-

172 1637 487 1702 fectionem,
516 1647 622 1691 etc.

322 1726 519 1781 Panem
548 1734 771 1780 nostrum
795 1726 1148 1794 quotidianum
1173 1724 1239 1776 da
1263 1722 1406 1775 nobis
1432 1717 1603 1773 hodie.

1831 540 1952 579 eum
1970 564 1983 587 ,
2011 532 2066 577 et
2094 523 2376 578 adventum
2405 520 2615 576 Domini
2644 521 2839 593 jugiter
2864 535 3254 592 exspectemus,
3283 539 3405 578 nam

1835 616 2210 686 impedimenta
2257 614 2439 670 mundi
2496 613 2692 669 l‘aciunt
2746 613 2990 669 homines
3040 617 3285 670 miseros.
3346 615 3410 670 Et

1826 708 2063 761 sciamus
2109 705 2159 760 ei
2206 718 2397 775 panem
2438 704 2705 771 sullicere,
2742 706 2827 759 cui
2870 705 3009 760 Deus
3058 722 3163 761 nou
3210 706 3413 775 delicit,

1838 801 1979 868 quod
2008 798 2170 853 Helia:
2198 796 2451 852 habitanti
2480 800 2529 850 iu
2561 796 2755 853 Eremo
2786 799 3125 853 ministravit.

2292 890 2357 946 Et
2386 893 2580 945 dimitte
2610 891 2751 946 nobis
2779 893 2963 947 debita.

1912 986 2056 1039 Bene
2090 992 2215 1053 post
2250 997 2429 1043 escam
2471 983 2747 1050 qumsitam
2779 984 3075 1063 postulatur
3104 982 3254 1039 venia
3285 962 3419 1053 pec-4

1842 1084 2079 1130 calorum
2103 1116 2118 1140 ,
2153 1084 2208 1129 ut
2234 1073 2327 1145 qui
2370 1075 2461 1130 Dei
2492 1074 2609 1128 cibo
2641 1064 2888 1141 pascitur,
2933 1074 3042 1128 Deo
3074 1074 3246 1143 vivat,
3292 1077 3335 1130 si
3368 1075 3419 1131 ei

1845 1165 2179 1220 dimittantur
2220 1173 2466 1231 peccata;
2513 1176 2564 1219 et
2592 1180 2842 1238 congrue,
2876 1182 2942 1221 ne
2971 1182 3029 1221 se
3060 1168 3289 1223 humana
3322 1185 3418 1223 cx-

1848 1256 1998 1312 toilat
2035 1254 2310 1327 superbia,
2344 1270 2461 1325 qum
2506 1257 2731 1325 petendo
2766 1259 3004 1324 veniam,
3054 1259 3259 1314 videtur
3292 1276 3424 1314 cou-

1849 1349 1985 1404 titeri
2013 1348 2226 1413 delicta,
2254 1361 2372 1403 cum
2403 1357 2578 1402 tamen
2607 1349 2649 1402 si
2678 1351 2885 1417 purgari
2912 1348 3198 1415 desiderat,
3228 1353 3423 1417 saepius

1850 1438 1917 1498 ad
1955 1438 2249 1499 orationem
2291 1448 2549 1497 recurrat.
2592 1437 2983 1494 Convenienter
3014 1440 3419 1506 autemdvbita,

1851 1545 2065 1604 peccata
2115 1536 2381 1599 dicuntur,
2430 1534 2551 1602 quia
2595 1540 2649 1586 et
2687 1530 2968 1600 debentur,
3014 1540 3067 1586 et
3107 1531 3429 1601 requirenda

1853 1634 1999 1679 sunt.
2030 1623 2159 1679 Nam
2199 1624 2336 1679 sicut
2373 1621 2609 1677 debitum
2640 1636 2667 1673 a
2706 1623 2973 1679 creditore
3008 1625 3312 1695 requiritur,
3354 1624 3427 1681 ita

1854 1724 2127 1782 peccatum
2168 1728 2198 1767 a
2231 1714 2339 1770 Deo
2380 1715 2430 1768 in
2469 1713 2555 1768 die
2587 1712 2771 1782 judicii
2799 1729 2819 1755 ε
2852 1720 3153 1772 necessario
3180 1718 3429 1787 exigitur,

250 1817 709 1876 Considerandum
741 1786 1003 1883 estquam
1035 1815 1347 1869 mirabiliter
1376 1811 1629 1867 orationis
1657 1809 1753 1863 iiu-
1780 1786 1828 1847 Β
1858 1806 1958 1860 nisi
2000 1805 2104 1871 bic,
2148 1804 2275 1865 dum
2303 1803 2552 1873 vivimus,
2603 1820 2696 1874 per
2727 1806 2977 1875 pietatem
3007 1806 3119 1876 ejus
3158 1817 3212 1864 et
3249 1786 3433 1863 indui-

169 1909 264 1981 jus
294 1918 515 1964 ornatus
536 1910 605 1963 sit
635 1917 827 1972 textus,
862 1914 938 1971 ut,
974 1906 1258 1959 nominatis
1285 1905 1518 1968 (uternis,
1550 1912 1755 1971 tempo-

178 2000 315 2054 ralia
346 2009 675 2070 peterentur.
707 1996 840 2053 Nam
876 1999 975 2051 tria
1006 1999 1103 2052 ista
1133 2014 1250 2067 quae
1270 1996 1431 2069 liis,
1465 1994 1627 2077 quod]
1659 2009 1753 2064 po.

177 2092 402 2155 scimus,
435 2090 487 2144 id
524 2100 645 2145 est:
691 2088 1067 2157 Sanctiﬁcetur,
1091 2105 1271 2142 nomen
1309 2098 1473 2150 tuum,
1514 2086 1758 2138 Adveniet

180 2198 398 2252 regnum
425 2190 590 2243 tuum,
618 2178 740 2232 Fiat
765 2181 998 2232 voluntas
1024 2185 1133 2244 tua,
1160 2187 1287 2242 etc.,
1320 2186 1533 2244 propter
1559 2182 1757 2229 interna

181 2276 565 2342 consequentia
602 2270 691 2325 hic
722 2280 844 2325 sunt
884 2270 1204 2325 necessaria.
1248 2270 1311 2323 Et
1338 2268 1433 2322 hic
1475 2268 1753 2337 incipiunt,

183 2366 281 2421 sed
322 2366 553 2435 perlecta
593 2364 644 2418 iu
676 2362 851 2419 futura
884 2363 987 2418 vita
1020 2362 1279 2432 possideri
1310 2362 1576 2448 credenda
1612 2371 1759 2431 sunt,

184 2469 238 2513 et
272 2467 523 2527 perpetua
564 2457 869 2512 manebunt.
910 2456 1048 2533 Ergo
1078 2455 1273 2517 Panem
1298 2464 1524 2509 nostrum
1564 2456 1628 2507 da
1668 2471 1760 2509 no-

120 2562 137 2587 δ
186 2548 283 2615 bis,
326 2558 553 2619 quantus
589 2548 778 2602 animas
814 2559 869 2604 et
905 2549 1050 2603 carni
1088 2558 1171 2604 est
1209 2552 1560 2616 necessarius,
1599 2548 1759 2617 spiri-

188 2643 422 2707 tuaiiter,
447 2639 527 2697 vel
550 2639 913 2711 corporaliter.
932 2638 998 2693 Et
1016 2641 1207 2694 dimitte
1224 2641 1364 2694 nobis
1381 2643 1543 2696 debita
1562 2654 1758 2711 nostra,

154 2733 320 2787 -sicut
346 2740 395 2787 et
432 2748 523 2788 nos
547 2734 845 2791 dimittimus
883 2734 1185 2794 debitoribus
1225 2740 1430 2806 nostris,
1461 2739 1529 2794 Et
1567 2756 1630 2796 ne
1668 2754 1757 2797 nos

188 2822 409 2877 inducas
446 2824 880 2906 intentationem,
914 2828 1018 2885 Sed
1049 2830 1205 2887 libera
1243 2848 1333 2887 nos
1369 2850 1400 2886 a
1439 2835 1605 2899 malo;
1642 2849 1762 2906 qua:

188 2913 257 2967 ad
294 2904 567 2983 praesentis
593 2918 714 2973 vitae
744 2922 1167 2989 opportunitates
1194 2926 1462 2993 pertinere
1489 2904 1759 2987 videntur.

188 3001 432 3075 Denique
461 3009 689 3063 nominis
718 3008 1215 3085 ejussanctiﬁcatio
1243 3024 1296 3068 et
1322 3030 1539 3084 regnum
1566 3018 1682 3088 ejus
1708 3020 1761 3074 in

187 3096 380 3199 spiritu
417 3109 472 3154 et
502 3115 729 3199 corpore
767 3093 951 3158 nostro
991 3114 1112 3173 post
1148 3108 1593 3169 resurrectionem
1634 3128 1757 3182 per-
1788 3138 1832 3199 ρ

188 3188 329 3242 i'ecta
356 3180 662 3269 manebunt.
692 3191 820 3248 Item
847 3211 1027 3265 panem
1054 3206 1281 3249 nostrum
1310 3198 1547 3273 quisquis
1575 3180 1650 3258 ad
1668 3219 1759 3258 ve.

186 3290 311 3333 rant
334 3279 557 3337 saluum
584 3284 863 3352 pervenire
892 3283 1106 3355 meruit,
1128 3282 1396 3345 Christum
1426 3307 1545 3347 esse
1576 3308 1762 3361 panem

188 3379 317 3433 vitae
346 3388 614 3447 perpetua:
638 3390 742 3431 non
774 3376 1007 3455 ignoret,
1040 3384 1160 3452 quia
1190 3385 1324 3439 dixit
1350 3404 1362 3440 :
1395 3384 1507 3455 Ego
1534 3404 1644 3441 sum
1670 3404 1767 3458 pa-

192 3474 275 3529 nis
302 3474 465 3543 vivus,
503 3478 592 3545 qui
627 3476 688 3530 de
725 3476 848 3531 caelo
884 3476 1117 3532 descendi
1155 3477 1331 3550 (Joan.
1362 3496 1431 3543 vr,
1460 3479 1571 3549 ii).
1613 3479 1767 3536 Unde

195 3566 301 3621 iste
329 3567 483 3635 panis
520 3582 625 3621 non
654 3578 737 3622 est
762 3570 1061 3622 communis
1099 3584 1217 3622 cum
1257 3570 1483 3635 reliquo,
1516 3572 1636 3637 quia
1676 3570 1765 3623 ille

194 3670 420 3727 corpora
452 3659 707 3728 protegit,
739 3658 837 3717 iste
867 3658 1012 3713 novit
1047 3658 1251 3712 animas
1282 3657 1554 3724 enutrire;
1594 3669 1647 3714 et
1676 3660 1765 3729 qui

193 3748 347 3805 illum
374 3749 678 3815 matulucat,
707 3736 902 3815 esurit;
931 3751 1016 3819 qui
1046 3760 1225 3803 autem
1252 3749 1592 3817 istoiruitur,
1622 3751 1764 3805 nulla

193 3838 338 3893 fame
366 3848 661 3909 torquetur.
704 3840 769 3895 Et
795 3841 917 3896 ideo
950 3850 1095 3895 tanto
1123 3842 1288 3909 magis
1320 3842 1417 3896 iste
1445 3842 1595 3895 cibus
1621 3857 1767 3911 quae-

194 3931 396 3986 rendus
420 3938 521 3997 est,
554 3939 749 3999 quanto
786 3932 903 4000 plus
942 3931 1110 3986 reiicit
1148 3932 1407 4000 epulatus.
1450 3931 1599 3996 Quod
1642 3946 1765 3986 vero

196 4035 392 4090 panem
421 4020 784 4091 quotidianum
812 4022 1063 4089 petimus,
1107 4022 1204 4076 hoc
1233 4024 1499 4076 insinuare
1530 4022 1761 4089 videtur,

199 4120 260 4165 ut
287 4112 713 4167 communionem
741 4112 855 4179 ejus
882 4112 1142 4179 corporis,
1165 4113 1209 4166 si
1236 4122 1311 4166 est
1346 4113 1619 4180 possibile,
1651 4128 1764 4166 om-

195 4192 355 4257 nibus
401 4202 588 4256 diebus
614 4191 937 4257 'reverenter
984 4217 1277 4269 sumamus,
1320 4207 1440 4273 quia
1484 4219 1602 4257 cum
1652 4206 1764 4273 ipse

136 4350 139 4351 ν
195 4291 306 4344 vita
337 4302 515 4345 nostra
545 4293 631 4356 sit,
667 4293 991 4347 nutrimento
1022 4304 1199 4348 n0str0
1231 4296 1533 4363 peregrinos
1564 4311 1659 4351 nos
1688 4298 1763 4352 ia-

194 4384 369 4436 cimus
389 4382 432 4436 si
459 4383 522 4434 ad
546 4381 934 4444 Eucharistiam
965 4385 1095 4437 tardi
1126 4383 1614 4451 accedatnuthcm
1637 4390 1757 4443 dum

194 4475 426 4530 dicimus
458 4493 470 4525 :
502 4472 698 4528 Panem
735 4484 961 4527 nostrum
1000 4474 1067 4526 da
1102 4474 1241 4527 nobis
1280 4477 1757 4548 laodie,gcognosci-
1780 4494 1829 4557 Β
1914 4534 1956 4586 Μ
2001 4549 2083 4585 mn

197 4585 205 4586 κ
567 4571 669 4586 μιι,
716 4566 951 4586 --.ρο,,,,
1008 4569 1130 4586 μή-.
1283 4576 1296 4586 .
1369 4574 1395 4586 -,
1434 4554 1443 4567 ⁵
1496 4571 1524 4586 ,ο
1603 4572 1636 4586 .-.
1965 4551 1991 4584 ll

194 4585 320 4625 nius
368 4586 471 4625 non
519 4571 674 4622 nobis
713 4566 958 4623 sufﬁcere
995 4569 1131 4637 quod
1173 4566 1437 4637 praeterito
1475 4571 1561 4627 die
1600 4572 1762 4628 Deum

197 4662 537 4727 rogavimus,
568 4659 667 4712 nisi
695 4667 750 4713 et
781 4660 829 4713 ei
862 4658 916 4713 in
948 4661 1193 4726 prmsenti
1224 4662 1463 4717 oratione
1493 4678 1751 4719 vacemus.

195 4759 418 4820 propter
446 4740 604 4823 illud,
642 4751 749 4803 sine
776 4750 1139 4804 intermissione
1166 4763 1365 4807 orantes
1399 4753 1464 4822 (1
1498 4754 1675 4810 Thess.
1709 4773 1756 4823 ν,

193 4840 312 4911 i7).
365 4841 493 4895 item
536 4841 620 4894 hic
659 4840 1037 4894 advertendum
1079 4849 1161 4896 est
1200 4843 1338 4911 quod
1382 4853 1654 4913 postquam
1696 4846 1762 4898 ad

188 4933 465 4990 Christum
504 4932 857 5001 pervenimus,
890 4942 945 4986 et
973 4933 1223 4988 mundum
1259 4948 1378 4988 cum
1412 4937 1614 5003 pompis
1653 4937 1763 4990 suis

190 5024 509 5096 rejecimus,
553 5038 655 5089 non
695 5025 845 5080 nobis
875 5039 1095 5082 necesse
1140 5028 1211 5080 sit
1240 5027 1303 5081 ad
1335 5043 1507 5082 escam
1540 5025 1763 5097 aniplius

271 5214 301 5241 “
339 5204 490 5272 Ibid.,
521 5220 631 5257 cum
658 5203 884 5257 Christus
912 5214 962 5256 ut
989 5220 1099 5257 nos.

267 5274 296 5311 ιι
340 5274 494 5338 lliid.,
526 5289 803 5327 mereamur
828 5275 1010 5337 dicere,
1044 5290 1207 5343 agere.

167 5347 181 5355 ’
274 5356 299 5383 ε
327 5345 438 5399 iis.
473 5346 556 5397 hic
589 5346 744 5397 liabet
772 5360 964 5396 necesse
994 5354 1063 5395 est
1093 5345 1338 5410 exigatur.

272 5413 299 5452 δ
345 5415 469 5467 Ibid.
492 5457 504 5477 ,
537 5415 672 5481 quod
701 5416 751 5465 in
783 5424 828 5465 te
856 5416 1081 5465 videatur
1112 5428 1359 5479 peccasse.

272 5497 299 5523 ⁸
344 5486 453 5537 Duo
478 5486 641 5536 Codd.
677 5483 818 5540 νει..
847 5498 942 5534 non
974 5483 1118 5535 valet.

279 5554 300 5593 ί
346 5555 399 5607 In
431 5568 535 5606 uno
560 5553 711 5610 Cod”
745 5558 828 5619 qui
857 5564 1014 5605 monet
1046 5570 1105 5605 ne
1130 5555 1400 5607 incitlatu".

275 5635 301 5670 ε
332 5622 645 5692 Inscriptam
682 5622 1047 5685 Mumntuleno,
1082 5624 1369 5677 clarissimo
1413 5625 1537 5686 viro,
1593 5627 1761 5687 tertia,

194 5712 318 5759 qua
346 5694 463 5744 hinc
485 5696 725 5761 sequitur,
760 5692 975 5761 epistola
1005 5693 1181 5746 docere
1208 5695 1333 5745 ri:.-'e'
1351 5710 1492 5753 aur;
1518 5708 1562 5746 et
1610 5695 1766 5747 index

202 5767 492 5826 Vaticanus
537 5762 872 5833 approbabat,
922 5760 975 5815 id
1027 5764 1244 5816 nanu’nis
1296 5780 1599 5834 ειμι-θρωπε,
1663 5765 1769 5819 Sed

1857 1898 2088 1968 gentiam
2132 1899 2229 1952 ista
2274 1898 2426 1953 nobis
2458 1898 2683 1955 exactio
2732 1901 3079 1957 contionetur.
3130 1903 3195 1959 Et
3245 1904 3433 1959 merito

1859 1990 2057 2046 remitti
2102 1999 2291 2045 cuncta
2340 1989 2425 2046 hic
2465 2006 2735 2060 rogamus,
2786 1994 2873 2047 ubi
2912 1993 3104 2050 delicta
3147 1998 3437 2051 committi-

1860 2094 1999 2145 mus,
2030 2081 2275 2148 quoniam
2305 2080 2358 2133 in
2389 2076 2585 2147 futuro,
2616 2083 2750 2135 sicut
2790 2086 2993 2151 precari
3034 2101 3139 2140 non
3176 2090 3328 2155 licet,
3363 2089 3435 2143 ita

1862 2185 1964 2226 non
1988 2178 2143 2226 vacat
2171 2172 2456 2240 poenitere;
2484 2172 2578 2227 sed
2607 2172 2851 2229 addendo
2882 2192 2893 2226 :
2936 2230 2941 2234 ,

1894 2318 1901 2321 .
1980 2294 1985 2297 -
2030 2266 2175 2321 Sicut
2203 2274 2251 2318 et
2272 2280 2361 2319 nos
2385 2265 2683 2321 dimittimus
2711 2267 3017 2322 debitoribus
3046 2273 3247 2325 nostris.
3312 2326 3315 2327 ,

1934 2357 2031 2424 Qui
2057 2356 2200 2426 pium
2253 2371 2312 2414 se
2342 2357 2605 2421 ostendit,
2656 2367 2710 2413 et
2736 2358 2903 2428 legem
2950 2361 3201 2428 imposuit
3250 2372 3302 2415 ut
3331 2363 3431 2417 nisi

1864 2447 1953 2516 qui
2001 2447 2243 2517 peceanti
2290 2446 2472 2516 culpas
2497 2447 2812 2514 indulserit,
2843 2449 2941 2503 sibi
2980 2449 3239 2519 indulgeri
3268 2468 3297 2506 a
3326 2454 3434 2509 Deo

1864 2556 1970 2595 non
2015 2549 2316 2608 exspectet,
2366 2548 2580 2609 propter
2626 2539 2792 2595 illud:
2845 2541 2961 2607 Qua
2992 2558 3231 2596 mansura
3278 2562 3436 2600 metm

1866 2632 1986 2706 [ΜΒ.
2018 2631 2319 2703 mensurati]
2371 2632 2569 2700 fueritis
2591 2673 2607 2698 ,
2638 2636 2925 2687 remetie‘tur
2962 2645 3008 2687 et
3029 2619 3165 2687 vobis
3191 2636 3210 2705 (
3240 2635 3430 2691 Matth.

1863 2743 1958 2792 vn,
1988 2728 2082 2799 2).
2119 2728 2245 2783 item
2271 2746 2285 2782 :
2317 2728 2731 2799 Misericordia»;
2750 2739 2798 2785 et
2820 2731 3076 2800 judicium
3105 2734 3317 2787 cantabo
3345 2735 3435 2790 tibi

1865 2822 2057 2898 (Psal.
2087 2845 2117 2885 c
2143 2826 2197 2899 ),
2245 2828 2491 2899 quoniam
2519 2828 2607 2899 qui
2658 2828 2709 2885 in
2738 2831 2893 2888 nobis
2934 2820 3050 2901 pius
3075 2839 3176 2898 est,
3204 2825 3311 2888 vnit
3337 2847 3434 2888 nos

1865 2934 1983 2979 esse
2008 2921 2126 2978 aliis
2154 2922 2491 2979 miserantes.
2522 2922 2672 2980 Unde
2698 2924 2891 2992 merito
2916 2925 2983 2980 de
3010 2924 3165 2992 culpa
3198 2910 3433 2995 vapulat,

1865 3014 1957 3083 qui
1980 3015 2217 3085 magistri
2250 3017 2413 3071 verba
2445 3015 2695 3070 declinat.
2719 3016 2938 3071 Summa
2962 3026 3045 3071 est
3070 3018 3431 3087 eleemosyna,

1868 3109 2019 3163 alteri
2052 3110 2343 3173 remittere,
2374 3107 2513 3177 quod
2532 3106 2553 3142 ἀ
2580 3106 2672 3162 tibi
2697 3100 3234 3177 videatur'peccasse.
3264 3107 3393 3162 item
3421 3126 3434 3161 :

1866 3199 2060 3251 dimitte
2106 3198 2249 3251 nobis
2298 3198 2505 3261 debita;
2554 3198 2679 3266 quid
2710 3213 2837 3266 ergo
2884 3199 2951 3251 de
2990 3198 3238 3265 baptismi
3287 3197 3436 3254 fonte

1864 3300 2140 3360 surgentes
2181 3301 2233 3345 et
2274 3282 2495 3359 corpOre
2540 3287 2733 3343 Christi
2783 3293 3235 3370 communicantes
3260 3335 3274 3359 ,
3311 3307 3436 3347 mox

1866 3383 2022 3438 nobis
2050 3383 2242 3438 dimitti
2272 3392 2485 3452 peccata
2517 3382 2783 3452 petimus?
2812 3378 3219 3454 quia;lragilitas
3252 3398 3435 3442 nostra

1868 3490 2184 3530 conservare
2211 3474 2490 3543 puritatem
2538 3474 2731 3527 lavacri
2769 3484 2791 3511 ε
2823 3458 3133 3542 ιιοπῷὸιεει
3154 3516 3168 3540 ,
3200 3477 3337 3545 quod
3370 3478 3437 3534 de

1865 3565 2008 3619 fonte
2033 3566 2311 3633 percepit,
2376 3563 2477 3616 nisi
2509 3562 2753 3629 dignetur
2799 3562 2891 3616 Dei
2924 3566 3093 3633 gratia
3143 3570 3434 3626 custodire.

1866 3656 1931 3711 Et
1958 3656 2094 3711 bene
2121 3655 2249 3709 sicut
2294 3671 2383 3708 nos
2409 3653 2710 3708 dimittimus
2758 3653 3071 3715 debitoribus
3123 3660 3309 3714 nostris
3333 3702 3346 3726 ,
3379 3664 3437 3730 υς

1864 3747 2236 3828 ostenderetur
2252 3821 2265 3829 κ
2288 3747 2415 3818 quia
2438 3745 2577 3801 Deus
2600 3745 2752 3816 pacis
2781 3762 2901 3803 cum
2928 3731 3182 3806 omnibus
3202 3751 3311 3809 vult
3338 3766 3435 3808 nos

1864 3841 2153 3905 concordes
2181 3846 2318 3895 eSse.

1876 4006 1877 4009 η
2224 3932 2309 3988 Ne
2334 3950 2423 3989 nos
2451 3936 2664 3990 inducas
2690 3937 2744 3989 in
2773 3937 3118 3991 tentationem.

1935 4026 2178 4095 Nunquid
2207 4026 2346 4081 Deus
2374 4027 2600 4095 aliquem
2641 4027 2691 4081 in
2730 4030 3311 4108 laqueumtentationis
3341 4049 3435 4097 in-

1864 4116 2049 4171 ducit?
2080 4127 2166 4170 aut
2196 4118 2261 4170 ab
2288 4118 2503 4173 inimico
2532 4120 2709 4189 cupiat
2740 4104 3108 4188 supplantari?
3135 4120 3432 4189 qui'monet

1870 4204 1889 4244 ί
1921 4222 1988 4262 ne
2015 4208 2327 4264 incidamus.
2486 4278 2710 4336 (APUT
2750 4280 2792 4345 Π

1934 4372 2012 4425 Ad
2042 4372 2315 4425 salutarem
2385 4372 2545 4423 virum
2598 4380 2623 4418 ε
2677 4372 2921 4427 illustrem
2953 4372 2979 4410 ¹³
3013 4375 3365 4431 Mumulenum

2101 4440 2439 4493 censolatnria
2478 4443 2527 4494 in
2557 4451 2715 4495 morte
2744 4445 2864 4509 ﬁlia
2895 4444 3197 4501 decennalis.

2087 4533 2322 4586 inlenum
2349 4534 2653 4588 consolatur
2681 4550 2774 4600 pro
2797 4548 2970 4595 morte
2999 4538 3117 4590 lilia:
3144 4538 3431 4603 decennis;

1939 4618 1999 4657 ac
2033 4606 2256 4669 primum
2288 4604 2422 4655 lianc
2453 4617 2658 4668 poenam
2703 4606 2752 4655 in
2787 4604 3091 4669 universum
3139 4608 3427 4665 humanum

1937 4688 2101 4741 genus
2142 4689 2202 4723 ex
2237 4673 2363 4723 Atto
2404 4682 2455 4724 et
2484 4671 2639 4725 Hera:
2681 4683 2899 4739 peccato
2945 4677 3016 4729 ait
3046 4674 3263 4733 ﬂuxisse
3289 4723 3301 4740 ,
3335 4696 3432 4736 nec

1943 4756 2256 4807 quemquam
2280 4741 2517 4809 exlegem
2550 4757 2689 4807 esse,
2720 4746 2801 4797 vel
2827 4746 3135 4810 immunem,
3170 4760 3226 4800 ut
3258 4751 3431 4803 minns

1937 4812 2222 4885 dolendum
2273 4814 2686 4885 proptereasit,
2739 4815 2860 4869 hinc
2900 4809 3215 4885 queinquam
3259 4830 3447 4874 morte'

1918 4881 2252 4954 decessisse.
2321 4882 2510 4954 Multas
2552 4881 2777 4936 feminas
2842 4881 3223 4954 narrat,'post
3274 4889 3429 4944 initas

1939 4952 2171 5021 nuptias,
2201 4966 2228 5002 a
2257 4951 2447 5019 primis
2474 4955 2652 5019 sponsi
2684 4956 3017 5019 amplexibus
3044 4951 3225 5012 uerte
3252 4959 3429 5013 divul-

1937 5036 2023 5077 sas
2073 5022 2271 5091 luisse,
2321 5022 2374 5094 in
2421 5025 2613 5092 qutbus
2661 5024 2850 5093 duplex
2905 5027 3109 5081 exstitit
3146 5028 3349 5097 jactura
3382 5040 3437 5084 et

1865 5204 1980 5271 quin
2028 5219 2149 5255 mss.
2194 5201 2561 5270 exemplaribus
2605 5206 2657 5256 id
2706 5204 3037 5269 prseterilum,
3077 5214 3123 5255 et
3166 5204 3218 5254 in
3272 5212 3435 5256 εηηεῑι

1865 5274 2000 5326 Galli
2034 5273 2216 5325 Codice
2251 5278 2410 5342 reperi
2462 5276 2705 5331 scripturn
2747 5289 2765 5326 .'
2818 5274 2898 5326 Ad
2951 5275 3112 5326 virum
3160 5274 3430 5339 illustrem,

1865 5348 2167 5403 salutarem,
2221 5345 2292 5394 nil
2341 5343 2728 5409 affirmatissime
2799 5360 2982 5409 ponere
3043 5344 3255 5401 ausim.-
3315 5344 3437 5396 iia-c

1866 5415 2041 5466 iirnw.
2075 5413 2128 5463 in
2160 5412 2365 5463 duobus
2411 5413 2534 5465 Mss.
2589 5412 2835 5465 Palatinis
2872 5412 3005 5465 Bibl.
3046 5414 3183 5475 \a'.,
3232 5430 3347 5478 qua:
3382 5414 3432 5465 in

1868 5485 2109 5534 inanibus
2138 5482 2440 5543 habuimus,
2470 5483 2600 5534 etin
2642 5484 2830 5549 quibus
2872 5486 2998 5533 Sn'is
3048 5485 3157 5535 lure
3202 5484 3429 5541 epismla

1868 5554 2146 5619 reperitur,
2177 5552 2364 5605 eadem
2393 5552 2655 5603 invenitur
2680 5554 2972 5613 inseriptin,
2999 5567 3115 5617 qum
3148 5553 3195 5600 iti
3232 5552 3425 5605 Codice

1869 5626 2035 5676 sancti
2064 5622 2194 5674 Galli
2219 5638 2232 5673 :
2264 5622 2338 5671 Ad
2364 5622 2523 5672 virum
2552 5622 2799 5673 illustrem
2830 5632 2875 5673 et
2901 5628 3203 5675 salutarent.

1943 5694 1964 5728 ιι
1999 5691 2270 5817 Ἄαθιίιὺιιω
2297 5692 2363 5745 de
2410 5692 2764 5748 Mummuleno
2794 5692 3022 5747 diximus
3071 5690 3124 5747 in
3169 5693 3317 5763 notis
3346 5690 3413 5745 ad

1943 5781 1981 5817 r.
2086 5800 2100 5817 .
2150 5781 2159 5815 l
2205 5776 2335 5816 .vtt.

1872 5777 1981 5818 car.
2013 5765 2100 5827 iri,
2127 5765 2217 5817 lib.
2244 5776 2335 5816 vn.
