3948 6218
70 261 175 322 339

72 372 291 446 Fulgida
324 376 595 448 pracipuo
624 371 902 453 nituerunt
927 368 1161 447 culmina
1188 369 1398 441 tempti,

141 465 373 535 Postque
394 479 521 522 usus
541 473 754 522 veteres
782 456 1202 534 premicatiula
1229 463 1401 519 rudis.

72 564 101 594 ι
123 554 181 611 In
206 556 419 617 senium
444 556 688 624 veniens,
722 554 913 611 melius
938 555 1271 612 revirescere
1310 552 1542 622 discens,

137 643 325 699 Diruta
358 654 479 715 post
504 660 708 724 casum,
739 644 946 702 ﬁrmius
972 652 1089 701 acta
1114 644 1246 702 situ.

69 736 284 792 Martini
312 737 528 794 auxiliis
558 736 831 807 operando
858 736 1143 809 Gregorius
1172 738 1335 807 idem,

135 826 399 886 Reddidit
424 830 528 887 iste
547 845 743 899 novus,
764 828 794 869 δ
814 844 922 901 quo
948 829 1048 886 fuit
1077 830 1168 887 ille
1194 838 1389 890 vetus..

67 919 230 978 Clara
261 920 553 990 supercilio
577 921 779 977 domini
810 920 1033 977 delubra
1059 922 1347 987 nitescunt,

135 1010 296 1065 Alma
327 1010 453 1065 licet
481 1011 693 1076 merito,
720 1020 853 1067 sunt
881 1026 1094 1082 quoque
1122 1012 1265 1068 celsa
1289 1011 1441 1082 jugo.

69 1101 256 1157 Invida
282 1101 573 1156 subruerat
594 1115 755 1169 quam
782 1100 1020 1156 funditus
1046 1103 1161 1170 ipsa
1187 1111 1449 1174 vetustas,

139 1190 218 1247 Ut
243 1192 421 1260 paries
448 1188 660 1261 liquidis
689 1190 828 1245 forte
853 1189 1060 1247 solutus
1088 1191 1238 1262 aquis
1265 1214 1281 1248 :

69 1280 243 1350 Quam
274 1290 458 1352 pastor
482 1280 689 1337 studuit
720 1296 978 1337 renovare
998 1281 1289 1353 Gregorius
1316 1283 1514 1354 aedem,

141 1372 260 1430 Nec
287 1373 547 1429 cecidisse
575 1373 743 1438 dolet,
767 1388 885 1443 qua:
916 1372 1083 1442 magis
1107 1383 1260 1430 aucta
1290 1373 1451 1433 favet.

76 1464 357 1519 Ambianis
386 1459 664 1519 tremulum
695 1478 918 1519 cernens
946 1451 1199 1518 Martinus
1228 1479 1478 1535 egenum,

149 1557 396 1613 Dimidite
423 1556 722 1628 chlamydis
750 1570 877 1611 mox
904 1570 1005 1625 ope
1034 1556 1272 1611 membra
1302 1559 1455 1630 tegit.

76 1647 181 1706 Sed
214 1663 399 1704 coram
423 1648 676 1718 angelicis
706 1647 914 1713 turmis,
940 1658 963 1686 ο
988 1661 1049 1701 se
1078 1647 1214 1703 hanc
1240 1658 1398 1705 nocte
1422 1650 1620 1715 silenti,

152 1738 413 1809 Pauperis
453 1739 507 1793 in
536 1741 733 1807 specie,
764 1736 1008 1792 Christus
1035 1736 1232 1794 habere
1259 1738 1443 1795 refert.

81 1830 125 1886 Ο
146 1846 307 1887 sacer
330 1832 576 1894 antistes,
600 1832 803 1884 meritis
832 1828 1109 1887 referendo
1135 1831 1237 1886 sub
1265 1833 1445 1900 astris,

147 1925 308 1981 Unde
339 1925 471 1996 tegis
501 1921 726 1988 nudum,
753 1922 879 1979 hinc
907 1935 996 1978 tua
1025 1924 1163 1993 palla
1191 1926 1376 1982 Deum.

78 2018 226 2073 Inter
252 2017 428 2087 opima
457 2016 596 2073 Deus
622 2015 814 2087 figulus
843 2030 961 2085 quae
982 2017 1195 2071 vascula
1223 2016 1373 2085 fecit,

151 2108 419 2164 Martinus
444 2106 652 2163 meritis
680 2120 776 2161 vas
804 2106 858 2162 in
887 2107 1090 2162 honore
1118 2107 1273 2163 nitet.

78 2197 309 2269 Leprosi
334 2198 569 2253 maculas
591 2198 823 2268 pretiosa
856 2212 949 2268 per
974 2199 1155 2253 oscula
1184 2212 1432 2268 purgans,

148 2287 248 2344 Cui
274 2287 415 2357 quod
442 2288 507 2344 ab
538 2303 635 2353 ore
658 2288 825 2355 dedit,
855 2288 1268 2358 paxrmedicina
1298 2287 1413 2344 fuit.

79 2375 108 2418 ⁸
142 2377 335 2436 Ulcera
365 2379 603 2435 morbosi
634 2394 826 2436 curans
852 2381 929 2435 sic
957 2378 1111 2436 fauce
1139 2381 1346 2447 beatus,

150 2472 308 2541 Quod
336 2471 584 2528 Jordanis
612 2473 749 2541 agit,
779 2479 803 2504 υ
832 2481 968 2527 tacta
996 2473 1160 2527 saliva
1201 2471 1345 2528 facit.

81 2563 256 2630 Quam
285 2576 549 2634 generosa
580 2563 713 2618 fides
740 2562 950 2619 Nartini
980 2562 1032 2616 in
1062 2553 1254 2618 saecula
1281 2562 1432 2631 civis,

154 2639 258 2722 Qui
284 2666 604 2723 quocunque
633 2652 749 2718 fuit,
778 2664 925 2709 mors
952 2652 1024 2706 ibi
1055 2651 1226 2717 perdit
1252 2650 1393 2709 iter!

89 2747 109 2785 τ
137 2747 381 2816 Denique
407 2760 529 2801 cum
554 2744 816 2801 exstincto
844 2742 1259 2799 catechumenos
1287 2759 1381 2801 ore
1401 2744 1625 2817 iaceret,
1665 2808 1671 2814 ,

152 2840 226 2895 Se
250 2836 728 2905 superextendens,
756 2834 954 2904 eﬂugat
980 2849 1129 2889 arma
1161 2834 1308 2890 necis
1332 2852 1347 2887 :

84 2930 175 2986 Sic
198 2929 374 2984 viduae
409 2927 589 2998 genito
622 2936 648 2973 ι
680 2928 947 2997 laqueato,
980 2926 1172 2982 deinde
1208 2925 1449 2994 reducto,

154 3020 254 3075 Est
280 3019 363 3075 vir
391 3020 481 3074 ubi
508 3022 609 3074 iste
630 3018 750 3084 Dei,
778 3033 885 3074 non
911 3017 1036 3073 licet
1063 3017 1142 3073 ire
1167 3017 1325 3073 mori.

87 3111 392 3169 Fanaticam
422 3111 603 3180 pinum
630 3118 845 3167 sanctus
873 3110 1148 3166 succidere
1177 3124 1375 3180 cogens
1393 3151 1409 3177 ,

154 3203 365 3261 Justum
394 3202 466 3257 ibi
503 3204 779 3271 Supposuit
806 3202 1188 3257 rustica'turba
1215 3202 1409 3271 premi.

87 3293 233 3349 Caelia
266 3306 457 3349 secure
484 3293 662 3358 arbor,
691 3308 827 3347 eum~
836 3293 948 3361 jam
977 3291 1131 3348 daret
1158 3292 1263 3346 alta
1291 3292 1519 3365 ruinam,

158 3386 237 3441 Ad
264 3386 437 3440 crucis
464 3386 743 3453 imperium
771 3394 854 3439 est
883 3386 962 3439 ire
990 3392 1172 3439 coacta
1200 3395 1364 3440 retro.
1424 3393 1429 3397 '

91 3474 217 3543 Quis
244 3474 389 3546 rigor
415 3474 502 3528 hic
518 3474 693 3529 'fidei?
731 3472 919 3527 validae
944 3474 1069 3527 dum
1100 3474 1333 3541 pondera
1363 3471 1472 3540 pini

158 3565 274 3631 Quo
303 3574 492 3620 natura
520 3572 680 3633 negat
708 3578 839 3618 crux
874 3562 998 3618 facit
1023 3563 1100 3618 ire
1126 3566 1271 3617 viam
1291 3563 1318 3617 ‘l-

93 3657 361 3726 Serpentis
391 3669 572 3711 morsu
599 3654 879 3719 tumidum,
911 3667 1158 3722 suprema
1196 3662 1489 3719 regentem,

159 3748 260 3803 llic
284 3746 507 3816 digitum
537 3753 597 3799 ut
620 3744 816 3813 posuit,
843 3744 1006 3814 pestis
1031 3743 1208 3809 iniqua
1240 3741 1377 3797 ﬂuit.

92 3838 321 3894 CoHecto
350 3837 537 3891 morbo
563 3836 686 3902 huc,
719 3844 773 3890 et
800 3835 867 3889 ab
896 3836 1077 3890 ulcere
1105 3834 1300 3903 pollice
1331 3840 1500 3888 tracto

154 3929 399 3997 Dumque
424 3941 628 3983 venena
658 3928 871 3990 cadunt,
900 3926 1059 3994 erigit
1088 3923 1175 3978 ille
1203 3928 1361 3993 caput
1385 3940 1396 3974 :

92 4017 532 4087 Unguentumque
560 4030 774 4081 novum,
804 4014 983 4084 digitis
1010 4014 1234 4086 traxisse
1268 4025 1554 4078 venenum,

156 4105 227 4161 Et
257 4116 401 4161 tactu
436 4104 658 4160 artilicis
683 4104 763 4189 sic
789 4117 1069 4175 superasse
1093 4115 1267 4166 neces,

175 4255 332 4309 “Duo
360 4245 528 4337 codd.
556 4254 700 4337 ν-ξδι.ἶ
721 4256 777 4308 in
790 4255 985 4337 senium
999 4268 1177 4336 ruens.
1204 4251 1326 4318 Ms.,
1345 4251 1409 4305 In
1438 4251 1662 4307 senium-

90 4341 183 4393 que
204 4341 380 4379 ruens.
407 4326 550 4380 Edit.
584 4325 776 4387 Paris.,
808 4321 873 4375 In
900 4325 1101 4381 senium
1122 4338 1350 4389 vergens.

174 4392 279 4447 bIn
311 4410 417 4449 uno
444 4393 575 4447 Cod.
606 4394 746 4456 Vat.,
778 4408 875 4461 quo
899 4395 1009 4459 [fuit
1037 4392 1127 4445 ille
1148 4408 1317 4454 vetus;
1350 4391 1410 4460 f.,
1438 4392 1554 4448 illa.

170 4476 192 4504 ε
220 4463 281 4517 ιη
304 4466 473 4529 altero
494 4463 626 4516 Cod.
662 4462 805 4524 Vat.,
836 4478 889 4515 se
912 4462 1007 4514 hac
1037 4474 1183 4515 nocte
1210 4463 1406 4515 silenti.

163 4534 190 4571 ἀ
218 4533 379 4598 lbid.,
404 4534 593 4589 viscera
618 4532 856 4586 morbosi.

164 4613 188 4641 ο
219 4603 381 4669 Ibid.,
415 4602 781 4656 tractosaiiva.
815 4602 903 4657 Sic
931 4616 1138 4669 quoque
1170 4600 1269 4656 Ed.

163 4673 184 4713 ι
219 4673 369 4729 Unus
390 4672 522 4743 Cod.
555 4672 698 4730 Vat..
732 4674 948 4743 denique
969 4684 1197 4731 extento.

162 4752 188 4792 s
220 4743 414 4799 Narrat
454 4742 613 4811 Greg.
669 4743 820 4806 'I‘ur.,
879 4744 1016 4811 lib._t
1071 4742 1138 4797 de
1184 4742 1449 4797 Miraculis
1496 4743 1667 4798 sancti

94 4815 331 4881 Martini,
362 4829 410 4868 c.
438 4814 530 4878 21,
565 4809 943 4881 ἀυεωάειωιὶη
973 4809 1116 4866 furto
1160 4811 1573 4877 deprehensum,
1603 4828 1668 4868 ac

94 4898 415 4949 suspensum
465 4886 674 4951 laqueo,
705 4884 872 4936 sancti
928 4882 1134 4935 Martini
1166 4882 1452 4948 implorato
1478 4893 1675 4951 patroo'

100 4956 271 5019 cinia,
294 4970 397 5009 non
426 4953 711 5015 interiisse,
744 4968 805 5007 ac
836 4952 992 5006 biduo
1016 4954 1333 5023 pependisse
1356 4953 1405 5005 in
1432 4954 1620 5007 arbore
1648 4970 1663 5019 ;

161 5034 364 5079 stremo
393 5041 421 5078 a
445 5025 689 5091 religiosa
720 5023 960 5085 muliere,
995 5038 1113 5091 qua:
1144 5024 1194 5075 in
1216 5023 1419 5077 somnis
1450 5040 1477 5076 a
1509 5025 1667 5077 beato

161 5039 364 5079 stremo
393 5041 421 5078 a
445 5039 689 5091 religiosa
720 5039 960 5085 munere,
995 5039 1113 5091 qua:
1145 5040 1194 5075 tn
1216 5039 1419 5077 somnis
1450 5040 1477 5076 a
1509 5039 1667 5077 beato

96 5039 326 5149 ﬂamina
348 5095 519 5150 fuerat
546 5093 837 5155 admonita,
869 5095 1179 5157 demissum,
1207 5096 1271 5146 ad
1303 5108 1454 5147 suum
1502 5109 1668 5161 usque

98 5172 311 5233 tempus
340 5169 501 5219 vitam
534 5163 876 5231 produxisse,
908 5166 1033 5215 tanti
1066 5164 1292 5232 prodigii
1343 5173 1551 5218 testem.
1588 5164 1666 5217 Ad

99 5232 241 5306 hunc
257 5238 441 5306 itaque
464 5236 667 5306 videtur
696 5234 794 5285 hoc
825 5234 939 5306 loco
962 5232 1260 5306 respexisse
1286 5233 1628 5288 Fortunatus.

167 5304 195 5342 ιι
226 5302 372 5361 Unus
393 5306 527 5359 Cod.
560 5304 705 5367 Vat.,
746 5318 861 5355 race
891 5302 1005 5354 huc.
1040 5302 1160 5368 Ms.,
1191 5302 1307 5356 hoc.

175 5374 191 5413 ⁸
222 5374 365 5429 Edit.
402 5376 565 5431 Paris.
606 5392 616 5425 :

210 5490 380 5542 Pestis
398 5488 539 5536 abest
560 5491 746 5538 cunctis
764 5489 907 5546 huius
930 5498 1156 5536 sermone
1176 5488 1357 5548 rigatis.

175 5579 190 5627 i
234 5576 387 5632 Unus
409 5571 540 5623 tiod.
574 5570 713 5636 Vat.,
742 5570 977 5624 culminis
1005 5581 1136 5623 acta.

177 5648 201 5686 κ
235 5650 353 5710 ML,
383 5660 535 5699 aura.

178 5716 195 5759 ³
226 5718 391 5786 EdiL,
420 5716 614 5781 Paris,
634 5710 862 5765 Decidua
892 5712 945 5763 in
977 5712 1117 5765 senio

464 5809 733 5875 Ρλτιιοι.
780 5801 1191 5875 LXXXVIII.

1305 4601 1473 4656 Paris.

1234 255 1745 337 MISGELLANEA.
1772 284 1845 300 -
1880 255 2011 314 us.
2052 258 2122 314 x.

1677 368 1737 430 Δ
1757 367 1893 424 Dum
1922 367 2060 424 latro
2078 368 2373 441 exstinctus
2398 367 2536 425 falso
2561 369 2828 426 coleretur
2853 366 3080 431 honore,

3221 254 3314 341 sat

1824 457 1973 513 Voce
1999 456 2031 496 ¹ι
2058 460 2159 514 hac
2186 458 2399 516 Martini
2426 460 2635 530 cogitur
2663 458 2850 514 umbra
2880 457 3046 528 luqui.

1756 549 1973 607 Publice
1997 562 2057 606 se
2082 551 2321 623 referens
2350 552 2614 607 scelerum
2647 565 2746 622 pro
2774 559 2947 606 morte
2977 558 3310 621 peremptum

1830 641 1902 697 Se
1927 654 2141 710 quoque
2168 655 2271 697 nec
2301 639 2524 711 Iustum,
2555 642 2649 697 sed
2670 633 2846 710 magis
2874 655 2997 697 esse
3021 656 3195 697 reum.

1756 730 1803 789 ο
1824 747 1926 789 vox
1953 741 2158 801 sancta,
2192 731 2343 803 loqui
2362 730 2614 788 defuncta
2640 732 2907 788 cadavera
2936 746 3155 803 cogens,

1829 824 1931 892 Qui
1958 832 2083 894 post
2106 824 2213 881 fata
2236 824 2448 895 iacens,
2460 824 2550 880 dat
2570 838 2673 879 sua
2698 822 2860 880 verba
2886 822 3057 879 cinis!

1660 926 1665 963 ἠ
1760 915 2018 988 Pergeret
2041 914 2097 972 in
2129 916 2350 973 fluvium
2377 916 2506 973 dum
2532 916 2718 986 vipera
2748 915 2896 986 lapsa
2925 921 3135 983 natatu,

1832 1008 1903 1065 Et
1933 1023 2099 1079 prope
2137 1009 2335 1065 littorei
2360 1017 2609 1080 tangeret
2630 1020 2729 1065 ora
2754 1007 2880 1077 soli,

1760 1097 1968 1156 Martini
1997 1099 2220 1170 imperio
2244 1098 2471 1169 liquidas
2500 1106 2781 1165 revocatur
2805 1096 2872 1153 ad
2902 1096 3094 1167 undas,

1832 1189 2291 1259 Transactumque
2314 1189 2414 1242 via:
2441 1186 2579 1243 lassa
2607 1189 2833 1242 recurrit
2862 1188 2985 1259 iter.

1761 1281 2002 1349 Quantus
2027 1285 2179 1334 amor
2206 1278 2414 1333 Domini
2443 1279 2530 1332 tali
2562 1277 2664 1333 sub
2686 1278 2848 1334 corde
2874 1278 3104 1346 calebat,

1832 1366 2057 1440 Quando
2086 1376 2292 1425 venena
2322 1377 2510 1435 potens
2538 1367 2651 1435 ipsa
2682 1374 2958 1437 retorquet
2985 1365 3137 1437 aquis

1762 1462 1974 1521 Martini
2000 1458 2226 1527 meritis,
2260 1453 2378 1515 aliis
2403 1475 2613 1531 quoque
2644 1461 2792 1516 febre
2815 1460 3087 1526 crematis,

1836 1556 2071 1614 Sudores
2102 1554 2301 1610 reﬂuos
2326 1554 2516 1624 pagina
2546 1555 2687 1608 sicca
2713 1552 2893 1609 dabat.

1772 1647 1924 1707 Unde
1951 1647 2224 1719 salutifero
2254 1643 2607 1701 medicamine
2632 1644 2818 1701 charta
2850 1645 3087 1712 fovebat,

1692 1718 1742 1780 Β
1840 1718 2011 1812 Atque
2034 1754 2221 1812 graves
2250 1740 2396 1809 ignes
2426 1737 2596 1793 littera
2629 1736 2829 1808 tinguet
2853 1736 3022 1805 aquis.

1822 1834 2004 1893 Gratia
2031 1843 2231 1905 quanta
2256 1832 2349 1886 Dei
2384 1829 2539 1901 hujus
2565 1823 3068 1898 sermonerig’abat,

1841 1926 2015 1982 Febre
2042 1925 2135 1981 ubi
2163 1926 2434 1979 succensis
2465 1921 2583 1976 fons
2604 1934 2733 1976 suus
2763 1921 2870 1975 ibat
2898 1919 3074 1991 apex?

1770 2019 1924 2075 Alme
1950 2018 2090 2073 Deus
2116 2030 2316 2081 rerum,
2348 2014 2450 2083 pie,
2478 2028 2705 2079 summe,
2737 2013 3048 2084 Gregorius,
3081 2014 3221 2070 arcis

1838 2109 1919 2165 Tu
1947 2109 2031 2164 cui
2058 2106 2154 2164 das
2182 2106 2384 2171 sedem,
2415 2106 2506 2161 dat
2538 2106 2628 2160 tibi
2660 2105 2854 2177 templa
2883 2119 3059 2161 sacer.

1768 2199 1901 2255 Nam
1932 2197 2098 2253 veteri
2132 2196 2343 2252 fuerant
2369 2194 2484 2250 hac
2513 2194 2751 2250 funditus
2779 2206 2929 2250 eruta
2963 2195 3136 2264 lapsu,

1841 2290 2002 2346 Tecta
2034 2288 2219 2343 labore
2252 2302 2411 2355 novo,
2446 2301 2566 2357 quae
2595 2286 2754 2342 modo
2774 2286 2916 2342 culta
2947 2286 3155 2343 eluunt.-

1770 2381 1898 2438 iure
1924 2381 2202 2453 potestatis
2233 2380 2320 2437 cui
2352 2390 2427 2446 tu,
2459 2384 2600 2435 bone
2625 2378 2873 2435 conditor
2900 2377 3073 2446 orbis,

1840 2473 1967 2528 Haec
1995 2471 2141 2528 danti
2170 2472 2223 2527 in
2255 2471 2439 2536 terris,
2468 2470 2704 2525 culmina
2733 2463 2898 2526 redde
2929 2472 3088 2541 polis.

1770 2562 1922 2625 Victa
1952 2564 2228 2643 vetustatis
2252 2576 2347 2631 per
2375 2552 2616 2631 tempora
2647 2560 2899 2617 culminis
2929 2561 2944 2612 1
2984 2569 3152 2628 arcta,

1839 2648 2031 2731 Diruit,
2058 2664 2117 2709 ut
2145 2647 2336 2711 melior
2359 2648 2608 2722 surgeret
2635 2650 2662 2692 κ
2688 2653 2809 2708 aula
2834 2652 2952 2709 solo
2976 2671 2989 2707 :
3206 2716 3213 2731 δ

1768 2749 1885 2803 Γιυο
1912 2761 2063 2803 sacra
2099 2746 2358 2801 Martinus
2384 2744 2597 2800 Domini
2626 2747 2881 2816 mysteria
2911 2755 3165 2815 tractans,

1842 2842 1880 2893 A
1906 2839 2080 2908 capite
2110 2837 2396 2910 igniferum
2422 2839 2569 2893 misit
2602 2840 2657 2893 in
2684 2848 2824 2896 astra
2852 2841 3093 2911 globum.

1765 2929 1843 2986 Ne
1873 2941 2047 2984 tamen
2075 2933 2188 3000 ipsa
2217 2943 2378 2985 ruens
2409 2930 2715 2985 miserando
2743 2932 2848 2985 line
2872 2931 3099 3002 iaceret,

1841 3022 2156 3076 Pontificem
2188 3023 2405 3087 meruit,
2438 3023 2529 3093 qui
2555 3024 2657 3078 sibi
2694 3022 2862 3079 ferret
2888 3039 3069 3093 opem.
3118 3088 3121 3097 η

1769 3114 1903 3181 Quae
1932 3113 2197 3181 rediviva,
2231 3116 2434 3169 micans
2466 3115 2700 3172 instante
2730 3116 2915 3172 laboro
2943 3098 3188 3188 Gregori,

1840 3206 1861 3246 1
1895 3209 2129 3264 Decidua
2158 3211 2332 3276 senio,
2365 3210 2520 3266 ﬂoret
2548 3211 2753 3267 honore
2780 3227 2938 3268 novo.

1765 3302 2136 3358 Fundamenta
2168 3303 2329 3374 igitur
2357 3317 2615 3381 reparans
2642 3304 2757 3360 haec
2782 3307 2959 3375 prisca
2985 3304 3257 3371 sicerdos,

1838 3392 2041 3447 Extulit
2060 3396 2332 3462 egregius,
2360 3404 2399 3432 ω
2427 3409 2583 3463 quam
2617 3396 2828 3452 nituere
2852 3398 3022 3464 prius.

1764 3482 1915 3539 Nunc
1940 3484 2117 3552 placet
2146 3486 2265 3540 aula
2291 3485 2509 3552 decens,
2545 3487 2741 3557 patulis
2771 3488 2982 3544 oculata
3011 3488 3285 3548 fenestris.
3356 3480 3362 3493 ”

1836 3576 1952 3642 Quo
1976 3577 2148 3631 noctis
2178 3576 2413 3633 tenebris
2443 3579 2708 3634 clauditur
2732 3594 2858 3635 arce
2883 3579 3021 3635 dies.

1767 3666 2018 3723 Lucidius
2046 3666 2305 3723 fabricam
2334 3670 2556 3737 pictum
2583 3682 2774 3739 pompa
2804 3679 3077 3739 perornat,

1836 3760 2114 3830 Ductaque
2148 3776 2268 3830 quae
2296 3762 2451 3825 lucis,
2480 3764 2662 3827 vivere
2692 3765 2929 3821 membra
2958 3763 3131 3835 putes.

1693 3069 1739 3131 C

2237 3903 2265 3931 ιι
2288 3890 2570 3964 Leprosum
2598 3898 2861 3969 purgavit;

1820 4008 2112 4068 Pannoniae
2141 4009 2291 4080 regio
2324 4009 2468 4093 misit
2494 4009 2608 4077 tibi,
2644 4010 2838 4076 Gallia,
2868 4008 3117 4075 fructum,

1732 4096 1733 4099 “
1832 4103 2067 4173 Gignens
2089 4100 2366 4158 caelestem
2398 4110 2543 4157 terra
2566 4110 2596 4151 ι»
2620 4101 2851 4173 maligna
2882 4101 3094 4172 dapem.

1831 4269 1873 4298 ιιι
1903 4261 2040 4325 Odo,
2072 4261 2124 4314 in
2153 4276 2214 4316 ea
2240 4268 2378 4316 orat.
2402 4273 2556 4331 quam
2584 4260 2653 4315 de
2676 4259 3167 4331 basilicmbujusce
3194 4274 3343 4315 com-

1762 4330 2017 4387 bustione
2037 4330 2271 4397 s‘rrtpsit,
2296 4331 2469 4399 deque
2490 4332 2604 4400 ejus
2636 4342 2824 4384 ornatu
2848 4330 3058 4385 reddito
3110 4331 3222 4384 haec
3242 4330 3344 4400 pha-

1687 4401 1891 4485 Dbet:
1921 4402 2170 4485 prustglis
2217 4399 2526 4484 marmoreis
2559 4404 2695 4455 intus
2743 4402 2963 4485 obdurth
3008 4409 3135 4485 erat.
3198 4399 3344 4471 Nam

1768 4472 2024 4525 interdum
2056 4471 2358 4526 Pratonisso
2385 4487 2635 4525 marmore
2660 4473 2830 4536 paries
2850 4471 3183 4536 rubirttttdus,
3206 4462 3343 4524 mitte

1768 4540 1929 4595 Patia
1951 4541 2221 4607 candidus,
2250 4557 2385 4594 nunc
2412 4558 2605 4611 quoque
2647 4540 2869 4595 Prasino
2913 4540 3110 4599 viridis.
3145 4541 3342 4594 varium

1767 4619 1816 4664 et
1842 4614 1964 4665 satis
1987 4612 2253 4677 pulchrum
2300 4611 2503 4665 schema
2561 4613 2861 4679 praferebat
2886 4656 2899 4677 ,
2922 4619 2968 4664 et
2998 4611 3126 4679 foris
3152 4625 3340 4663 aureo-

1769 4682 1855 4747 lis,
1886 4683 2241 4753 Sapphirinis,
2270 4692 2419 4749 atque
2468 4683 2675 4736 musiris
2706 4683 2933 4753 fulgebat
2980 4680 3221 4749 lapillis;
3250 4679 3341 4735 sed

1768 4762 1815 4804 et
1844 4759 2025 4805 tectum
2048 4752 2271 4806 stanneis
2301 4753 2485 4805 tabulis
2526 4761 2633 4807 erat
2662 4766 2909 4823 apertum.

1840 4831 1866 4857 υ
1903 4823 2065 4876 Recte
2108 4832 2259 4882 notat
2308 4824 2589 4887 Browerus
2630 4818 2834 4888 septem
2893 4818 3339 4889 consequentibus

1770 4891 2519 4976 epigrammatispistnrarutn
2553 4899 2865 4976 argumenta
2897 4890 3339 4976 exprimi'quibus
3366 4912 3367 4915 η

1771 4960 2185 5034 basilicasancti
2239 4964 2504 5020 Martinia
2561 4960 2782 5034 Gregor.
2822 4974 3078 5016 exornata
3122 4960 3340 5034 fuerat:

1730 5056 1733 5061 ⁴
1770 5036 1858 5099 qui
1893 5044 1955 5095 ut,
1977 5033 2044 5087 de
2089 5036 2277 5099 seipse.
2318 5034 2615 5100 proﬁtetur,
2648 5027 2695 5086 l.‘
2718 5032 2785 5095 Χ.
2819 5048 2866 5086 c.
2901 5034 2986 5091 51,
3025 5046 3169 5083 ιιιιιη.
3223 5027 3289 5083 19
3325 5047 3339 5083 :

1770 5104 2026 5157 Basilicas
2059 5106 2219 5156 sancti
2250 5103 2488 5170 Perpetui
2511 5106 2723 5158 adustas
2744 5103 2981 5156 incendio
3007 5101 3341 5169 reperi,quas

1769 5178 1821 5227 in
1854 5176 1942 5228 illo
1977 5177 2138 5227 nitate
2164 5174 2236 5227 vel
2259 5174 2420 5244 pingi,
2450 5175 2525 5227 vel
2571 5177 2832 5240 exornari,
2854 5172 3081 5244 utprius
3110 5173 3338 5238 fuerant,

1771 5246 2029 5309 artificum
2052 5254 2338 5297 nostrorum
2370 5262 2515 5311 apere
2539 5244 2803 5313 imperavi.

1844 5326 1866 5351 (λ
1896 5316 2041 5370 Unus
2064 5316 2192 5367 Cod.
2220 5315 2359 5376 Vat.,
2396 5316 2681 5368 Pannonia:
2711 5324 2807 5367 suo
2834 5330 2852 5377 ;

1772 5386 1965 5450 Paris.,
1994 5384 2265 5438 Pannonia
2294 5388 2521 5438 wstivum
2548 5386 2705 5438 misit.

1842 5468 1867 5505 Ρ
1895 5456 2145 5508 Martinus
2168 5455 2366 5507 scilicet
2394 5465 2546 5506 natus
2576 5457 2743 5509 fuerat
2767 5456 2999 5511 Sabarite
3046 5454 3098 5505 in
3134 5452 3332 5503 Penno.

1772 5528 1878 5581 nia.
1911 5525 2074 5579 Porro
2126 5540 2155 5577 e
2218 5526 2479 5577 Pannonia
2517 5525 2647 5578 Huni
2689 5537 2738 5577 et
2774 5529 2983 5578 barbari
3048 5522 3220 5587 plntcs
3253 5519 3334 5571 ali~

1773 5598 1961 5660 exorti,
1992 5613 2018 5649 a
2045 5597 2233 5661 «litibus
2259 5596 2400 5646 Italia
2435 5599 2779 5666 regionesque
2811 5600 2929 5649 alia:
2954 5594 3143 5648 misete
3174 5606 3332 5645 vexa-

1774 5678 1839 5724 tae
1869 5684 1929 5723 ac
1952 5669 2171 5739 perdita:
2199 5666 2425 5721 fuerant.

2916 5314 2952 5367 f.
2980 5314 3133 5365 satio.
3197 5310 3336 5363 Edit.

2794 5796 2865 5862 11
