3948 6218
663 272 763 331 5'5!

663 379 944 439 Martinam
967 378 1226 442 illustrem
1255 374 1457 433 meritis
1485 375 1575 445 qui
1601 377 1654 434 in
1679 389 1898 432 munere
1926 375 2066 444 divo,

737 473 960 528 Ct‘tlmeu
989 469 1041 523 in
1067 468 1298 524 tetlterea
1319 467 1445 522 sede
1469 474 1683 522 senator
1709 466 1885 522 habet.

666 562 768 633 Qui
798 562 956 628 lepra:
983 559 1217 614 maculas
1247 557 1507 614 medicata
1536 571 1632 627 per
1657 555 1838 612 oscula
1864 563 2072 626 purgat,

738 651 899 706 Curat
924 657 978 705 et
1006 649 1253 704 infectum
1277 662 1407 717 pura
1436 647 1600 701 saliva
1622 648 1816 701 virum.

667 743 747 799 Ad
773 739 994 797 ﬂuvium
1016 740 1227 795 Domini
1254 747 1279 776 ι
1310 738 1398 793 cui
1427 753 1532 792 non
1561 736 1660 793 fuit
1683 740 1781 793 iste
1807 737 2006 804 labore,

737 831 892 900 Quod
916 831 1160 888 Iordanis
1192 829 1369 894 habet,
1402 836 1616 884 sanctus
1640 828 1710 884 ab
1733 841 1826 883 ore
1852 827 2018 884 dedit.

668 922 768 990 Qui
797 933 944 976 sacer
967 916 1288 989 1tlpseinibi
1321 925 1396 982 te,
1425 925 1624 985 pastor,
1655 924 1863 985 agente,
1891 915 2109 986 Gregori

738 1009 1031 1066 Fortunato
1055 1007 1250 1062 adimat
1283 1011 1361 1060 tot
1384 1004 1653 1060 maculosa
1682 1019 1797 1060 reo.

1205 1095 1442 1167 Chlamys
1470 1096 1652 1150 divisa.

676 1192 809 1246 Dum
832 1190 1166 1260 ctuamydem
1183 1185 1447 1241 'Martinus
1475 1186 1627 1256 inops
1654 1185 1834 1243 divisit
1862 1201 2048 1259 egeno,

732 1280 970 1336 Christus
993 1293 1057 1333 ea
1087 1285 1344 1356 memorat
1366 1290 1424 1330 se
1450 1276 1588 1331 bene
1614 1287 1758 1331 veste
1788 1280 1917 1346 tegi.

664 1366 822 1422 Dives
851 1374 1151 1435 paupertas,
1188 1365 1469 1420 Dominum
1492 1380 1610 1434 quas
1637 1366 1764 1421 texit
1789 1365 2006 1433 amictu,

737 1458 835 1514 Cui
861 1461 1000 1515 Deus
1031 1459 1281 1523 occurrit,
1311 1459 1400 1528 qui
1425 1459 1567 1513 dedit
1600 1467 1739 1514 astra
1771 1459 1919 1515 faber
1950 1459 1966 1514 l

1220 1548 1468 1602 Tunicam
1494 1550 1651 1604 dedit.

668 1643 900 1700 Noscere
922 1643 1010 1714 qui
1041 1645 1206 1698 mavis
1237 1643 1443 1698 Martini
1463 1652 1617 1712 “gesta
1649 1643 1809 1705 beati,

739 1730 836 1789 Hic
863 1735 1060 1803 poteris
1088 1735 1317 1789 breviter
1345 1734 1550 1788 discere
1579 1734 1711 1787 mira
1735 1733 1854 1788 viri.

667 1826 901 1895 Denique
919 1839 1034 1880 cum
1061 1826 1288 1879 tunicam
1317 1838 1465 1881 sacer
1494 1825 1605 1892 ipse
1627 1824 1856 1880 dedisset
1885 1832 2058 1894 egenti
2079 1862 2095 1890 ,

739 1915 815 1972 Ac
839 1918 933 1971 sibi
965 1930 1085 1985 pars
1107 1915 1295 1970 tunicae
1325 1914 1526 1969 reddita
1557 1930 1711 1981 parva
1744 1913 1898 1980 foret,
2050 1976 2053 1980 ι

668 2006 818 2076 Quod
846 2019 948 2060 non
980 2012 1223 2060 texerunt
1254 2015 1276 2043 ο
1309 2003 1526 2059 manicae
1554 2018 1645 2073 per
1672 2004 1884 2059 brachia
1919 2007 2108 2072 curtae,

738 2095 860 2148 Visa
901 2093 1249 2164 tegigemmis
1273 2103 1354 2149 est
1375 2109 1561 2150 manus
1588 2095 1674 2148 illa
1707 2095 1825 2148 viri.

680 2189 725 2242 ο
758 2185 977 2240 nimium
997 2184 1145 2249 felix,
1176 2186 1262 2239 cui
1283 2186 1501 2253 contigit
1519 2186 1571 2239 in
1597 2186 1713 2239 vice
1741 2186 1896 2252 lanae,

742 2273 1005 2328 Nobilium
1039 2272 1268 2341 lapidum
1301 2273 1494 2326 lumine
1518 2273 1752 2327 membra
1786 2273 1913 2340 tegi,

579 2361 581 2364 ’
675 2363 744 2418 Ut
767 2377 883 2417 curn
911 2362 1079 2416 adhuc
1108 2363 1282 2416 cinere
1309 2376 1550 2430 aspersus
1574 2362 1733 2428 foret,
1757 2369 1916 2429 atque
1938 2359 2148 2436 favillis,

745 2451 959 2507 Artillce
985 2452 1222 2520 angelico
1250 2441 1518 2520 gEmmeus
1545 2453 1643 2505 iret
1671 2452 1826 2505 homo
1851 2450 1866 2504 ι

1101 2541 1332 2598 Mortuo:
1357 2551 1458 2596 tres
1481 2543 1764 2596 suscitavit.

671 2635 808 2704 Quid
831 2635 966 2689 Deus
988 2635 1038 2688 in
1067 2635 1269 2690 famulis
1297 2644 1543 2701 operetur
1567 2635 1770 2702 opimus
1799 2641 2025 2702 amator,

743 2725 955 2781 Martini
981 2723 1139 2793 gestis
1166 2738 1351 2790 magna
1381 2728 1602 2788 probare
1625 2733 1796 2788 potes,

677 2815 877 2870 Ducere
901 2815 990 2880 qui
1019 2813 1210 2864 meruit
1237 2811 1302 2863 de
1330 2817 1499 2862 morte
1518 2808 1771 2862 cadavera
1798 2809 1945 2875 vitae,

747 2902 966 2958 Rettulit
991 2909 1150 2970 atque
1178 2898 1338 2963 diem,
1368 2897 1593 2967 reppulit
1618 2896 1764 2954 unde
1781 2910 1987 2970 necem.

1233 2988 1395 3043 Pinus
1416 2988 1623 3043 excisa.-

673 3067 805 3122 Dum
834 3065 1064 3126 caderet,
1101 3059 1374 3114 Martinum
1405 3061 1560 3114 arbor
1591 3071 1830 3126 pressura
1857 3057 2100 3123 beatum,

748 3159 868 3212 Mox
890 3153 1016 3210 facit
1045 3154 1158 3221 ipse
1187 3164 1420 3214 crucem,
1447 3149 1600 3216 pinus
1623 3148 1803 3200 abacta
1828 3147 1987 3202 redit.

673 3247 800 3314 Quis
829 3257 935 3298 non
965 3241 1140 3294 virtuti
1169 3241 1360 3292 divinae
1390 3235 1688 3290 commodet
1717 3250 1918 3302 aurem,
1977 3278 1983 3284 .

746 3336 898 3403 Dum,
932 3333 1080 3387 trabe
1099 3343 1372 3395 conversa,
1399 3327 1524 3386 dant
1545 3320 1748 3396 quoque
1778 3327 1913 3397 ligna
1944 3327 2156 3398 fugam?

1211 3417 1363 3473 Idola
1392 3425 1669 3487 prostrata.

677 3516 817 3574 ldola
846 3515 970 3570 dum
991 3518 1205 3581 cuperet
1233 3509 1481 3563 Martinus
1512 3516 1744 3563 sternere
1779 3507 1907 3562 fulta
1926 3547 1943 3574 ,

741 3607 984 3664 Conterit
1009 3606 1123 3659 hare
1149 3603 1296 3656 caelis
1327 3615 1514 3668 magna
1542 3601 1780 3654 columna
1805 3614 1962 3655 ruens
1992 3618 2004 3652 :

679 3697 941 3752 Auxilium
967 3694 1031 3748 ad
1057 3692 1184 3762 justi
1203 3689 1468 3759 dignando
1488 3688 1678 3741 militat
1700 3688 1863 3743 aether
1895 3705 1907 3739 :

750 3785 951 3850 Quanta
980 3780 1133 3846 fides,
1157 3779 1308 3848 cujus
1331 3776 1499 3831 currit
1526 3775 1591 3831 ad
1620 3790 1765 3830 arma
1790 3774 1982 3845 polus?

1230 3866 1422 3921 Falsus
1446 3874 1661 3936 martyr.

679 3966 834 4022 Forte
869 3962 1134 4022 colebatur
1155 3957 1278 4012 dum
1309 3958 1424 4025 quis
1446 3969 1541 4024 pro
1569 3963 1797 4024 martyre
1831 3955 1987 4019 latro,

748 4051 963 4124 Martini
987 4049 1214 4101 adventu
1240 4060 1298 4098 se
1327 4045 1512 4111 probat
1542 4057 1658 4096 esse
1681 4058 1845 4095 reum.

676 4146 892 4204 Virtutis
920 4141 1104 4195 merito
1133 4135 1248 4191 lidei
1279 4135 1515 4190 radiante
1545 4148 1789 4197 corusco,

748 4238 853 4293 Nec
873 4244 1008 4290 tacet
1035 4231 1304 4294 exstinct,
1329 4242 1425 4283 nec
1446 4229 1575 4283 latet
1615 4225 1791 4280 umbra
1820 4227 1918 4280 rei.

1282 4364 1501 4419 CAPUT
1527 4363 1638 4418 VII.

650 4464 702 4505 ’ἀ
733 4463 810 4520 Ad
850 4460 1219 4528 Cltildebertttnt
1243 4472 1427 4526 regem,
1453 4466 1516 4528 et
1545 4456 1935 4528 Brunicltt'ldcmi
1968 4457 2218 4528 reginam,

937 4529 997 4581 de
1026 4526 1252 4578 natatitio
1277 4529 1437 4579 sancti
1465 4526 1672 4580 Martini
1703 4526 1956 4582 Turont'ci.

682 4641 834 4714 [Cum
869 4644 1109 4729 p‘ergeret
1138 4635 1454 4690 Fortunatus
1483 4635 1547 4687 ad
1605 4634 1989 4693 Childcbertum
2018 4652 2220 4719 regem,

750 4800 775 4828 ⁸
802 4790 946 4845 Unus
971 4787 1100 4842 Cod.
1126 4787 1270 4850 Vat.,
1302 4786 1382 4839 cui
1409 4785 1619 4854 nonfuit
1642 4786 1711 4838 ire
1751 4786 1952 4851 labore;
1978 4786 2114 4855 quod
2144 4795 2219 4841 te-

823 4877 852 4912 ll
860 4875 906 4911 nt
918 4897 932 4910 .
1711 4902 1722 4910 .

681 4861 932 4915 nendum.
1711 4902 1722 4910 .

749 4930 774 4967 ιι
808 4928 959 4991 lhid.,
990 4927 1097 4995 ipse
1125 4924 1264 4995 mihi.
1294 4924 1381 4978 Sic
1410 4938 1615 4993 quoque
1646 4924 1783 4978 Edit.
1821 4923 1982 4978 Paris.

750 5009 771 5036 θ
807 4997 944 5050 Edit.
969 4993 1162 5060 Paris.,
1195 4993 1305 5046 ιριτυ
1330 5011 1431 5060 per.

750 5067 778 5105 ιι
815 5066 905 5118 llic
943 5065 1308 5119 Childehertus
1347 5063 1586 5132 Sigiberti
1630 5063 1765 5132 regis
1805 5063 1936 5115 illius
1969 5061 2090 5122 fuit,
2124 5062 2216 5128 qui

679 5149 830 5205 puer,
862 5135 1033 5205 occiso
1062 5144 1207 5205 patre
1227 5149 1323 5205 an.
1355 5129 1476 5205 $75,
1511 5129 1830 5205 relicttt‘stin
1859 5132 1969 5200 ejus
2000 5146 2217 5200 regnum

677 5202 962 5264 successit,
997 5202 1327 5254 Brunicltildc
1368 5202 1597 5261 interea,
1631 5202 1860 5263 ejusdem
1895 5215 2085 5266 matre,
2129 5215 2215 5254 re-

676 5289 835 5342 gnum
863 5270 1280 5333 administrante,
1311 5279 1362 5321 nt
1397 5271 1570 5338 legere
1599 5279 1676 5320 est
1703 5270 1836 5336 apud
1865 5270 2082 5340 Gregor.
2110 5271 2218 5326 Tu-

678 5359 768 5372 ..ηη
849 5343 917 5372 nt.
1091 5338 1196 5372 me.
1251 5341 1414 5372 mm...
1490 5352 1585 5372 ιηη
1637 5336 1701 5372 cn

676 5338 817 5405 rom,
849 5343 937 5394 lib.
973 5354 1062 5389 vm
1091 5338 1220 5391 llist.
1251 5341 1458 5398 Franc.,
1490 5352 1604 5403 cap.
1637 5338 1722 5388 ‘22.

749 5424 769 5448 °
814 5411 957 5466 Unus
983 5408 1111 5462 Cod.
1146 5408 1280 5470 γει,
1315 5418 1358 5459 et
1380 5409 1546 5476 justus
1578 5406 1755 5474 pergit.

747 5476 770 5519 ί
811 5481 959 5539 lbid.,
988 5478 1071 5541 qui
1100 5477 1229 5528 sedet
1260 5480 1379 5543 ipse.
1431 5519 1457 5526 ._

748 5555 773 5613 tt
813 5548 922 5600 Duo
949 5547 1113 5600 Codd.
1150 5546 1539 5607 -Vat.,-vernanti
1568 5546 1771 5607 Iuntina,
1800 5545 1933 5612 quod
1960 5558 2072 5613 seq.

751 5612 780 5652 ι
819 5615 948 5671 Hinc
972 5616 1276 5685 intelligitur
1303 5615 1399 5671 hoc
1429 5629 1607 5681 poema
1635 5617 1790 5670 luisse
1818 5612 2068 5685 scriptum
2098 5621 2215 5684 post

1375 260 1688 322 VENANTII
1725 263 1885 324 HON.
1923 263 2134 324 σωκ.
2170 262 2563 325 FORTUNATI
2598 264 2875 324 OPERUM
2912 265 3087 324 PARS
3122 267 3162 323 l.

2241 378 2299 441 Α
2386 392 2454 460 ac
2468 377 2584 460 eius
2603 387 2823 460 matrem
2853 377 3263 460 Brun-icltildem,
3312 383 3882 460 narratfes‘tumsan:

3781 253 3921 325 5.31%

2387 449 2457 503 cti
2510 450 2713 504 Martini
2740 449 2900 511 diem,
2949 448 3039 504 illo
3095 449 3147 503 in
3175 449 3384 517 itinere,
3440 452 3543 506 sibi
3597 448 3874 510 incidisse:

2390 519 2541 582 Hinc,
2566 518 2808 572 diﬂusam
2831 517 3067 586 ejusdem
3092 528 3200 571 toto
3231 520 3385 583 orbe,
3424 520 3617 576 famam
3674 528 3874 580 sancti-

2387 589 2530 658 tatis,
2554 595 2610 642 et
2633 602 2732 655 qua
2761 587 2811 640 in
2841 589 2979 642 caelo
3005 587 3276 658 fruebatur
3335 591 3561 658 gloriam
3595 593 3878 650 describit.

2387 655 2679 796 ἓιέξῗτῗηο,
2712 671 2808 727 pro
2848 665 2954 712 tota
2985 659 3124 727 regia
3155 655 3362 712 familia
3385 659 3718 718 Childeberti
3752 674 3871 721 vota

2474 742 2488 781 l
2517 766 2530 779 .

2408 737 2530 781 aCll.

2315 839 2587 895 Praecelsis
2607 838 2839 894 dominis
2866 839 3094 896 famulus
3124 841 3247 896 dum
3279 843 3439 899 corde
3468 843 3724 914 pusillus,

2357 987 2370 997 _
2385 928 2814 998 Fluminibusque
2835 932 2978 1002 vagis
3000 946 3096 1002 per
3125 932 3258 986 vada
3286 948 3447 1004 pergo
3467 944 3586 992 rate

2317 1017 2455 1076 Ecce
2483 1022 2784 1091 supervenit
2811 1023 3100 1079 venerandi
3131 1025 3181 1078 in
3209 1027 3401 1079 sarcula
3429 1027 3592 1094 civis,

2388 1109 2592 1165 Martini
2618 1111 2818 1166 meritis
2844 1111 2958 1167 luce
2988 1127 3220 1181 perenne
3249 1113 3384 1169 dies.

2320 1198 2417 1266 Qui
2441 1201 2597 1255 modo
2622 1201 2688 1256 de
2718 1198 2883 1255 Gallis
2910 1208 3078 1256 totum
3105 1203 3238 1257 mire
3261 1212 3483 1273 occupat
3502 1206 3711 1272 orbem,

2393 1300 2416 1328 ε
2438 1290 2502 1343 Ει
2527 1291 2694 1343 virtus
2722 1289 2910 1358 pergit,
2941 1304 3046 1359 quo
3079 1293 3212 1360 pede
3241 1308 3398 1348 nemo
3425 1294 3594 1350 valet.

2319 1381 2418 1446 Qui
2446 1383 2587 1436 velut
2608 1383 2710 1436 alta
2742 1382 2934 1458 pharus
2963 1384 3143 1440 lumen
3171 1388 3439 1454 pertendit
3463 1389 3531 1442 ad
3564 1388 3747 1458 Indos,

2389 1471 2554 1538 Quem
2581 1469 2860 1541 Hispanus,
2889 1473 3117 1539 Maurus,
3151 1474 3342 1541 Persa,
3370 1477 3650 1532 Britannus
3679 1488 3843 1534 amat.

2320 1559 2467 1613 llunc
2497 1561 2934 1624 oriens,‘occasus
2961 1563 3153 1628 habet;
3184 1564 3323 1620 hunc
3353 1565 3533 1622 Africa
3560 1577 3618 1623 et
3645 1570 3858 1638 Arctos,

2388 1652 2598 1708 Martini
2627 1654 2787 1708 decus
2811 1663 2914 1721 est,
2944 1671 3048 1725 quo
3079 1656 3192 1712 loca
3220 1659 3450 1713 mundus
3478 1659 3655 1717 habet.

2201 1763 2207 1767 ·
2247 1720 2295 1778 Β
2321 1741 2526 1812 Quique
2555 1758 2646 1813 per
2667 1744 2864 1800 Oceani
2895 1720 3143 1801 discurrit
3162 1740 3413 1818 marginis
3441 1751 3635 1820 undas,

2387 1831 2640 1887 Omnibus
2667 1842 2722 1887 ut
2743 1841 2973 1902 praestet,
3001 1835 3189 1889 circuit
3213 1838 3360 1891 orbis
3383 1839 3505 1894 iter.

2321 1921 2670 1976 Perciuerem
2700 1923 3011 1990 ascendens,
3045 1939 3140 1992 per
3166 1924 3296 1980 dura
3325 1928 3502 1981 cilicia
3531 1929 3724 1995 caelos,

2389 2011 2506 2066 Stat
2532 2013 2688 2067 modo
2714 2024 3031 2083 gemmatus,
3064 2031 3264 2086 pauper
3287 2018 3338 2072 in
3367 2019 3499 2074 orbe
3529 2021 3676 2088 prius

2319 2101 2433 2168 Quo
2462 2105 2876 2172 patriarcharum
2898 2107 3056 2162 decus
3077 2117 3179 2173 est,
3221 2109 3537 2178 radiantque
3565 2111 3871 2180 propheta,

2390 2193 2503 2258 Quo
2525 2203 2604 2247 est
2630 2208 2781 2249 sacra
2811 2197 2959 2249 turba
2987 2211 3172 2252 senum
3205 2199 3290 2252 bis
3316 2199 3562 2253 duodena
3590 2207 3827 2268 patrum.

2321 2280 2463 2334 Inter
2485 2283 2826 2348 apostolicum
2851 2298 3160 2351 numerum,
3190 2285 3442 2341 rutilante
3463 2294 3678 2355 senatu,

2396 2367 2415 2406 ι
2442 2369 2554 2437 Quo
2578 2372 2724 2425 sedet
2748 2369 2861 2440 ipse
2885 2373 3092 2439 throno,
3127 2389 3216 2430 rex
3247 2375 3346 2430 sibi
3375 2373 3625 2431 Christus
3646 2391 3822 2442 amor,

2322 2460 2436 2528 Quo
2462 2461 2670 2515 excellit
2687 2477 2804 2527 cum
2822 2464 2978 2522 clave
3000 2464 3210 2533 Petrus,
3233 2482 3351 2521 cum
3379 2468 3628 2538 dogmate
3654 2468 3871 2536 Paulus,

2390 2550 2574 2618 Fulget
2594 2552 2726 2605 etin
2753 2551 2972 2621 reliquis
2994 2554 3187 2622 palma,
3216 2570 3431 2623 corona,
3461 2559 3620 2623 tides,

2320 2641 2470 2707 Quod
2497 2640 2609 2695 loca
2633 2641 2952 2711 martyribus
2981 2653 3006 2690 ε
3028 2649 3303 2700 veneranti
3330 2648 3529 2703 lumine
3548 2650 3774 2715 ﬂorent,

2391 2731 2562 2796 Atque
2584 2729 2720 2781 libro
2747 2729 2870 2782 vitae
2901 2738 2985 2783 est
3010 2733 3236 2800 scriptus
3259 2733 3460 2788 honore
3486 2750 3648 2790 cruor

2323 2815 2436 2880 Quo
2463 2816 2794 2872 confessores
2811 2827 3065 2885 gemmata
3093 2821 3288 2889 palatia
3316 2824 3610 2893 complent,

2391 2906 2768 2979 .‘Eternumque
2792 2917 2971 2966 tenent
2995 2926 3154 2968 aurea
3185 2922 3318 2970 tecta
3345 2917 3509 2984 diem,

2272 3055 2291 3080 ε
2321 2999 2436 3056 Stat
2455 3015 2659 3071 quoque
2683 3014 2800 3072 post
2848 3003 3104 3076 lacrymas
3131 3005 3219 3063 ubi
3255 3023 3392 3064 nunc
3418 3006 3446 3047 δ
3505 3011 3863 3082 Radegundes

3557 3101 3670 3172 ιορί
3679 3118 3784 3171 ma,

2392 3185 2590 3239 Forsan
2613 3193 2667 3240 et
2688 3185 2918 3253 Eugenia
2949 3187 3083 3242 hanc
3107 3195 3252 3242 tenet
3281 3189 3370 3244 illa
3397 3189 3412 3227 ί
3443 3199 3691 3246 manum.

2327 3273 2342 3323 l
2381 3272 2492 3328 Hos
2517 3272 2655 3326 inter
2678 3272 2926 3329 Martinus
2953 3273 3112 3330 habet
3139 3274 3432 3332 diademata
3462 3280 3717 3349 pulcher,

2391 3362 2563 3432 Atque
2587 3362 2748 3417 sacris
2770 3363 2960 3419 lumbis
2985 3365 3182 3435 'fulgida
3203 3382 3332 3422 zona
3361 3370 3518 3425 viret.

2322 3451 2349 3490 ιι
2370 3450 2560 3506 Cantat
2585 3451 2865 3523 Gregorius
2892 3453 3090 3512 Christi
3117 3456 3185 3513 de
3204 3467 3374 3514 morte
3399 3460 3727 3531 triumphos,

2392 3547 2559 3623 Atque
2579 3547 2871 3614 resurgenti
2892 3545 3091 3616 plaudit
3117 3562 3295 3604 amore
3324 3550 3452 3606 Deo.

2323 3631 2468 3685 Hunc
2480 3647 2686 3701 quoque
2705 3634 2983 3688 Martinum
2999 3635 3171 3691 colitis
3183 3651 3338 3706 quem
3371 3655 3533 3708 regna
3561 3653 3859 3714 patronum,

2394 3722 2499 3778 Vos
2519 3724 2654 3777 hunc
2679 3724 2732 3778 in
2759 3725 2931 3790 terris,
2957 3739 3051 3779 vos
3076 3740 3281 3782 memor
3305 3729 3396 3785 ille
3414 3733 3586 3798 polis.

2323 3812 2428 3867 Vos
2460 3811 2480 3848 ι
2506 3813 2606 3868 iter
2633 3813 2898 3883 angelicas
2921 3822 3114 3873 turmas
3139 3826 3293 3873 canat
3313 3818 3405 3874 ille
3429 3820 3528 3876 sub
3555 3822 3735 3891 astris,
3797 3837 3806 3844 ‘

2390 3903 2483 3959 Cui
2520 3919 2612 3959 vos
2642 3914 2763 3960 ante
2793 3905 3032 3962 homines
3062 3906 3212 3963 fertis
3240 3908 3441 3965 honore
3461 3909 3626 3967 diem.

2319 3995 2537 4049 Nomina
2569 4003 2740 4050 vestra
2769 3995 2910 4063 legat
2935 3993 3268 4064 patriarchis,
3303 4006 3459 4068 atque
3490 4000 3788 4070 prophetis,

2390 4095 2428 4121 ω
2453 4085 2549 4139 Cui
2579 4084 2734 4138 hodie
2761 4084 2812 4137 in
2843 4084 3044 4153 templo
3069 4084 3349 4155 diptychus
3377 4088 3510 4153 edit,
3537 4092 3697 4146 ebur.

2321 4172 2522 4228 Reddat
2551 4173 2864 4242 apostolicos
2884 4187 3152 4242 proceres,
3179 4168 3522 4245 reliquosque
3542 4186 3811 4246 patronos,

2389 4264 2554 4329 Quem
2582 4278 2672 4317 vos
2697 4263 2780 4318 hic
2807 4263 2998 4329 colitis,
3032 4263 3117 4318 vel
3148 4263 3229 4331 pia
3257 4266 3384 4319 testa
3410 4264 3581 4324 datis.

2245 4382 2296 4444 υ
2321 4355 2511 4426 Pergat
2536 4349 2587 4411 et
2601 4354 2665 4408 ad
2694 4353 2958 4444 Christum
2989 4370 3083 4420 pro
3108 4344 3256 4425 vobis
3278 4364 3306 4393 ιι
3337 4357 3426 4411 ille
3460 4369 3724 4428 precator,

2317 4513 2320 4515 Α
2391 4443 2486 4497 Cui
2528 4455 2623 4496 vos
2648 4441 2700 4494 in
2730 4438 2936 4507 templis
2962 4447 3078 4493 vota
3102 4441 3367 4509 precando
3393 4443 3554 4498 datis.

2323 4535 2454 4588 Ante
2479 4533 2582 4602 poli
2609 4531 2802 4586 referat
2830 4543 2924 4583 sua
2953 4529 3066 4585 haec
3091 4532 3344 4586 solemnia
3375 4522 3583 4603 regem,

2390 4626 2585 4680 Dentur
2614 4633 2670 4678 ut
2697 4624 2820 4677 hinc
2845 4625 2989 4680 vobis
3011 4639 3192 4696 regna,
3220 4627 3417 4693 salutis
3445 4643 3597 4697 opes.

2318 4783 2533 4904 :Iibitggt7
2562 4782 2726 4836 beatas
2772 4780 3122 4851 Radegundis.
3173 4780 3245 4836 Ea
3283 4795 3410 4838 vero
3452 4780 3685 4840 decessit
3723 4783 3848 4840 circa
3920 4845 3921 4856 χ

2351 4867 2403 4904 n.
2541 4890 2554 4904 .

2253 4900 2261 4909 .
2314 4865 2403 4904 an.
2435 4865 2554 4904 δδι.

2392 4917 2406 4956 ί
2452 4921 2570 4984 Ms.,
2599 4937 2769 4975 manu.

2390 4989 2402 5038 i
2455 4990 2594 5045 Unus
2620 4990 2748 5044 Cod.
2780 4989 2916 5052 νει,
2945 5006 3027 5044 uos
3052 4991 3198 5046 inter.

2386 5056 2411 5142 ξ
2453 5060 2594 5142 ﬁdit.
2627 5060 3090 5142 Pariséngan‘tatet
3115 5061 3352 5142 egregios.

2391 5127 2409 5166 1
2451 5129 2547 5182 Ms.
2576 5130 2724 5182 inter.
2757 5129 2890 5184 Edit.
2925 5130 3110 5191 Paris,
3137 5127 3288 5184 iulia.
3920 5177 3921 5196 η

2386 5207 2423 5234 m
2456 5199 2564 5251 lloc
2604 5214 2756 5253 versu
2802 5201 2940 5252 innui
2982 5200 3183 5253 videtur
3223 5199 3527 5268 diptycltnm
3575 5201 3627 5256 in
3659 5215 3756 5268 quo
3791 5201 3843 5256 Β.
3920 5219 3921 5226 ‘

2317 5269 2518 5323 Martini
2547 5284 2734 5321 nomen
2757 5309 2771 5332 ,
2800 5268 2923 5320 olim
2954 5269 3196 5323 lirclesite
3225 5271 3424 5322 'l'uron.
3461 5272 3744 5337 pontiﬁcis,
3767 5271 3842 5325 in-

2317 5339 2563 5404 scriptum
2599 5339 2761 5395 luerat
2792 5352 2854 5389 cx
2883 5337 3037 5391 chorc
3069 5349 3344 5402 structum,
3372 5340 3486 5394 sive
3512 5350 3767 5402 ornatum,
3795 5339 3840 5392 in

2318 5407 2512 5461 Turon.
2549 5406 2770 5458 ecclesia
2811 5418 3132 5460 asservatum
3162 5408 3342 5462 fuisse.
3387 5408 3547 5465 Plura
3587 5411 3750 5467 Brovr.
3785 5407 3841 5462 de

2317 5476 2574 5546 diptychis
2602 5480 2663 5546 ad
2693 5475 2828 5546 hunc
2856 5477 3043 5546 locum.

2385 5543 2593 5600 ll’Unus
2617 5543 2749 5601 Cod.
2784 5545 2921 5609 νει..
2951 5545 3034 5598 ille
3065 5555 3308 5613 precatur.
