3948 6218
37 321 140 380 533

41 437 272 502 Deputet
296 438 354 488 et
382 427 634 485 Dominus
652 433 882 484 vestrum
901 427 1042 482 hunc
1067 441 1187 483 esse
1207 437 1395 498 patron
1410 431 1528 498 umf,

114 525 183 580 lit
206 520 374 577 modo
404 519 494 587 qui
522 519 734 583 colitur,
762 531 856 572 vos
883 518 1021 572 colat
1047 518 1207 587 hujus
1236 520 1369 587 opis.

45 617 142 683 Qui
174 613 328 668 dedit
350 610 432 665 his
462 609 704 664 habitans
725 609 978 662 miracula
1009 610 1230 676 plurima
1259 609 1438 677 terris,

116 701 416 756 Distribuat
443 697 590 752 vobis
614 696 697 751 hic
720 710 929 766 quoque
961 696 1092 750 mira
1120 707 1330 765 potens.

47 793 215 861 Cujus
242 798 506 861 gemmata
530 797 654 844 tunc
678 789 894 843 dextera
923 789 1035 843 visa
1056 790 1222 855 beati,

119 884 228 938 Vos
256 881 415 936 simul
441 888 497 936 et
523 888 733 935 vestras
755 888 990 949 protegat
1013 880 1100 934 illa
1131 893 1336 934 manus.

44 976 141 1042 Qui
168 984 296 1028 tunc
326 972 622 1041 promeruit
649 971 1182 1033 revocare'cadavera
1215 971 1363 1037 vitae,

78 1062 212 1116 cIIic
237 1076 452 1131 quoque
475 1075 569 1128 pro
598 1069 772 1115 vestra
803 1060 938 1114 dona
962 1060 1135 1131 salute
1167 1061 1324 1115 lerat.
1438 1059 1454 1073 ⁶

47 1133 146 1197 Qui
178 1130 434 1200 percusso
461 1131 662 1186 homini
692 1131 945 1185 abstraxit
969 1130 1036 1185 de
1059 1144 1219 1186 carne
1247 1144 1531 1198 venenum,

115 1221 287 1275 Noxia
317 1220 384 1275 de
410 1221 560 1276 vobis
583 1223 694 1287 ipse
719 1233 918 1275 venena
945 1226 1104 1273 vetet.

43 1310 144 1378 Qui
169 1309 437 1376 serpentis
470 1310 570 1364 iter
599 1307 723 1362 fecit
750 1322 1006 1364 revocare
1035 1315 1352 1374 retrorsum,

119 1401 235 1470 Ipse
255 1414 446 1472 graves
473 1415 632 1456 casus
656 1408 683 1438 ι
713 1400 837 1455 hinc
860 1401 1002 1470 fuget
1028 1401 1103 1455 ire
1123 1409 1288 1456 retro.

39 1488 74 1527 ³
96 1490 196 1555 Qui
224 1490 293 1546 de
315 1501 462 1558 peste
484 1491 698 1546 domum
731 1491 930 1544 salvam
961 1491 1106 1546 dedit
1134 1506 1253 1549 esse
1283 1492 1517 1561 Liconti,

117 1579 244 1633 llaec
268 1579 454 1634 domus
478 1579 756 1638 incolumis
794 1579 980 1634 ﬂoreat
1007 1581 1163 1648 hujus
1185 1596 1306 1651 ope.

40 1668 208 1736 Cujus
260 1671 434 1736 Opima
480 1667 722 1738 chlamys
765 1669 1170 1724 tremebundum
1213 1672 1352 1727 texit
1379 1687 1606 1743 egenum

1219 315 1708 375 MISCELLANEA.
1749 345 1816 360 --
1855 317 1983 376 LIB.
2025 319 2092 377 Χ.

3148 324 3252 383 εει

1624 429 1677 490 Α
1704 429 1830 496 Vos,
1859 431 2048 500 quibus
2073 438 2128 486 et
2152 431 2444 499 speculum,
2472 440 2526 486 et
2553 433 2661 497 lux,
2686 441 2740 488 et
2765 433 2985 492 dulcedo
3011 440 3255 507 manetis,

1773 519 2002 574 Charum
2033 530 2418 584 ornamentum,
2450 521 2532 575 his
2561 523 2716 577 simul
2745 525 2870 580 estis
2899 526 3088 582 honos.

1704 606 2032 678 Praecipuum
2061 611 2276 676 donum,
2309 611 2567 681 placidum
2597 623 2649 668 et
2678 616 2930 683 placabile
2959 624 3199 688 regnum,

1774 701 1850 754 Ac
1881 707 2054 755 vestro
2083 699 2137 754 in
2165 710 2304 756 statu
2333 709 2414 756 est
2443 702 2646 758 culmen
2678 706 2726 757 in
2758 705 2884 759 orbe
2914 709 3075 776 pium.

1704 786 1902 856 Hisque
1932 791 2198 858 parentela
2227 792 2474 860 etpatria
2506 800 2559 846 et
2590 793 2750 848 tutela
2779 807 3039 862 coruscat,

1774 878 1870 933 llic
1896 879 2076 945 decus,
2106 889 2264 952 atque
2289 883 2500 952 gradus,
2535 883 2617 937 hic
2647 883 2853 952 pietatis
2883 900 3035 954 opus.

1704 968 1803 1024 Hic
1831 971 2113 1040 tranquilla
2143 972 2276 1037 dies,
2309 972 2393 1026 hic
2420 986 2542 1040 spes
2563 974 2794 1040 jucunda
2821 974 2983 1042 ﬁdeli,

1774 1059 2000 1128 Postque
2031 1060 2213 1125 Deum,
2245 1061 2300 1115 in
2330 1061 2480 1115 vobis
2508 1063 2645 1116 dona
2674 1064 2857 1119 salutis
2884 1066 3098 1124 habent.

1704 1149 1800 1207 Hic
1827 1164 1924 1220 ego
1949 1164 2069 1205 cum
2101 1151 2294 1219 populo
2324 1165 2440 1205 mea
2468 1159 2590 1204 vota
2619 1161 2671 1205 et
2701 1153 2885 1220 gaudia
2912 1156 3098 1226 jungo,

1775 1241 1903 1306 Quae
1931 1242 2048 1309 pius
2078 1241 2404 1310 amplificans
2429 1254 2670 1296 crescere
2696 1241 2936 1300 Christus
2964 1255 3103 1316 agat.

1707 1329 2076 1386 Praestet-cura
2104 1329 2198 1385 Dei
2226 1345 2321 1386 vos
2350 1331 2502 1400 longa
2531 1330 2585 1385 in
2613 1332 2740 1388 sede
2768 1335 2924 1402 tueri,

1776 1419 1988 1476 Caelesti
2015 1435 2078 1476 ac
2103 1421 2241 1476 dono
2271 1435 2429 1491 regna
2461 1429 2643 1478 tenere
2670 1422 2780 1478 diu.

1707 1509 2002 1579 Acquiratis
2032 1511 2205 1566 adhuc
2233 1525 2390 1578 nova,
2423 1512 2509 1568 vel
2540 1527 2782 1581 possessa
2806 1516 3020 1586 regatis,

1777 1603 1852 1656 Ac
1878 1603 1962 1671 pie
1991 1603 2270 1672 participes
2298 1603 2392 1660 has
2422 1602 2641 1660 foveatis
2670 1621 2820 1674 opes.

1712 1689 1777 1747 Ut
1803 1690 1895 1747 tibi
1922 1705 2040 1760 quae
2064 1691 2217 1748 ﬂoret
2244 1692 2311 1748 de
2340 1700 2464 1749 nato
2491 1701 2545 1749 et
2573 1697 2828 1766 germine,
2859 1712 3084 1757 messem

1418 1763 1606 1837 [rom.;
1639 1773 1688 1835 Β
1783 1782 2034 1839 Maturam
2065 1783 2244 1839 videas
2272 1791 2461 1854 mater,
2494 1785 2695 1842 honore
2723 1788 2946 1846 micans.

121 1848 247 1916 Ejus
271 1850 541 1917 apostolici
574 1863 668 1903 vos
694 1857 835 1918 tegat
859 1851 943 1904 ala
969 1851 1088 1905 viri.

43 1938 146 2004 Qui
177 1938 350 1992 vidua
373 1939 526 1992 matri
563 1948 586 1977 ο
616 1938 880 1992 revocavit
899 1940 963 1993 ad
994 1941 1154 1995 ubera
1187 1948 1391 2008 natum,

123 2027 238 2094 Ipse
269 2029 358 2082 tibi
391 2029 503 2082 haec
527 2028 726 2082 tribuat
756 2029 972 2096 pignora
1002 2039 1193 2097 mater,
1219 2031 1247 2068 ἀ
1277 2046 1396 2085 ava.

43 2117 119 2173 Ut
135 2116 507 2173 Childebertus
534 2104 750 2173 maneat
777 2133 895 2173 cum
932 2129 955 2156 °
980 2121 1128 2188 prole
1153 2107 1388 2188 novella,

124 2210 229 2264 liex
259 2223 353 2262 sua
383 2223 541 2279 regna
571 2217 779 2276 tenens,
828 2218 882 2265 et
902 2222 1039 2266 nova
1066 2227 1225 2282 regna
1251 2213 1494 2268 trahens.

49 2298 127 2354 De
157 2298 174 2335 π
199 2299 373 2368 genita
405 2307 463 2353 ut
491 2299 675 2354 videas
701 2300 953 2368 genitrix,
983 2309 1038 2355 ut
1067 2299 1272 2356 dulcius
1302 2309 1475 2372 optas,

127 2388 304 2456 Deque
331 2404 464 2443 nuru
494 2390 675 2454 chara,
707 2391 847 2460 quod
876 2401 964 2446 tua
990 2399 1111 2447 vota
1142 2399 1348 2463 rogant.

54 2479 204 2534 Unde
234 2478 320 2533 hic
348 2477 530 2534 felices
554 2479 784 2534 habeant
806 2497 900 2536 sua
933 2484 1063 2538 festa
1094 2484 1299 2551 ﬁdeles,

126 2571 188 2624 Et
213 2569 423 2624 Domini
451 2570 658 2625 famulis
687 2571 804 2624 sitis
825 2570 1040 2626 honoris
1064 2587 1217 2640 apex.

54 2658 168 2724 Quo
199 2657 288 2712 tibi
319 2659 435 2727 plus
458 2659 637 2722 libeat,
669 2658 1042 2727 Brunichildis,
1068 2660 1265 2716 habere
1296 2669 1601 2730 patronum,

128 2759 150 2795 ι
177 2748 397 2816 Quando
423 2749 635 2804 domum
652 2735 917 2806 Dominus
946 2760 1122 2806 servat
1151 2752 1201 2806 in
1223 2751 1352 2807 orbe
1374 2754 1513 2823 pius.

54 2842 140 2896 Sic
166 2855 371 2912 quoque
398 2851 450 2897 te
476 2841 704 2908 erudiat,
737 2851 903 2914 regat,
932 2850 985 2897 et
1012 2844 1088 2899 sic
1119 2844 1325 2900 tramite
1350 2844 1532 2915 ducat,

127 2933 336 2990 Actibus
365 2935 481 3003 ipsa
505 2936 604 3004 piis
633 2943 690 2989 ut
717 2936 815 2989 sibi
841 2935 1021 3003 juncta
1054 2935 1238 2991 mices.

633 3021 854 3077 CAPUT
893 3022 1023 3076 VIII.

541 3092 621 3145 Ad
646 3092 845 3146 eosdem
867 3095 922 3146 in
946 3092 1115 3148 laude.

57 3179 349 3256 [Hoc__item
387 3194 602 3256 carmen
640 3180 991 3256 Brunichildis
1033 3197 1096 3237 ac
1133 3183 1294 3238 tctius
1333 3184 1492 3256 regite
1537 3183 1611 3240 fa-

127 3251 283 3306 milia
314 3250 367 3305 in
396 3251 601 3305 laudem
640 3252 922 3323 scribitur;
968 3252 1021 3306 in
1047 3268 1233 3322 eoque,
1271 3250 1610 3323 postéaquam

128 3335 448 3393 amorem__ac
475 3335 735 3390 propensa
775 3320 828 3376 in
869 3336 1019 3393 reges
1056 3320 1180 3378 suos
1209 3320 1400 3393 populi
1438 3320 1612 3380 studia

130 3389 303 3459 retulit
347 3389 704 3459 Fortunatus,
751 3405 846 3459 pro
895 3391 1080 3447 iisdem
1129 3389 1246 3447 vota
1295 3389 1452 3454 facit,

128 3457 317 3511 diutius
342 3457 632 3512 incolumes
656 3457 784 3522 sint,
805 3473 867 3512 ac
887 3459 1112 3515 ﬂoreant
1135 3463 1292 3516 rebus
1316 3457 1610 3531 omnibus.)

57 3545 116 3602 Si
145 3554 476 3615 prastaretur
504 3546 765 3616 praeconia
794 3548 1025 3616 pandere
1051 3564 1262 3623 regum,

127 3637 239 3693 Non
267 3638 391 3692 mihi
418 3635 683 3694 sufﬁceret
709 3647 864 3694 nocte
891 3637 1080 3709 dieque
1109 3641 1270 3711 loqui.

59 3727 284 3793 Qualiter
311 3726 397 3804 hic
425 3727 651 3798 populus
681 3726 1014 3783 dominorum
1044 3730 1237 3797 pendet
1263 3745 1468 3800 amore,

131 3816 192 3871 Et
219 3817 404 3873 vestris
431 3817 599 3874 oculis
625 3816 826 3874 lumina
853 3819 956 3874 ﬁxa
985 3827 1186 3896 tenent,

126 3960 152 4021 ξι
191 3951 325 4021 Edit.
355 3951 543 4021 Paris.,
574 3951 689 4006 hinc
717 3962 834 4021 agat
860 3954 954 4005 ire.

122 4019 152 4060 δ
189 4020 392 4092 _E_adem_
409 4020 554 4092 Edit.
581 4021 680 4086 Qui
731 4019 911 4073 uirtute
946 4023 1220 4075 domum...
1252 4038 1358 4077 esse
1396 4025 1609 4092 fructui.

127 4099 150 4126 ο
190 4087 330 4142 Unus
357 4089 488 4142 Cod.
517 4089 652 4155 Vat.,
683 4100 876 4144 revocat
905 4092 970 4144 ad
995 4092 1146 4144 ubera
1168 4101 1358 4146 natum.

122 4157 149 4194 ά
192 4158 287 4212 llic
314 4157 696 4229 Brunichildem
734 4169 935 4229 spectat
967 4159 1109 4219 Fort.
1141 4161 1357 4216 Matrem
1391 4160 1605 4219 Cliilde-

56 4229 208 4293 berti,
249 4237 299 4282 et
340 4228 559 4298 proinde
586 4228 813 4286 ﬁliorum
839 4229 953 4299 ejus
994 4231 1182 4285 aviam.
1225 4231 1280 4290 In
1323 4247 1438 4304 seq.
1476 4248 1605 4304 poe-

57 4307 192 4354 mate
223 4315 239 4351 ε

267 4392 321 4453 ut
338 4398 403 4436 ex
424 4348 590 4448 genito
614 4389 888 4453 geniusque
905 4389 1179 4453 _nepotibus
1201 4390 1374 4452 amplis
1403 4428 1418 4453 ,

229 4447 393 4497 Altera
418 4447 682 4512 progenies
705 4447 874 4511 inclyta
889 4447 1032 4500 detur
1057 4463 1176 4500 arte.

121 4541 150 4569 ⁸
188 4531 502 4589 Childeberti
556 4533 647 4588 ﬁlii
693 4534 1090 4589 Theodobertus
1140 4542 1192 4590 et
1236 4534 1596 4595 Theodoricus

57 4600 292 4674 luerunt,
319 4611 376 4655 ut
410 4603 588 4670 legere
623 4611 706 4657 eat
732 4604 879 4674 apud
907 4604 1065 4672 Greg.
1095 4604 1246 4667 ‘l‘ur.,
1288 4605 1324 4659 l.
1355 4620 1403 4658 tx
1437 4607 1594 4674 llist.,

56 4685 100 4742 c.
125 4670 511 4742 20._Germana
540 4686 666 4727 vero
692 4670 928 4742 ejusdem
968 4670 1136 4739 soror,
1169 4675 1273 4728 ﬁlia
1312 4677 1435 4728 item
1467 4670 1598 4732 Bru;

58 4739 328 4810 nichildis,
381 4739 771 4807 Clodosuinda;
828 4757 959 4797 uxor
1008 4753 1183 4798 autem
1232 4743 1596 4810 Childeberti,

57 4809 318 4879 Faileuba,
355 4810 422 4865 de
461 4812 648 4879 quibus
687 4812 772 4867 hic
801 4812 997 4867 mentio
1026 4813 1082 4864 tit
1117 4827 1148 4866 a
1189 4813 1496 4870 Fortunato.
1530 4809 1599 4871 At

59 4878 326 4952 Droyerus
357 4878 508 4952 ineo
537 4881 763 4952 maxime
806 4881 1165 4952 hallucinatur,
1201 4887 1339 4950 quod
1382 4885 1598 4952 hujusce

58 4947 368 5020 Childeberti
414 4965 630 5005 uxorem
673 4951 1128 5020 Ultrogotthonem
1169 4947 1289 5006 esse
1331 4947 1502 5010 tradat
1545 4955 1597 5011 in

62 5020 186 5072 notis
215 5019 282 5072 ad
311 5019 409 5072 hoc
439 5034 647 5087 poema,
679 5037 796 5076 cum
825 5019 914 5087 re,
948 5030 1056 5075 tum
1089 5023 1409 5088 temporibus
1437 5026 1597 5078 aber-

61 5088 552 5172 rans.nU_l.t.rogottho
577 5091 884 5172 quippesz
905 5107 1003 5172 qua
1020 5091 1256 5172 diximus
1285 5093 1336 5145 in
1367 5094 1506 5172 notis
1532 5095 1598 5172 ad

61 5153 233 5241 ἓξὲξ
260 5153 459 5241 βαίη,
486 5153 619 5214 ιιιοί
649 5153 1275 5241 ΐὶιίξβᾷριξιᾲὲῢβγιῂὴυῇυι
1299 5163 1529 5241 nominis
1557 5167 1595 5230 l,
1618 5210 1648 5241 ρ

65 5219 145 5274 ﬁlii
171 5223 406 5294 Clotarii,
439 5219 540 5296 non
562 5243 686 5283 vero
713 5229 1054 5294 Childeberti,
1083 5231 1148 5284 de
1176 5219 1279 5296 quo
1308 5247 1444 5286 nunc
1471 5219 1599 5288 For;

62 5298 293 5369 tunatus,
323 5299 412 5364 qui
443 5294 579 5354 ﬁlius
609 5299 704 5353 fuit
731 5301 974 5369 Sigiberti
1004 5308 1056 5353 et
1097 5294 1469 5356 Bru‘nichildis.
1506 5304 1595 5358 Ui-

62 5362 524 5442 trogo_tt_boitetate
565 5362 1170 5442 Childebérti,_de_quo
1220 5386 1355 5425 nunc
1399 5388 1595 5442 sermo,

65 5433 262 5510 nonnisi
288 5447 450 5510 senex
480 5448 828 5510 essepoterat
847 5481 862 5501 ,
895 5433 940 5493 si
967 5433 1142 5494 adhuc
1169 5453 1283 5494 erat
1310 5433 1596 5510 superstes:

119 5500 146 5537 ’τ
170 5495 559 5574 _Clodgauinda,
589 5495 694 5563 ﬁlia
723 5495 1101 5574 Brunichildis,
1129 5525 1189 5564 ac
1214 5495 1601 5568 soror'CltildeQ

64 5569 207 5652 berti,
250 5585 279 5624 a
313 5569 640 5652 Dec-cared‘o,
681 5592 803 5652 rege
852 5569 1237 5648 Hispaniarum,
1284 5582 1349 5635 ad
1391 5584 1601 5652 nuptias

68 5641 212 5708 petita
231 5682 257 5721 ,_
275 5647 328 5696 et
353 5641 522 5698 eidem
539 5641 818 5721 Adespotisa
846 5641 961 5715 est,
993 5652 1065 5704 uti
1098 5641 1276 5704 narrat
1302 5641 1598 5721 Greg.?l‘u-

68 5725 202 5783 rom,
241 5708 278 5768 Ι.
326 5725 402 5781 ts,
444 5727 493 5769 c.
537 5713 624 5784 25,
656 5708 782 5775 cum
827 5708 1009 5776 eadem
1055 5721 1135 5776 vel
1181 5708 1600 5782 Autbariua'ntea

1707 1871 1794 1928 Sic
1822 1881 1878 1926 ut
1904 1887 1967 1928 ex
1997 1873 2193 1943 genito,
2222 1873 2515 1942 genitisque
2541 1877 2814 1944 nepotibus
2843 1879 3052 1950 amplis,

1769 1966 1952 2037 ‘Altera
1980 1965 2253 2032 progenies
2281 1964 2473 2034 inclyta
2501 1965 2655 2020 detur
2681 1981 2813 2022 arae.

1709 2052 1778 2106 De
1805 2052 2127 2107 Childeberti
2153 2051 2448 2119 dulcedine,
2479 2052 2629 2119 ﬁore,
2663 2054 2854 2122 salute,

1775 2143 2024 2199 Fructum
2053 2143 2245 2198 habeas
2271 2143 2520 2213 genitrix,
2549 2143 2694 2212 plebs
2718 2159 2811 2201 sua
2837 2154 2957 2202 vota
2983 2149 3188 2208 videns.

1709 2235 1781 2291 De
1809 2244 1955 2306 nata,
1988 2243 2146 2305 atque
2173 2251 2306 2290 nuru
2333 2235 2565 2292 cumulet
2593 2237 2688 2292 tibi
2715 2238 2854 2294 dona
2882 2241 3119 2311 Creator,

1774 2326 2009 2398 Cumque
2035 2329 2120 2396 pio
2152 2327 2338 2401 merito
2363 2338 2472 2384 stes
2497 2328 2750 2397 placitura
2781 2330 2907 2387 Deo.

1707 2417 1803 2473 Hic
1831 2433 2039 2487 quoque
2065 2432 2370 2488 promerear
2393 2415 2422 2455 ιι
2444 2419 2654 2476 rediens
2679 2420 2805 2477 dare
2833 2423 2990 2478 verba
3019 2425 3225 2494 salutis,

1777 2508 2120 2578 Congaudens
2149 2508 2373 2563 dominis
2402 2510 2647 2578 parvulus
2674 2510 2788 2578 ipse
2813 2515 2937 2582 piis.

1707 2595 1959 2664 Prospera
1985 2597 2094 2650 sint
2118 2610 2322 2665 regum,
2353 2597 2660 2665 populorum
2684 2599 2873 2668 gaudia
2898 2614 3167 2673 crescant,

1775 2684 2012 2740 Exsultet
2041 2685 2204 2754 regio,
2236 2694 2340 2741 stet
2365 2685 2535 2742 honor
2561 2687 2662 2744 iste
2689 2688 2799 2745 diu.

2304 2797 2526 2854 CAPUT
2565 2799 2653 2854 IX.

2047 2887 2064 2926 ι
2093 2885 2225 2943 Item
2250 2889 2318 2943 ad
2348 2889 2717 2946 Childebertum
2742 2907 2925 2963 regem.

1711 2974 2053 3052 [Childeherti
2095 2978 2398 3052 dignitatem
2437 2988 2492 3036 et
2529 2982 2773 3052 virtutem
2813 2984 3257 3052 pluribus,verbis
3354 3016 3359 3024 -

1784 3048 2016 3112 extollit,
2046 3057 2226 3118 atque
2275 3049 2446 3106 eidem
2500 3051 2566 3106 ad
2625 3048 2918 3110 extremum
2972 3048 3264 3118 Audulfum-

1638 3108 1682 3170 C
1783 3108 2132 3172 commendat.

1711 3204 1844 3271 Rex,
1873 3191 2102 3277 regionis
2127 3223 2280 3278 apex,
2310 3217 2364 3265 et
2386 3225 2542 3280 supra
2571 3217 3008 3286 regna'regtmen,

1781 3298 1880 3365 Qui
1905 3308 2061 3369 caput
2083 3314 2141 3356 es
2167 3302 2413 3370 capitum,
2446 3303 2530 3357 vir
2557 3304 2778 3372 capitale
2805 3306 3016 3364 bonum.

1506 3408 1613 3461 quo
1716 3390 1731 3436 ι
1760 3386 2202 3445 Ornamentorum
2229 3399 2466 3456 ornatus,
2499 3395 2737 3448 ornatius
2761 3408 2973 3460 ornans,

1778 3479 1880 3544 Qui
1907 3480 2090 3545 decus,
2117 3488 2276 3550 atque
2301 3481 2514 3547 decens,
2547 3493 2739 3538 cuncta
2759 3486 3008 3541 decenter
3032 3468 3166 3559 agis.

1711 3569 1936 3636 Primus,
1959 3579 2014 3626 et
2041 3586 2069 3626 a
2092 3569 2300 3640 primis,
2332 3571 2478 3640 prior
2506 3583 2557 3626 et
2578 3574 2900 3642 primoribus
2929 3575 3079 3645 ipsis,

1781 3663 1877 3730 Qui
1911 3671 2062 3732 potes
2093 3664 2207 3734 ipse
2235 3674 2444 3734 potens,
2472 3680 2624 3732 quem
2648 3664 2796 3736 juvat
2821 3666 3185 3738 Omnipotens.

1713 3752 1900 3808 Dulcia
1924 3753 2217 3820 delectans,
2245 3754 2439 3820 dulcis,
2467 3754 2658 3812 dilecta
2688 3764 2944 3826 potestas,

1781 3844 1912 3912 Spes
1939 3844 2110 3911 bona,
2132 3844 2216 3899 vel
2238 3844 2444 3901 bonitas
2463 3883 2480 3908 ,
2507 3846 2573 3900 de
2602 3846 2836 3902 bonitate
2863 3848 3053 3905 bonus.
3091 3868 3094 3870 ·

1707 3972 2254 4044 ςυίεεειγᾱθεροηεθμ
2287 4015 2301 4040 ,
2353 3973 2814 4044 Longobardorum
2861 3978 2992 4044 regi.
3042 3978 3261 4039 Videtur

1709 4042 1884 4112 itaque
1913 4043 2014 4096 hoc
2044 4041 2146 4113 loci
2174 4041 2490 4098 Fortunatus
2516 4059 2609 4113 pro
2635 4046 2858 4113 speratis
2885 4041 3258 4108 Clodosuinda

1708 4113 1903 4176 nuptiis
1929 4120 2046 4166 vota
2080 4112 2274 4179 facere,
2313 4116 2411 4172 etsi
2453 4112 2709 4170 insertum
2746 4124 2826 4172 est
2869 4126 3042 4172 utrum
3067 4117 3253 4176 eadem

1711 4183 2522 4256 posteantrpserit_Reccaredo;
2571 4186 2638 4240 de
2677 4201 2779 4256 quo
2823 4187 2945 4242 vide
2989 4196 3138 4244 notas
3179 4189 3251 4246 cl.

1707 4250 1946 4320 Ruin.rin
1978 4252 2133 4320 Greg.
2166 4253 2315 4319 Tur.,
2349 4253 2463 4307 loco
2490 4256 2666 4308 citato.

1707 4393 1739 4444 ό
1775 4330 1802 4368 s
1831 4319 1992 4404 ⁸υιιιιε
2015 4319 2146 4377 Cod.
2179 4320 2294 4376 Vat.
2322 4323 2520 4391 quando
2547 4322 2773 4392 domum,
2798 4333 2844 4379 et
2874 4324 3158 4397 Dominus;
3187 4331 3254 4401 f.,

1741 4407 1952 4444 ommos.

1741 4407 1952 4446 ommos.

1628 4447 1681 4508 D
1775 4459 1805 4499 ιι
1847 4462 2062 4516 Videtur
2103 4462 2201 4514 hoc
2239 4473 2419 4529 poema
2449 4459 2699 4529 scriptum
2730 4476 2760 4516 a
2787 4461 3094 4529 Fortunato,
3123 4467 3248 4526 dum

1703 4533 1748 4603 is
1775 4539 1922 4603 esset
1954 4531 2007 4603 in
2046 4531 2250 4592 itinere,
2279 4543 2340 4582 ac
2365 4528 2688 4603 Childeberti
2728 4535 2864 4603 regis
2896 4528 3143 4603 hospitio,
3175 4539 3253 4594 uti

1702 4601 1850 4676 alias,
1900 4599 2082 4676 fuisset
2103 4606 2392 4676 .exceptus,
2435 4599 2627 4676 quippe
2664 4604 2763 4676 qui
2785 4599 3251 4676 :exOptet'iregiam

1700 4671 1916 4724 domum
1945 4667 2216 4745 inn-reditu.
2235 4683 2331 4745 suo
2369 4667 2694 4728 resalutare.—
2709 4672 2887 4738 'Edit.,
2902 4667 3138 4745 'Paris.,'
3149 4677 3252 4739 Hie

1699 4753 1892 4807 merear
1914 4736 2110 4794 rediens
2138 4737 2290 4793 vobis.
2788 4804 2789 4807 η

1774 4806 1792 4845 ι
1836 4805 1945 4877 Hoc
1967 4821 2177 4877 carmen
2206 4810 2564 4877 excerpsimus
2612 4819 2740 4866 ext.
2764 4810 2787 4865 Ι
2814 4819 2976 4867 veter.
3005 4812 3248 4874 Analect.

1698 4879 1852 4935 Joan.
1900 4875 2096 4948 Mabill.
2131 4877 2270 4931 Edit.
2329 4875 2516 4946 Paris,
2550 4895 2636 4938 an.
2668 4878 2828 4947 1675,
2867 4897 2984 4948 pag.
3014 4880 3140 4937 568.
3172 4885 3250 4942 Ui
3278 4933 3283 4943 .

1699 4945 1991 5027 certissimi
2020 4955 2165 4999 notat
2212 4949 2350 5030 ibid.
2382 4945 2754 5032 Mabillonius),
2790 4945 2844 5004 ni
2862 4945 3034 5019 fallor,
3067 4951 3247 5034 desunt

1698 5019 1752 5071 in
1783 5016 1962 5088 Editus,
1996 5032 2027 5067 a
2054 5032 2132 5088 me
2153 5031 2350 5088 incepit
2380 5035 2441 5072 ex
2467 5019 2651 5075 Codtce
2679 5019 3006 5075 Vtrdtmemis
3035 5025 3252 5080 canoth

1698 5088 1860 5160 sancti
1872 5084 2083 5160 ‘Viton‘i,
2107 5087 2169 5139 ab
2189 5084 2338 5160 annis
2359 5094 2464 5158 fere
2490 5091 2784 5160 octingentis
2804 5092 3170 5159 manuscripto,
3196 5095 3251 5149 in

1698 5171 1796 5227 quo
1821 5154 2084 5227 Theodulﬁ
2104 5159 2332 5211 carmina
2359 5154 2696 5214 continentur.
2742 5157 2954 5227 Legitur
2984 5154 3112 5214 vero
3143 5154 3248 5218 illic

1698 5225 1796 5279 sub
1819 5227 1914 5278 IIOC
1937 5226 2117 5278 titulo:
2155 5227 2392 5282 Venantii
2438 5227 2708 5282 Fortunati
2752 5225 2924 5285 verm
2947 5231 3014 5284 ad
3038 5228 3249 5286 Childe-

1700 5295 1888 5367 bet-tum
1914 5310 2101 5367 regem,
2137 5297 2376 5367 Sigibmi
2397 5312 2440 5367 r.
2470 5300 2654 5364 ﬁlium.

1772 5363 1809 5437 i7
1835 5363 1890 5437 _ln
1921 5365 2124 5437 deliciis
2179 5363 2474 5437 aliquando
2498 5368 2697 5437 videtur
2728 5365 2893 5437 fuisse
2933 5367 3246 5434 Fortunato.

1703 5435 1876 5506 verbis
1905 5433 2175 5502 parilibus,
2206 5433 2362 5505 atque
2415 5436 2479 5488 ab
2507 5436 2691 5489 iisdem
2723 5436 2920 5494 litteris
2951 5433 3249 5506 incipignu;

1705 5504 1822 5566 bus,
1848 5515 1902 5556 ut
1934 5506 2036 5556 isto
2065 5508 2120 5558 in
2166 5504 2412 5568 carmine,
2469 5506 2760 5560 colludere.
2813 5508 2886 5560 lla
2911 5507 2963 5562 in
3009 5504 3101 5564 lib.
3135 5509 3252 5570 HIC

1710 5573 1820 5626 Vita
1851 5575 2251 5628 sancu'lilartini
2271 5613 2284 5637 ,
2315 5589 2494 5630 versus
2528 5573 2708 5639 ﬁnem,
2739 5576 2814 5631 sic
2841 5577 3032 5634 habet:

1825 5667 2005 5730 Inclyta
2030 5670 2202 5729 religio
2222 5666 2422 5730 Martini,
2449 5670 2582 5730 cujus
2601 5669 2785 5730 honore

1826 5727 2031 5782 Fordera
2057 5727 2144 5781 lida
2171 5729 2286 5779 ﬁdes
2309 5727 2528 5781 formoset
2549 5728 2676 5786 feda.
2700 5729 2864 5781 ﬁdelis.
