3948 6218
692 373 794 433 839

758 487 884 558 tini,
916 485 1150 543 Paschali
1178 491 1277 555 die,
1322 503 1627 558 provocatus
1659 492 1871 547 musicis
1912 492 2230 546 instrumen-

759 556 848 628 tis,
879 567 929 609 et
949 559 1202 628 cantibus,
1227 556 1448 628 sequens
1463 573 1644 628 poema
1675 561 1842 614 fundit
1870 575 1931 614 es
1969 572 2224 626 tempore.

760 625 813 696 in
843 641 945 696 quo
973 627 1118 696 etde
1153 625 1388 682 laudibus
1407 625 1573 682 sancti
1605 630 1836 693 Martini,
1861 641 1914 682 et
1939 630 2006 684 de
2029 625 2229 696 Grego-

740 695 869 766 -rio,
894 694 1207 766 ejusdemiin
1235 697 1523 752 Turonensi
1547 698 1672 753 sede
1692 712 2028 766 successore,
2081 694 2228 764 plura

760 763 1105 834 cbncelebrat.
1123 765 1396 820 Postremo
1417 782 1507 830 eos
1529 768 1615 834 qui
1631 767 1693 819 ad
1713 763 2022 821 convivium
2045 763 2230 820 cunve-

761 841 946 885 nerant
968 831 1242 906 hortatur_,
1273 844 1329 889 ut
1369 834 1504 889 diem
1526 831 1670 889 illum
1689 836 1804 906 laete
1825 845 1982 906 atque
2000 835 2227 905 jucunde

757 909 947 969 agant,
973 916 1034 956 ac
1062 911 1183 957 vota
1208 903 1402 958 faciant
1427 919 1519 973 pro
1540 904 1807 976 regibus.]

688 1031 816 1087 Cum
846 1034 1052 1089 videam
1080 1034 1297 1090 citharas
1318 1045 1534 1091 cantare
1561 1035 1802 1106 loquacia
1826 1035 1960 1106 ligna
1981 1076 1997 1105 ,

757 1122 1006 1178 Dulcibus
1030 1132 1084 1179 et
1109 1125 1319 1181 chordis
1341 1126 1684 1181 admodulare
1714 1127 1918 1197 lyram;

691 1209 806 1276 Quo
823 1211 1026 1277 placido
1046 1221 1200 1268 cantu
1232 1211 1485 1271 resonare
1509 1216 1752 1271 videntur
1780 1224 1832 1270 et
1861 1229 1988 1282 aera,

755 1299 976 1355 Mulceat
1002 1311 1157 1371 atque
1181 1319 1332 1358 aures
1363 1304 1534 1358 ﬁstula
1581 1305 1771 1359 blanda
1799 1306 1962 1373 tropis
1989 1320 2024 1356 ε·

687 1388 939 1455 Quamvis
968 1391 1051 1446 hic
1080 1393 1319 1461 stupidus
1351 1393 1546 1446 habear
1569 1394 1817 1457 conviva,
1843 1399 2086 1462 receptus
2104 1431 2121 1457 ,

759 1479 824 1532 Et
850 1494 964 1533 mea
993 1482 1103 1533 vult
1122 1481 1315 1550 aliquid
1340 1482 1509 1535 ﬁstula
1541 1492 1682 1536 muta
1706 1483 1872 1551 loqui.

687 1562 827 1622 Ecce
847 1568 961 1623 dies
988 1568 1038 1623 in
1069 1585 1173 1638 quo
1202 1570 1439 1626 Christus
1464 1571 1695 1626 surrexit
1718 1571 1782 1625 ab
1811 1572 1915 1626 imo
1936 1611 1952 1636 ,

759 1657 980 1715 Inferna:
1006 1663 1131 1730 legis
1161 1678 1403 1731 rumpere
1450 1663 1625 1717 vincla
1658 1674 1843 1730 potens
1865 1703 1881 1728 ,

688 1750 907 1816 Quando
937 1762 988 1808 et
1015 1752 1305 1808 vinctorum
1327 1755 1670 1824 lacrymantia
1706 1755 1866 1807 millia
1924 1753 2117 1814 solvit.

761 1840 827 1894 Et
851 1851 1125 1894 revomunt
1151 1843 1342 1896 multos
1395 1843 1614 1896 Tartara
1645 1842 1806 1894 fracta
1835 1842 1995 1897 viros.

690 1925 913 1982 Additur
938 1927 1024 1981 hic
1053 1929 1189 1981 aliud
1209 1969 1223 1992 ,
1254 1929 1389 1998 quod
1421 1929 1624 1983 Martini
1647 1929 1764 1982 aula
1792 1929 1932 1984 beati

761 2015 964 2079 Emicat
993 2018 1104 2071 haec
1125 2057 1138 2082 ,
1165 2019 1247 2071 ubi
1277 2033 1412 2073 nunc
1433 2019 1647 2086 prandia
1673 2018 1804 2073 festa
1829 2019 2019 2073 ﬂuunt.

694 2105 794 2172 Qui
822 2108 978 2162 valuit
1006 2109 1164 2178 gestis
1181 2123 1332 2164 aures
1353 2108 1561 2179 pulsare
1591 2111 1840 2165 Tonantis
1860 2151 1876 2178 ,

763 2200 973 2254 Obtinet
992 2209 1045 2255 et
1069 2202 1267 2256 meritis
1293 2203 1429 2270 quod
1457 2205 1586 2269 petit
1614 2204 1717 2258 alta
1747 2204 1897 2260 ﬁdes.
1941 2222 1950 2229 ί

691 2286 790 2354 Qui
830 2289 913 2355 pie
940 2288 1169 2342 restituit
1197 2287 1442 2343 defuncta
1475 2290 1728 2345 cadavera
1762 2291 1917 2355 vitae,

764 2377 934 2446 Atque
962 2378 1052 2432 Dei
1084 2389 1322 2445 prompte
1346 2381 1543 2446 praebet
1563 2381 1759 2446 amicus
1779 2394 1955 2448 opem.

695 2463 791 2528 Cui
814 2478 1084 2519 successor
1123 2479 1285 2520 ovans
1309 2467 1466 2520 modo
1510 2468 1610 2522 rite
1634 2467 1920 2537 Gregorius
1949 2477 2196 2534 exstans,

764 2552 862 2608 Ille
881 2555 1017 2623 quod
1044 2556 1264 2625 acquirit
1287 2599 1300 2619 ,
1327 2556 1412 2611 hic
1437 2557 1571 2626 regit
1598 2573 1690 2613 ore
1711 2599 1725 2622 ,
1760 2559 1884 2614 ﬁtle.

695 2641 790 2707 Qui
812 2654 956 2712 rogat
979 2643 1061 2699 hic
1091 2660 1338 2713 praesens,
1371 2646 1495 2701 alibi
1523 2647 1645 2702 licet
1677 2649 1865 2704 insidet
1895 2651 2106 2718 absens,

771 2730 994 2786 Exhibet
1014 2742 1172 2802 atque
1193 2735 1339 2789 cibos
1367 2745 1542 2803 pastor
1571 2738 1621 2790 in
1650 2738 1778 2790 orbe
1802 2738 1995 2807 bonus.

699 2827 725 2855 ι
749 2819 896 2874 Nunc
925 2823 1079 2891 igitur
1105 2825 1366 2879 celebrate
1389 2826 1528 2880 diem
1555 2827 1860 2881 solemuiter
1882 2843 2088 2895 omnes,

716 2906 719 2909 ’
765 2910 906 2975 Quos
936 2912 1073 2966 Deus
1102 2915 1435 2983 omnipotens
1466 2917 1570 2971 ltuc
1600 2918 1743 2971 dedit
1770 2932 1887 2973 esse
1917 2933 2087 2986 pares.

698 2998 840 3063 Quos
862 2999 963 3052 sibi
983 2999 1232 3054 Martinus
1254 3004 1461 3069 collegit
1493 3003 1518 3040 δ
1548 2998 1727 3058 amore
1748 3004 2019 3069 benignus,

769 3091 831 3144 Et
856 3091 978 3145 facit
1006 3105 1130 3146 ecce
1159 3107 1309 3147 escas
1339 3093 1422 3148 hic
1444 3095 1658 3161 epulare
1679 3109 1820 3149 suas.

695 3180 835 3250 Ergo
859 3181 955 3235 sub
982 3183 1226 3236 incolumi
1268 3181 1605 3239 Childeberto
1633 3200 1695 3239 ac
1715 3184 2081 3252 .Brunicbilde,

769 3272 912 3339 Quos
941 3273 1121 3326 tribuit
1139 3274 1310 3326 celsus
1331 3287 1487 3339 regna
1518 3275 1690 3328 fovere
1719 3276 1873 3340 Deus,

705 3362 828 3428 Vos,
861 3378 991 3432 quos
1017 3364 1272 3418 miserunt
1297 3365 1545 3433 populum
1580 3376 1602 3403 ο
1634 3365 1907 3420 moderare
1939 3365 2161 3430 fidelem,

769 3453 844 3508 Et.
864 3455 1094 3509 relevare
1127 3455 1334 3523 inopes,
1365 3455 1408 3509 si
1432 3455 1547 3524 quis
1568 3464 1620 3509 et
1649 3465 1816 3510 exstat
1842 3469 2021 3522 egens,

700 3548 773 3599 Ac
793 3545 927 3600 bona
955 3543 981 3583 δ
1010 3547 1075 3601 de
1111 3547 1338 3602 dominis
1370 3550 1634 3602 noscendo
1673 3558 1726 3602 et
1753 3549 1952 3614 agendo
1983 3547 2227 3618 benigna,

767 3633 881 3688 Sint
907 3650 1110 3703 quoque
1140 3635 1330 3688 laetitia
1358 3634 1542 3702 pabula
1577 3643 1749 3689 vestra
1781 3634 1902 3689 lide.

700 3719 843 3788 Quos
864 3709 1098 3776 invitavit
1127 3724 1329 3777 Martini
1355 3739 1534 3777 mensa
1562 3725 1726 3791 beati,

773 3812 974 3868 Sumite
999 3813 1306 3882 gaudentes,
1337 3813 1473 3882 quod
1495 3814 1582 3868 dat
1608 3829 1789 3870 amore
1816 3815 1951 3869 dies.

696 3999 1052 4065 Childeberto,
1095 4001 1506 4064 Florentianum‘,
1551 4001 1794 4069 Maiorem
1824 4000 1981 4070 regim
2019 3999 2230 4065 domus,

698 4079 752 4124 et
803 4071 1133 4134 Romulium,
1182 4072 1358 4138 palatii
1399 4072 1665 4135 comitem,
1718 4072 1984 4122 l‘iclavum
2038 4070 2233 4125 missos

698 4139 880 4202 fuisse,
907 4142 992 4207 qui
1027 4140 1272 4207 populum
1314 4141 1691 4197 describerent,
1746 4152 2046 4207 accensum
2089 4150 2235 4192 vete-

698 4223 808 4262 rem
840 4206 1183 4271 innovarent;
1222 4217 1326 4259 tuin
1370 4207 1489 4259 inde
1520 4208 1757 4259 Turones
1799 4206 2090 4267 adveuiSse,
2137 4207 2229 4260 sed

701 4276 828 4328 nihil
860 4279 1158 4329 innovatum
1190 4277 1240 4328 in
1265 4276 1553 4330 Turonensi
1589 4276 1759 4342 plebe,
1791 4276 1859 4329 ob
1888 4274 2140 4328 honorem
2171 4290 2232 4330 ac

630 4343 634 4350 ’
699 4349 1046 4398 reverentiam
1093 4347 1142 4397 in
1191 4355 1424 4398 sanctum
1481 4345 1787 4407 Martinum,
1842 4346 1956 4412 ipso
2005 4345 2232 4399 maxime

702 4422 885 4477 agente
923 4414 1170 4481 Gregorio
1196 4415 1500 4470 Turonensi.
1551 4416 1671 4468 llaec
1699 4415 1828 4468 Acta
1868 4415 1930 4466 ad
1968 4427 2052 4466 an.
2101 4416 2224 4479 589,

703 4464 804 4550 qua
832 4464 1325 4550 ἰὲιηῇὸὶῖἶὶαὲῐιὲιῖ
1337 4464 1519 4540 "1163a
1550 4464 1832 4538 Fotidi—iiii
1871 4464 2068 4537 aiam
2105 4464 2233 4537 ἒζιὶὲ
2257 4464 2305 4525 D

701 4565 816 4604 men
846 4551 1022 4605 fuisse.

769 4629 792 4690 ξι
817 4620 891 4690 Ed
919 4630 954 4674 t.
989 4621 1150 4674 Paris.
1186 4621 1332 4675 Hunc
1362 4624 1531 4690 igitur.

767 4687 793 4726 δ
816 4687 960 4760 Unus
989 4690 1116 4744 Cod.
1143 4690 1281 4753 Vat.,
1307 4687 1472 4743 ani—ore
1499 4692 1728 4760 benigno.

771 4770 791 4826 ς
822 4759 941 4822 Ms.,
970 4761 1220 4812 moderate
1247 4770 1300 4814 et
1327 4776 1462 4814 vers.
1493 4759 1626 4826 seq.,
1660 4759 1887 4812 relevate.

698 4823 928 4960 qu:
963 4829 1126 4884 Codd.
1161 4828 1300 4893 V:it.,
1344 4831 1404 4882 de
1443 4823 1639 4883 domitis
1665 4829 1912 4882 nascendo
1941 4835 1985 4882 et
2013 4829 2244 4897 agendo,

885 4911 966 4960 eq.

885 4911 966 4962 eq.

770 4973 792 5034 ξ
819 4963 960 5017 Unus
983 4963 1110 5017 Cod.
1139 4963 1277 5030 νει..
1304 4967 1489 5034 gaudia
1511 4975 1671 5022 vestra
1698 4979 1868 5022 canat.

729 5030 787 5150 εί
812 5035 992 5151 Aliter,
1045 5048 1159 5100 rege
1203 5030 1322 5087 suos
1375 5038 1606 5104 populos.
1663 5037 1802 5092 Edit.
1827 5037 2020 5104 _Paris.
2049 5075 2065 5104 ,
2122 5053 2236 5091 cum

698 5114 724 5149 r
757 5116 813 5151 ae
836 5117 860 5151 e
887 5140 900 5151 .

755 5116 813 5164 ge
836 5116 900 5153 et.

769 5176 794 5236 β
829 5167 970 5236 Unus
990 5172 1116 5224 Cod.
1146 5171 1284 5236 ναι..
1311 5188 1371 5226 ne
1394 5175 1553 5229 desint
1576 5176 1726 5229 aulis.

765 5233 792 5272 ιι
823 5235 977 5291 Forte
1001 5242 1105 5305 ﬂet.

771 5305 788 5343 ί
822 5305 972 5368 lbid.,
1005 5308 1252 5362 illuminat
1280 5312 1439 5364 orbes.

769 5375 782 5452 ξ
897 5377 996 5452 ΜΨ
1017 5377 1165 5452 Cod.,
1181 5381 1575 5452 ⁸νιεάιίεᾼυὲιηεηιιο
1592 5384 1732 5452 diem
1754 5400 1770 5445 ;
1794 5395 2055 5452 corrupte.

767 5441 793 5478 ιι
819 5445 912 5497 llic
953 5445 1296 5514 Romulplius,
1325 5450 1474 5503 sicuti
1506 5461 1557 5504 et
1589 5441 1964 5513 Florentinus,'
1989 5467 2080 5504 seu
2115 5451 2232 5504 Flo-

697 5514 967 5588 rentianus
1017 5516 1118 5588 (ad
1149 5521 1529 5588 quenthscribit
1557 5535 1766 5573 carmen
1814 5523 1875 5573 16
1910 5520 2124 5588 hujusce
2170 5523 2232 5572 Ii-

694 5578 775 5633 bri
805 5582 842 5647 ),
877 5598 978 5656 non
1004 5578 1246 5638 videntur
1267 5584 1366 5656 Aalii
1407 5602 1521 5640 esse
1552 5605 1702 5656 quam
1736 5606 1864 5654 quos
1897 5578 2050 5650 supra
2097 5590 2234 5641 dixi-

697 5662 834 5713 mus,
870 5653 937 5722 _ad
960 5666 1168 5706 carmen
1227 5653 1312 5719 η,
1367 5653 1581 5710 νθηὶεεά
1610 5653 1872 5711 Pictavum
1897 5667 1948 5711 et
1969 5660 2226 5722 'l‘urones,

700 5731 805 5786 quo
831 5718 1036 5789 plebem
1064 5718 1356 5794 censerent,
1401 5740 1460 5780 ac
1491 5737 1664 5781 vetera
1707 5727 1896 5785 tributa
1941 5718 2226 5797 exigerent.

1382 381 1687 438 VENANTII
1729 383 1880 438 HON.
1924 381 2126 437 CLEM.
2167 379 2555 436 FORTUNATI
2591 381 2872 439 OPERUM
2912 381 3088 442 PARS
3129 385 3174 440 Ι.

3782 386 3880 443 340

2260 492 2310 550 Α
2335 490 2466 557 Qua:
2493 491 2664 547 bonus
2689 495 2908 550 antistes
2935 497 3200 552 nascendo
3227 497 3513 568 Gregorius
3535 514 3754 568 espers,

2399 577 2642 645 Plaudat,
2663 590 2719 636 et
2743 583 2854 638 haec
2885 579 3088 654 populis
3114 593 3136 620 ε
3159 585 3322 656 gloria
3350 597 3528 642 vestra
3547 599 3728 643 canat.

2327 664 2489 735 Cujus
2511 679 2566 723 et
2589 669 2698 724 haec
2718 671 2905 728 domus
2935 682 3039 740 est,
3075 688 3103 727 a
3131 675 3345 731 Christo
3371 685 3562 732 exoret
3582 689 3810 745 amator,

2400 755 2422 793 ί
2457 757 2646 827 Reges,
2681 774 2741 817 ac
2768 762 2987 832 populos
3016 772 3070 818 ut
3103 773 3242 834 tegat
3265 780 3388 822 arce
3418 766 3579 822 Deus.

2912 875 3130 932 CAPUT
3159 877 3294 934 XIII.

2327 934 2432 991 Pro
2456 940 2642 1007 puella,
2664 945 2962 1006 ajudicibsts
2981 955 3149 1018 capta,
3163 949 3230 1001 ad
3250 947 3546 1020 Gregorium
3563 950 3872 1021 cpissent.

2274 1097 2276 1099 b
2328 1023 2351 1096 [
2378 1026 2619 1109 Gregorii
2667 1021 2912 1109 implorat
2940 1050 3116 1105 opem,
3150 1052 3253 1109 quo
3283 1038 3513 1106 puellam
3538 1054 3568 1092 a
3598 1048 3751 1109 patre
3776 1041 3865 1096 ab-

2395 1097 2604 1239 gggatii
2644 1109 2698 1155 et
2741 1097 2998 1173 captivam
3051 1097 3183 1174 patri
3239 1097 3337 1163 suo
3389 1119 3538 1164 curet
3585 1097 3862 1167 restituen-

2329 1259 2582 1330 Exemplo
2613 1262 2822 1318 Domini
2850 1266 2978 1321 mibi
3000 1282 3085 1323 vei
3115 1268 3432 1325 venerabilis
3457 1270 3596 1336 orbi,

2401 1353 2497 1420 Qui
2524 1357 2765 1413 minimas
2791 1373 2897 1414 non
2921 1361 3001 1415 vis
3029 1361 3271 1429 perdere,
3307 1370 3504 1430 pastor,
3538 1377 3665 1418 oves
3697 1385 3701 1388 ·

2331 1443 2590 1500 Sollicitis
2619 1447 2807 1502 animis
2835 1463 3013 1504 curam
3032 1465 3133 1520 per
3164 1466 3354 1518 pascua
3387 1452 3609 1507 tendens

2402 1542 2428 1581 ε
2454 1534 2530 1589 Ne
2553 1535 2724 1592 desint
2750 1538 2934 1603 caulis,
2958 1541 3152 1595 circuis
3176 1556 3267 1609 ore
3287 1555 3493 1609 greges.
3771 1591 3775 1594 _

2329 1622 2426 1681 Hic
2462 1625 2619 1694 igitur
2645 1629 2876 1697 gerulus.
2919 1631 3148 1699 genitam
3171 1629 3200 1666 ιι
3231 1631 3362 1685 ﬁens
3393 1630 3554 1700 impie
3589 1629 3867 1702 demptam,

2399 1719 2668 1789 Captivam
2698 1725 2931 1779 sobolem
2960 1734 3201 1792 tempore
3230 1727 3374 1795 pacis
3404 1727 3628 1784 habens.

2264 1813 2313 1872 B
2337 1809 2651 1878 Martinique
2676 1813 2748 1881 pii
2771 1828 3048 1869 successor
3070 1815 3289 1883 honore,
3318 1815 3560 1886 Gregori,

2407 1897 2504 1963 Qui
2536 1907 2684 1962 pater
2710 1913 2768 1952 es
2795 1902 2993 1968 populi,
3028 1903 3165 1957 hanc
3189 1919 3338 1972 rogo,
3365 1905 3533 1959 redde
3563 1906 3719 1973 patri.

2335 1988 2534 2058 Jugiter
2558 1988 2644 2044 ille
2673 1989 2838 2044 sacris
2861 1992 3061 2046 meritis
3096 1991 3113 2028 ί
3141 1993 3402 2047 illuminat
3423 1995 3620 2060 orbos;

2404 2079 2649 2135 Orbalam
2673 2079 2806 2134 hanc
2831 2081 2968 2149 patri
2998 2080 3012 2130 l
3051 2081 3211 2137 redde
3230 2081 3457 2138 videndo
3477 2082 3636 2139 diem.

2826 2249 2828 2254 ,
2904 2188 3125 2246 CAPUT
3161 2189 3303 2246 XIV.

2334 2275 2461 2330 Item
2489 2294 2577 2343 pro
2607 2278 2779 2331 eadem
2813 2293 2868 2331 re
2904 2280 2973 2329 ad
2993 2277 3020 2314 ι
3050 2278 3414 2346 Romulphum,
3457 2279 3533 2331 vel
3563 2277 3870 2341 Rainulfnm.

2335 2366 2536 2440 [Suam
2584 2367 2634 2420 in
2675 2365 3024 2433 Romulphum
3076 2365 3515 2440 benevolentiam-
3558 2364 3871 2420 Fortunatus

2405 2443 2643 2498 testatur,
2689 2451 2843 2504 quam
2890 2449 3009 2490 cum
3050 2449 3279 2503 praesens
3302 2436 3518 2503 explere
3546 2450 3648 2488 non
3681 2448 3870 2500 posset,

2404 2504 2607 2558 ’litteris
2635 2519 2692 2559 se
2718 2514 2892 2559 narrat
2919 2517 3288 2574 compensare,
3320 2513 3429 2559 tum
3468 2505 3640 2574 eidem
3666 2519 3870 2560 causata

2402 2575 2566 2641 patris
2591 2587 2684 2641 pro
2713 2574 2934 2629 abducta
2962 2571 3066 2628 filia
3096 2575 3450 2629 commendat.
3475 2571 3496 2645 ]

2339 2660 2358 2702 ι
2383 2664 2438 2720 Si
2460 2664 2656 2732 rapidis
2681 2662 2846 2719 oculis
2875 2672 2927 2718 te
2958 2677 3186 2733 semper,
3209 2664 3398 2730 amice,
3429 2663 3689 2729 viderem,

2408 2752 2496 2807 Sic
2521 2767 2728 2822 quoque
2750 2735 2840 2806 vix
2868 2753 3076 2810 avidum
3102 2768 3184 2807 me
3205 2752 3430 2826 satiaret.
3449 2767 3617 2807 amor.

2333 2842 2432 2908 Qui
2460 2845 2503 2896 si
2527 2844 2798 2912 prasentis
2821 2858 2934 2898 non.
2949 2857 3163 2912 possum
3191 2857 3411 2898 cernere
3435 2843 3634 2896 vultum
3657 2883 3672 2907 ,

2403 2931 2476 2984 Te
2505 2931 2632 2983 mihi
2661 2931 2748 2984 vel
2769 2932 3006 2998 scriptis,
3029 2941 3066 2967 ω
3089 2931 3264 2996 chare,
3294 2931 3467 2983 saluto
3498 2932 3689 2984 libens.

2333 3019 2482 3074 Hunc
2505 3019 2660 3073 etiam
2685 3019 2934 3073 famulum
2953 3017 3315 3084 commendo,n
3336 3020 3578 3089 benigne.
3604 3017 3866 3084 verenter,

2254 3138 2305 3203 ο
2406 3110 2534 3163 Etsi
2559 3109 2700 3178 justa
2725 3111 2879 3179 petit,
2904 3109 3042 3164 hunc
3064 3119 3146 3163 tua
3176 3111 3343 3179 lingua
3361 3111 3530 3183 juvet.

2332 3208 2429 3273 Qui
2463 3217 2628 3264 tortus
2660 3209 2891 3278 graviter
2911 3207 3140 3274 genitam
3172 3208 3270 3259 sibi
3301 3207 3441 3274 luget
3464 3198 3734 3274 abactam,

2402 3295 2501 3349 Per
2527 3308 2619 3348 vos
2639 3304 2693 3348 ut
2717 3294 2898 3348 redeat
2924 3294 3049 3358 lilia,
3074 3300 3098 3327 ο
3127 3306 3282 3346 causa
3313 3301 3481 3360 rogat.

2331 3384 2565 3452 Paupere
2594 3392 2650 3436 ut
2677 3381 2880 3448 audito,
2915 3382 3039 3435 dum
3068 3381 3197 3435 estis
3225 3381 3486 3442 medicina
3515 3381 3744 3448 dolenti,

2403 3473 2469 3529 Et
2490 3471 2679 3528 vestris
2705 3471 2844 3527 curis
2866 3473 2934 3528 sit
2965 3473 3048 3539 pia
3070 3485 3194 3525 cura
3216 3469 3373 3524 Deus.

2917 3573 3142 3630 CAPUT
3181 3573 3293 3628 XV.

2613 3665 2640 3718 Ι
2648 3675 2743 3718 tem
2765 3681 2854 3735 pro
2876 3665 3051 3719 eodem
3080 3680 3132 3717 re
3155 3665 3220 3716 ad
3239 3673 3266 3712 ιι
3291 3662 3601 3746 Gallienum.

2333 3754 2574 3828 [Laudat
2605 3754 2924 3820 Gallienum,
2957 3769 3019 3826 ac
3049 3767 3198 3808 suam
3230 3754 3280 3828 in
3304 3769 3424 3828 eum
3457 3753 3860 3828 benevolentiam

2401 3825 2663 3889 declarat;
2723 3834 2830 3878 tum
2872 3822 3085 3898 gravem
3129 3824 3291 3890 patris
3335 3823 3387 3875 iu
3436 3823 3730 3884 amittenda
3777 3822 3862 3875 ﬁlia

2333 3998 2586 4065 Quocirca
2626 3997 2709 4050 vel
2747 3996 2872 4051 illud
2919 3996 3042 4051 licet
3075 3996 3362 4065 conjicere,
3413 3996 3644 4062 puellam
3683 3996 3750 4052 de
3778 4013 3857 4060 qua

2334 4070 2418 4124 hic
2457 4069 2681 4136 loquitur
2721 4066 3041 4121 Fortunatus
3077 4067 3322 4122 eamdem
3355 4066 3579 4119 fortasse
3628 4081 3694 4121 ac
3739 4066 3859 4119 illam

2333 4139 2400 4189 de
2433 4135 2538 4203 qua
2563 4138 2614 4189 in
2642 4137 2913 4199 superiore
2939 4135 3193 4194 carmine.
3231 4151 3260 4187 a
3286 4136 3730 4203 descriptoribus,
3771 4137 3860 4189 sive

2333 4205 2446 4272 ejus
2493 4205 2804 4256 satellitibus
2850 4217 2914 4256 ac
2969 4203 3259 4272 ministris,
3319 4218 3348 4255 a
3397 4215 3548 4272 patre
3605 4206 3857 4258 abJuctam

2333 4271 2516 4333 fuisse,
2559 4286 2676 4326 cum
2717 4274 2762 4326 is
2791 4271 3042 4326 solvendo
3081 4287 3186 4326 non
3226 4281 3383 4325 esset.
3417 4271 3771 4338 Quamobrem
3810 4275 3857 4323 il-

2333 4342 2421 4396 lud
2474 4343 2626 4396 facile
2683 4342 3033 4404 crediderim,
3100 4341 3446 4396 Fortunatum
3502 4356 3534 4394 e
3582 4340 3857 4394 Turonensi

2334 4412 2482 4476 urbe,
2506 4412 2556 4465 in
2579 4428 2678 4480 qua
2704 4421 2756 4465 et
2781 4413 3026 4465 convivio
3056 4411 3385 4473 interfuerat,
3414 4425 3692 4480 reversum
3715 4409 3858 4463 Picta-

2334 4497 2474 4543 vum,
2519 4479 2622 4534 illic
2647 4490 2847 4546 patrem
2878 4482 2998 4534 filias
3027 4481 3318 4548 supplicem
3355 4479 3456 4531 sibi
3488 4480 3754 4540 habuisse,
3799 4489 3857 4530 at-

2332 4566 2435 4618 que
2461 4550 2600 4603 hunc
2630 4552 2869 4604 Turones
2892 4552 3098 4619 legasse
3141 4550 3206 4619 ad
3251 4549 3565 4619 Gregorium
3596 4557 3653 4602 et
3681 4549 3854 4601 descri-

2333 4617 2533 4689 ptores,
2564 4620 2674 4688 qui,
2725 4630 2781 4673 ut
2808 4617 3042 4685 videtur,
3096 4618 3265 4689 adhuc
3305 4617 3440 4686 apud
3488 4617 3733 4689 Tui-ones
3758 4631 3853 4670 sese

2333 4687 2599 4755 tenebant,
2641 4689 2964 4745 Cbildeberti
2994 4688 3146 4758 regis
3175 4688 3519 4758 jussagatque
3555 4687 3757 4758 litteras
3780 4702 3849 4758 ex-

2331 4767 2650 4826 spectantes,
2682 4757 2867 4828 quibus
2898 4760 2941 4812 is
2963 4755 3285 4828 signiﬁcaret
3311 4755 3640 4828 Turanusis
3694 4756 3856 4828 ciritas

2333 4822 2678 4905 nec__ne_esset_
2697 4822 3057 4905 describenda.
3087 4827 3217 4905 Quae
3239 4827 3416 4892 omnia
3441 4833 3629 4894 patent
3653 4839 3721 4882 es
3743 4822 3852 4878 Gre-

2332 4899 2463 4966 gorii
2491 4898 2712 4950 llistoria
2744 4897 2858 4951 loco
2881 4912 3040 4964 supra
3067 4898 3248 4950 citato.

2410 4963 2505 5019 1lu
2529 4981 2632 5018 uno
2661 4965 2800 5034 Cod.
2825 4965 2944 5019 Vat.
2974 4966 3075 5018 hoc
3096 4979 3280 5034 poema
3305 4978 3424 5019 cum
3459 4965 3735 5032 superiore
3747 4961 3850 5034 jun-

2333 5033 2492 5104 gitur,
2525 5035 2671 5088 nullo
2694 5033 2844 5104 titulo
2875 5032 3213 5089 intermedio.

2400 5115 2440 5142 ω
2463 5105 2518 5159 ln
2541 5106 2706 5158 altero
2735 5103 2941 5169 legitur,
2972 5120 3033 5156 ac
3061 5112 3107 5157 te
3129 5103 3294 5157 saluto
3327 5103 3508 5168 libens,
3535 5101 3798 5160 mendae

2403 5183 2430 5210 ιι
2462 5174 2514 5226 1η
2545 5174 2710 5238 primo
2738 5170 2888 5239 Cod.,
2921 5174 3128 5240 beniqne
3167 5171 3458 5226 verendum.

2406 5251 2430 5278 ο
2457 5242 2596 5296 Edit.
2629 5243 2816 5307 Paris.,
2848 5253 3017 5310 capta.

2405 5313 2533 5366 rDe
2585 5311 2821 5364 Gallieno
2878 5308 3196 5379 mentionem
3253 5309 3376 5365 facit
3421 5310 3583 5379 Greg.
3642 5308 3850 5368 Turon..

2335 5379 2427 5433 lib.
2455 5398 2483 5432 v
2508 5381 2640 5434 'tlisl.
2676 5380 2884 5444 Franc.,
2927 5395 3044 5445 cap.
3077 5378 3164 5444 50,
3195 5387 3249 5434 et
3290 5382 3432 5433 illum
3464 5378 3696 5436 amicum
3721 5388 3849 5432 slu-

2335 5450 2580 5514 appellat.
2616 5449 2726 5501 Non
2757 5449 2800 5500 is
2833 5448 3036 5502 videtur
3061 5461 3179 5517 esse
3205 5450 3339 5502 alius
3383 5455 3542 5517 atque
3565 5449 3614 5504 is
3636 5445 3850 5517 “lauet!

2336 5513 2492 5590 modo
2521 5517 2700 5590 scribit
2731 5517 3065 5590 Fortunatus.
3094 5516 3277 5590 Neque
3297 5531 3422 5590 vero
3457 5513 3554 5572 ille
3575 5517 3644 5590 tle
3663 5513 3762 5586 quo
3789 5513 3852 5590 lo:

2337 5589 2512 5653 quitur
2551 5585 2836 5653 Gregorius
2871 5587 3074 5638 videtur
3137 5586 3542 5640 archidiaconus
3569 5585 3750 5648 fuisse.
3788 5585 3850 5653 illi

2337 5651 2615 5726 Brovgerus
2646 5651 2890 5726 a‘tﬁrmat.
2925 5654 3050 5726 Vide
3080 5665 3230 5710 notas
3249 5656 3320 5710 cl.
3347 5656 3573 5711 Ruinart
3599 5657 3651 5710 in
3685 5651 3848 5726 prdie

2338 5734 2444 5779 tum
2465 5721 2676 5794 Gregor.
2702 5722 2894 5778 Turon.
2923 5724 3114 5779 locum.
