3948 6218
532 412 632 473 847

761 521 921 577 Credo
947 519 997 574 in
1029 517 1186 573 Deum
1217 516 1424 571 Patrem
1455 518 1871 587 omnipotentem.

611 613 922 669 Praeclarum
955 613 1006 666 in
1038 608 1327 679 primordio
1358 609 1571 677 ponitur
1598 616 1625 646 ι
1654 605 1897 662 caelestis
1940 598 2090 658 testi-

539 704 710 761 monii
731 704 1151 767 fundamentum,
1175 702 1294 766 quia
1322 701 1498 754 salvus
1526 697 1554 737 δ
1581 713 1697 754 esse
1745 713 1848 753 non
1895 692 2090 765 poterit

539 794 626 865 qui
657 804 797 847 recte
843 794 908 848 de
936 794 1104 847 salute
1129 806 1232 846 non
1264 789 1570 854 crediderit,
1605 788 1859 854 Apostolo
1889 785 2092 853 prtedi-

538 893 691 941 caute
714 901 729 937 :
755 884 967 937 Credere
995 890 1186 950 Oportet
1230 882 1542 933 accedentem
1592 878 1657 931 ad
1703 876 1863 930 Deum
1889 873 2086 946 (Hebr.

538 999 574 1046 ι,
607 981 691 1048 6).
717 981 843 1033 Item
871 998 883 1032 :
909 978 1068 1033 Coele
1090 978 1305 1032 creditur
1332 976 1397 1027 ad
1416 973 1671 1045 justitiam
1698 972 1872 1042 (Ilom.
1899 984 1950 1032 x,
1977 968 2087 1037 lli);

537 1082 590 1129 et
618 1071 842 1137 Credidi,
874 1081 1075 1140 propter
1103 1071 1240 1140 quod
1269 1071 1464 1121 locutus
1495 1083 1602 1120 sum
1624 1063 1794 1136 (Psal.
1817 1062 1952 1133 ειν)
1973 1077 1986 1124 ;
2005 1060 2089 1115 vel

537 1164 660 1219 illud
696 1161 913 1216 :Jttstus
957 1178 1020 1217 ea:
1067 1162 1167 1229 ﬁde
1195 1161 1306 1212 virit
1356 1159 1530 1226 (Rom.
1566 1173 1602 1220 l,
1641 1157 1728 1222 l7)
1755 1194 1770 1220 ,
1822 1164 1913 1208 ct:
1970 1152 2089 1204 Nisi

538 1254 867 1318 credideritis,
896 1269 994 1306 non
1015 1251 1305 1319 intelligetis
1333 1249 1483 1317 (lsai.
1513 1263 1601 1312 vn,
1633 1246 1685 1314 9,
1711 1247 1864 1316 juxta
1889 1242 2084 1311 LXX).

537 1341 677 1413 Ergo
702 1343 779 1396 vel
831 1343 881 1395 in
927 1341 1082 1396 rebus
1127 1340 1369 1392 humanis
1397 1336 1600 1390 nullum
1644 1349 1776 1403 opus
1807 1334 2088 1402 incipitur,

538 1432 639 1488 nisi
667 1433 812 1486 labor
841 1433 1012 1486 omnis
1040 1430 1106 1484 ad
1145 1429 1388 1482 effectum
1418 1425 1599 1481 venire
1626 1426 1893 1480 credatur.
1940 1424 2087 1479 Unde

535 1523 854 1578 credendum
897 1533 976 1578 est
1023 1523 1075 1576 in
1129 1521 1313 1584 Deum,
1365 1534 1393 1572 a
1439 1531 1544 1587 quo
1581 1526 1686 1570 tam
1723 1531 1953 1584 praesens
1983 1517 2086 1568 vita

533 1628 690 1684 quam
739 1605 1224 1668 futura°tribuitur.
1259 1611 1398 1664 Deus
1446 1618 1621 1662 autem
1668 1606 1950 1675 appellatio
2007 1616 2088 1660 est

532 1704 838 1759 substantia
889 1704 1248 1773 sempiternae,
1307 1700 1418 1754 sive
1466 1700 1669 1754 timoris
1700 1698 1882 1751 divini.
1922 1696 2082 1766 Igitur

533 1794 669 1850 Deus
710 1804 825 1857 est,
855 1795 970 1848 sine
999 1793 1280 1860 principio,
1308 1793 1422 1844 sine
1453 1790 1580 1852 line,
1618 1789 1863 1858 simplex,
1899 1789 2078 1842 incor-

531 1899 745 1954 poreus,
771 1881 1345 1950 incomprehensibilis.
1378 1880 1585 1936 Patrem
1625 1889 1801 1934 autem
1835 1894 1953 1934 cum
1985 1894 2081 1933 au-

532 1969 638 2038 dis,
666 1985 889 2040 agnosce
917 1972 1057 2040 quod
1091 1970 1279 2025 habeat
1312 1970 1500 2024 Filium
1533 1971 1789 2024 veraciter
1817 1969 2076 2039 genitum,

534 2061 800 2130 quomodo
845 2074 1119 2130 possessor
1146 2062 1358 2123 dicitur,
1385 2061 1472 2129 qui
1502 2059 1693 2127 aliquid
1726 2061 1977 2128 possidet,
2031 2066 2084 2114 et

531 2151 813 2220 Dominus,
865 2154 950 2222 qui
1004 2154 1158 2208 alicui
1207 2155 1524 2208 dominatur.
1574 2154 1710 2208 Deus
1741 2169 1866 2220 ergo
1900 2154 2078 2219 Pater,

529 2248 717 2318 secreti
751 2249 1065 2303 sacramenti
1105 2248 1415 2301 vocabulum
1445 2256 1547 2313 est,
1579 2247 1728 2315 cujus
1760 2261 1882 2300 vere
1910 2246 2081 2299 Filius

528 2349 610 2394 est
637 2340 851 2393 verbum
882 2348 934 2393 et
961 2340 1234 2406 speculum
1279 2351 1332 2392 et
1362 2337 1673 2399 character;
1704 2347 1756 2389 et
1785 2337 1957 2403 imago
2005 2332 2082 2386 vi-

529 2443 657 2484 vens
707 2429 873 2482 Patris
921 2429 1183 2493 viventis,
1236 2429 1288 2480 in
1343 2427 1587 2480 omnibus
1641 2426 1816 2480 Patris
1861 2413 2080 2488 similis,

530 2521 770 2590 ejusdem
804 2528 1032 2583 naturae,
1081 2526 1134 2573 et
1183 2517 1234 2571 in
1288 2515 1556 2570 divinitate
1588 2517 1812 2585 genitus,
1845 2514 2082 2570 Genitori

530 2624 626 2678 per
652 2610 826 2664 omnia
856 2606 1160 2677 corequalis.
1190 2607 1298 2662 Nec
1323 2617 1590 2676 quaeratur
1617 2607 1882 2675 quomodo
1903 2606 2083 2673 genuit

490 2721 497 2730 ·
528 2698 756 2754 Filium?
802 2699 940 2768 q‘uod
986 2707 1041 2754 et
1086 2698 1258 2767 angeli
1288 2682 1551 2760 nesciunt,
1587 2686 1859 2764 prophetis
1888 2702 1974 2748 est
2002 2694 2084 2747 in-

524 2790 811 2860 cognitum.
849 2787 997 2845 Unde
1027 2789 1155 2844 illud
1185 2789 1378 2843 dictum
1409 2796 1489 2844 est
1519 2806 1531 2840 :
1562 2786 1941 2842 Generationem
1970 2789 2080 2855 ejus

524 2883 638 2952 quis
679 2881 932 2935 enarrabit
961 2879 1116 2948 (Isai.
1150 2894 1284 2945 Lm,
1307 2878 1400 2946 8)?
1448 2893 1603 2944 quam
1635 2887 1891 2931 secretam
1924 2876 2081 2943 origi-

526 2985 645 3026 nem
676 2984 798 3024 cum
823 2971 1042 3037 proprio
1071 2967 1208 3021 Filio
1239 2966 1385 3020 novit
1413 2966 1525 3033 ipse
1553 2966 1698 3020 solus
1739 2966 1828 3032 qui
1880 2964 2077 3032 genuit.

524 3052 637 3116 Nec
669 3072 699 3111 a
727 3057 879 3112 nobis
912 3057 1049 3110 Deus
1081 3053 1442 3108 discutiendus
1484 3063 1585 3118 est,
1618 3053 1710 3107 sed
1734 3052 2031 3108 credendus
2059 3091 2075 3118 ,

1237 404 1546 463 VENANTII
1584 403 1736 462 HON.
1775 399 1983 459 CLEM.
2026 393 2421 455 FORTUNATI
2456 392 2735 451 OPERUM
2773 390 2952 449 PARS
2989 388 3030 449 l.

2117 511 2170 573 Α
2193 523 2338 563 num.
2372 508 2594 564 Unicum
2625 505 2813 559 Filium
2853 505 2990 567 ideo,
3023 513 3080 558 ut
3117 519 3192 558 ιι..
3240 518 3294 557 tn
3345 503 3446 558 hoc
3494 502 3760 573 intelligas

3651 389 3763 447 διε

2195 611 2486 666 terrenum,
2514 601 2623 654 sive
2645 612 2980 667 corporeum,
3026 595 3123 650 ubi
3144 594 3210 650 de
3252 609 3359 649 uno
3383 605 3466 650 est
3504 612 3666 660 unus,
3689 596 3760 650 de

2195 691 2315 745 luce
2340 689 2611 760 splendor,
2639 689 2706 744 de
2750 690 2910 744 corde
2939 687 3182 751 verbum,
3222 687 3291 742 de
3333 696 3512 742 mente
3539 703 3754 752 sensus,

2157 768 2161 772 ’
2193 780 2261 836 de
2287 780 2421 836 forte
2441 782 2628 845 virtus,
2658 780 2725 835 de
2755 775 3013 846 sapientia
3037 779 3276 846 'sapiens,
3331 778 3399 832 de
3430 788 3631 831 aeterno
3661 793 3758 830 na.

2193 877 2276 924 tus
2303 879 2384 925 est
2413 867 2432 908 ί
2463 879 2709 933 :rternus,
2741 883 2833 937 per
2875 868 3049 922 omnia
3089 867 3227 922 idem
3273 868 3410 936 quod
3443 868 3619 932 Pater,
3652 869 3757 921 hoc

2194 959 2377 1014 Filius.
2417 959 2544 1012 Nam
2587 959 2772 1012 unicus
2825 957 2964 1023 ideo,
3011 958 3130 1025 quia
3181 972 3277 1012 nec
3303 957 3755 1022 comparationem

2193 1049 2373 1118 recipit
2423 1064 2539 1103 cum
2585 1049 2802 1119 reliquis
2848 1049 3124 1108 creaturis,
3173 1061 3271 1102 nec
3329 1049 3752 1114 similitudinem,

2191 1139 2311 1206 quin
2342 1139 2572 1192 omnium
2599 1155 2773 1194 rerum
2805 1154 3040 1192 summus
3068 1138 3179 1206 ipse
3209 1146 3416 1193 creator
3440 1146 3554 1200 est;
3579 1137 3752 1192 homi-

2192 1244 2290 1283 nes
2319 1237 2492 1281 autcm
2521 1229 2611 1282 lilii
2643 1229 2734 1283 Dei
2763 1239 3017 1282 vocantur
3047 1243 3139 1296 per
3183 1231 3432 1296 gratiam;
3468 1230 3561 1284 ille
3606 1231 3754 1283 solus

2191 1317 2354 1372 Filius
2380 1320 2585 1388 genitus
2613 1334 2707 1387 per
2735 1329 2995 1373 naturam.
3031 1320 3309 1389 llucusque
3330 1322 3396 1376 de
3419 1322 3622 1379 Deitate
3645 1321 3753 1374 Pa—

2191 1407 2285 1461 tris
2312 1418 2466 1477 atquc
2494 1408 2614 1463 Filii
2655 1419 2828 1465 textus
2859 1410 2988 1465 ordo
3017 1419 3230 1466 secutus
3258 1423 3360 1466 est.
3410 1463 3413 1468 .

2229 1529 2253 1568 8
2284 1521 2382 1584 Qui
2412 1532 2554 1574 natus
2582 1530 2650 1575 est
2680 1521 2741 1574 de
2764 1521 2961 1588 Spiritu
2990 1533 3163 1575 sancto
3185 1537 3248 1575 ea:
3275 1519 3446 1574 Maria
3475 1521 3684 1590 virgine.

2264 1614 2352 1666 llle
2383 1615 2468 1683 qui
2499 1614 2564 1668 de
2586 1613 2738 1667 Patre
2761 1623 2883 1665 ante
2914 1614 3105 1666 smcula
3130 1622 3282 1667 natus
3321 1621 3422 1677 est,
3473 1621 3652 1680 postea
3684 1611 3752 1667 de

2187 1703 2384 1770 Spiritu
2409 1712 2616 1765 sancto,
2645 1701 2798 1770 cujus
2823 1701 3077 1768 templum
3109 1699 3159 1755 in
3194 1700 3402 1768 Virgine
3434 1699 3747 1754 fabricatum

2190 1803 2270 1846 est
2299 1793 2711 1862 intelligendum.
2744 1792 2871 1845 Nam
2903 1794 3037 1844 sicut
3061 1792 3112 1843 itt
3135 1790 3558 1844 sanctiﬁcatione
3593 1789 3752 1856 spiri-

2188 1893 2273 1938 tus
2301 1884 2436 1938 nulla
2491 1885 2744 1953 fragilitas
2776 1885 2998 1945 exstitit,
3031 1868 3225 1937 sic-nec
3246 1882 3296 1935 in
3328 1890 3480 1948 partu
3510 1881 3753 1948 ejusdem

2188 1988 2346 2028 causa
2374 1971 2721 2043 corruptionis
2775 1974 3032 2042 apparuit.
3085 1972 3183 2040 Qui
3227 1973 3277 2026 in
3307 1971 3454 2025 caelis
3487 1985 3642 2033 unus,
3697 1971 3753 2024 in

2189 2065 2343 2121 terris
2371 2067 2575 2132 unicus,
2604 2082 2701 2136 per
2732 2075 2935 2132 portam
2984 2065 3214 2133 Virginis
3243 2062 3444 2132 ingredi
3493 2062 3750 2117 mundum

2187 2157 2427 2224 dignatus
2473 2165 2574 2212 est.
2606 2156 2738 2209 llinc
2769 2156 2991 2224 plurima
3046 2153 3316 2220 prophetae
3367 2151 3435 2205 de
3492 2159 3755 2218 conceptu

2189 2247 2412 2314 Virginis
2441 2254 2492 2300 et
2512 2245 2579 2300 de
2609 2255 2756 2312 partu
2781 2245 2939 2296 locuti
2970 2251 3114 2296 sunt.
3147 2241 3318 2296 Unum
3358 2251 3535 2295 tamen
3560 2256 3754 2296 exem-

2186 2334 2327 2402 plum
2365 2346 2463 2400 pro
2517 2333 2779 2386 brevitate
2810 2335 3189 2401 proponemus,
3235 2329 3303 2386 de
3340 2344 3449 2399 quo
3500 2329 3753 2385 Ezechiel

2185 2423 2317 2476 dixit
2348 2441 2360 2476 :
2393 2422 2549 2475 Porta
2575 2437 2684 2490 qua:
2723 2422 2925 2489 respicit
2951 2422 3017 2474 ad
3047 2421 3301 2475 Orientem
3327 2419 3504 2474 clausa
3531 2421 3651 2486 erit,
3704 2430 3753 2474 et

2187 2529 2288 2566 non
2316 2515 2587 2582 aperietur,
2612 2523 2657 2566 et
2678 2527 2822 2565 nemo
2848 2513 3074 2564 transibit
3094 2528 3180 2576 per
3205 2525 3335 2576 eam,
3369 2511 3612 2580 quoniam
3641 2507 3753 2565 Do.

2185 2605 2350 2657 minus
2373 2602 2504 2657 Deus
2527 2601 2692 2656 Israel
2738 2603 2843 2672 ipse
2868 2601 3096 2654 transibit
3122 2617 3209 2672 per
3235 2618 3363 2666 eam,
3387 2610 3433 2655 et
3454 2602 3634 2656 clausa
3652 2600 3753 2654 erit

2186 2692 2396 2760 (Ezectt.
2453 2708 2593 2760 thv,
2644 2691 2748 2761 2).
2803 2692 2916 2746 lloc
2946 2700 3118 2746 tamen
3145 2692 3429 2747 notandum
3461 2700 3566 2759 est,
3622 2690 3750 2759 quia

2183 2784 2409 2852 Spiritus
2434 2793 2645 2838 sanctus
2673 2793 2754 2838 est
2782 2783 3062 2838 dominicae
3081 2783 3257 2836 carnis
3284 2783 3543 2836 Creator:
3569 2781 3769 2850 Spiri--
3803 2814 3806 2815 ν

2184 2883 2270 2929 tus
2296 2877 2459 2928 sancti
2491 2876 2608 2928 hinc
2635 2877 2885 2940 majestas
2908 2873 3218 2927 ostenditur.
3247 2872 3400 2936 Quod
3451 2886 3578 2927 vero
3605 2873 3750 2927 Deus

2186 2957 2473 3033 majestatis
2499 2964 2566 3017 de
2592 2963 2748 3017 Maria
2779 2964 2828 3018 in
2861 2978 3018 3018 carne
3048 2972 3203 3017 natus
3231 2970 3330 3028 est,
3354 2977 3462 3016 non
3513 2970 3595 3016 est
3631 2977 3752 3016 sor-

2185 3054 2393 3109 didatus
2440 3054 2704 3108 nascendo
2731 3054 2796 3108 de
2827 3054 3062 3124 Virgine,
3112 3052 3201 3123 qui
3233 3067 3334 3108 non
3379 3052 3476 3108 fuit
3515 3053 3751 3121 pollutus

528 3150 613 3219 qui
643 3149 695 3202 in
723 3146 873 3201 nobis
914 3146 1043 3214 ipsis
1075 3146 1343 3200 nescimus
1373 3143 1510 3212 quod
1533 3144 1786 3214 sapimus,
1816 3143 2082 3212 quomodo
2111 3177 2161 3242 α
2189 3144 2452 3199 hominem
2475 3147 2705 3200 condens
2735 3145 2798 3198 de
2821 3132 3051 3211 pulvere.
3079 3141 3316 3212 Denique
3343 3142 3452 3206 sol,
3479 3152 3568 3197 aut
3611 3143 3754 3212 ignis

525 3237 861 3306 sapientiam,
894 3236 1181 3305 ingenium,
1209 3244 1299 3288 aut
1330 3233 1632 3289 intellectus
1656 3235 1962 3299 consilium,
1993 3242 2086 3288 aut

527 3342 676 3388 mens
703 3335 885 3382 nostra
906 3335 1124 3395 generat
1150 3325 1396 3383 verbum.
1429 3325 1556 3389 Sed,
1594 3335 1652 3379 ut
1673 3325 1906 3380 breviter
1931 3325 2084 3380 dica-

527 3434 664 3486 mus,
697 3418 889 3473 suflicit
917 3433 1012 3473 nos
1041 3418 1179 3472 scire
1206 3418 1327 3486 quia
1352 3416 1442 3471 lux
1495 3417 1674 3485 genuit
1722 3415 2083 3486 splendorem,

528 3507 781 3577 propheta
811 3514 1039 3562 testante
1072 3524 1083 3558 :
1141 3503 1231 3560 In~
1257 3506 1610 3574 splettdoribus
1661 3514 1952 3560 sanctorum
1975 3546 1990 3572 ,
2023 3521 2087 3559 ea:

528 3610 668 3654 utero
691 3609 804 3653 ante
827 3600 1090 3669 luciferum
1114 3599 1262 3671 genui
1305 3607 1352 3652 te
1407 3595 1574 3668 (Paul.
1626 3598 1755 3669 crs).
1808 3597 1876 3652 Et
1914 3596 2082 3650 illud:

528 3688 630 3744 Hic
681 3690 817 3743 Deus
867 3698 1067 3752 noster;
1114 3699 1161 3740 et
1188 3705 1290 3742 non
1327 3689 1645 3756 reputabitur
1672 3690 1798 3740 alter
1827 3688 1895 3762 ad
1928 3703 2084 3750 eum;
2132 3762 2135 3764 _

529 3787 582 3834 et
609 3787 726 3846 post
751 3795 762 3828 :
789 3775 856 3829 In
885 3777 1030 3829 terris
1056 3776 1187 3828 visus
1210 3783 1302 3836 est,
1329 3784 1375 3826 et
1405 3775 1533 3826 inter
1564 3774 1788 3828 homines
1815 3790 2084 3827 conversa-

527 3877 608 3924 tus
661 3875 731 3921 est
775 3864 926 3933 (Bar.
962 3880 1042 3929 ιιι,
1070 3863 1160 3933 56,
1193 3863 1306 3933 58).
1337 3863 1682 3932 Omnipotens
1715 3877 1839 3917 vero
1869 3863 2080 3926 dicitur,

527 3973 592 4015 eo
616 3956 754 4027 quod
784 3957 955 4011 omnia
980 3955 1148 4026 possit
1174 3962 1229 4008 et
1281 3955 1518 4008 omnium
1559 3953 1794 4008 obtineat
1847 3960 2083 4023 potesta-

529 4059 656 4120 tem,
678 4051 799 4122 quia
829 4049 983 4106 Pater
1013 4049 1187 4104 omnia
1211 4047 1408 4101 creavit
1433 4060 1524 4114 per
1556 4045 1773 4099 Filium.

975 4157 1041 4211 Et
1078 4161 1131 4210 in
1154 4157 1332 4211 Jesum
1360 4157 1634 4210 Christum.

527 4377 630 4434 gne
674 4360 920 4416 convenit
955 4359 1191 4428 principi
1219 4359 1306 4430 qui
1337 4359 1527 4429 populo
1554 4374 1613 4415 se
1642 4359 1888 4429 sequenti
1919 4356 2082 4426 possit

528 4454 753 4511 salutem
785 4453 1010 4508 tribuere
1037 4471 1048 4504 :
1081 4451 1230 4522 cujus
1273 4453 1487 4523 figuram
1512 4452 1669 4508 Jesus
1697 4453 1840 4508 Nave
1863 4466 2075 4522 gerens,

2190 3237 2234 3292 si
2263 3237 2426 3291 lutum
2458 3236 2722 3305 inspiciat,
2743 3237 2881 3306 quod
2914 3225 3142 3305 tetigerit
3167 3245 3373 3305 purgat,
3404 3243 3455 3288 et
3476 3249 3535 3288 se
3566 3235 3753 3290 tamen

2188 3341 2297 3382 non
2326 3328 2591 3398 inquinat;
2623 3341 2721 3382 nec
2765 3326 2861 3380 fuit
2889 3326 2998 3381 Deo
3024 3326 3226 3395 injuriae
3256 3339 3412 3379 causa
3441 3323 3754 3380 misericor-

2189 3419 2310 3483 diae,
2359 3432 2529 3488 neque
2589 3419 2646 3472 fit
2687 3415 2994 3471 incredibile
3038 3414 3180 3483 quod
3224 3421 3306 3469 est
3337 3413 3451 3480 ipse
3497 3422 3658 3466 natus
3682 3411 3751 3467 de

2188 3507 2422 3576 Virgine,
2453 3508 2540 3576 qui
2568 3507 2731 3561 Adam
2777 3506 2843 3560 de
2871 3506 3086 3576 pulvere
3111 3515 3163 3560 et
3186 3503 3406 3572 primam
3462 3503 3752 3558 mulierem

2186 3601 2356 3672 potuit
2374 3600 2440 3658 de
2465 3610 2607 3658 costa
2636 3601 2882 3656 formare.

2556 3712 2835 3778 Cruciﬁxus
2856 3710 2943 3765 sub
2972 3710 3154 3764 Pontio
3177 3707 3367 3761 Pilato.

2260 3803 2389 3856 Hinc
2415 3803 2576 3855 multa
2607 3802 2897 3874 prophetae,
2916 3799 2944 3836 ιι
2974 3802 3198 3869 qualiter
3219 3801 3453 3852 confixus
3482 3798 3535 3852 in
3566 3811 3747 3864 cruce,

2189 3891 2370 3946 foratis
2397 3889 2634 3957 pedibus,
2662 3897 2832 3954 aceto,
2882 3888 2963 3940 vel
3011 3886 3156 3950 felle,
3186 3895 3277 3938 aut
3305 3885 3428 3936 vino
3472 3887 3752 3953 myrrbato

2188 3989 2420 4049 potatus,
2473 3977 2638 4045 spinis
2667 3983 2967 4038 coronatus,
3024 3976 3201 4028 lancea
3245 3986 3546 4041 percussus,
3589 3987 3751 4040 super

2187 4077 2385 4124 vestem
2414 4068 2528 4136 ejus
2556 4053 2700 4120 sorte
2733 4064 2912 4127 missa,
2953 4070 3007 4116 et
3034 4063 3084 4115 in
3116 4071 3397 4129 conspectu
3426 4060 3607 4128 papnli
3638 4075 3750 4112 ma-

2186 4159 2312 4229 ligni
2365 4156 2604 4211 manibus
2645 4154 2874 4210 extensis
2898 4153 2949 4206 in
2994 4151 3079 4206 die
3115 4149 3439 4219 pependerit,
3491 4149 3750 4215 praedixe-

613 4271 806 4326 ¢Jesus
834 4268 1078 4324 hebraice
1119 4268 1352 4323 Salvator
1380 4268 1605 4334 dicitur;
1637 4268 1736 4323 hoc
1772 4282 1962 4324 nomen
2004 4267 2084 4321 di-

2190 4259 2328 4313 runt,
2358 4249 2580 4316 diligens
2635 4245 2799 4300 lector
2843 4244 3095 4298 inveniet.
3145 4241 3365 4304 Tamen,
3413 4247 3468 4292 ut
3515 4237 3751 4294 breviter

2185 4343 2409 4407 dicatur,
2440 4340 2492 4394 in
2519 4353 2674 4395 cruce
2704 4353 2986 4406 suspensus
3009 4345 3110 4402 est,
3141 4344 3193 4389 ut
3227 4349 3322 4387 nos
3352 4347 3380 4385 a
3409 4330 3751 4396 damnatione

2184 4431 2307 4502 ligni
2331 4429 2517 4494 vetusti
2548 4427 2878 4481 dissolveret.
2916 4424 3055 4478 Folle
3095 4438 3219 4476 vero
3249 4430 3473 4491 potatur,
3509 4428 3568 4475 ut
3595 4433 3749 4502 ama-

531 4545 777 4617 ρορηιυω
821 4545 886 4600 de
915 4513 1170 4600 ἀεεθιιιοῖι
1213 4543 1264 4598 in
1297 4513 1542 4611 Eanum,
1579 4552 1603 4580 ο
1639 4552 1692 4597 ει
1742 4513 1934 4597 terra},
1996 4556 2079 4594 re-
2108 4515 2162 4577 1)
2189 4516 3042 4589 ritudincmpraevaricatipomi,et
3075 4516 3229 4568 nimis
3252 4513 3748 4613 aciditamputaret.

528 4634 891 4704 promissionis
920 4643 1120 4690 certum
1149 4641 1230 4686 est
1269 4633 1558 4687 induxisse.
1598 4632 1661 4686 Et
1693 4633 1792 4686 iste
1831 4631 1897 4684 de
1939 4639 2085 4684 tene.

527 4725 634 4782 bris
661 4735 715 4781 et
745 4735 884 4782 terra
923 4724 1232 4793 ignorantia:
1259 4730 1538 4790 sequentes
1557 4737 1613 4778 se
1638 4723 1704 4776 ad
1731 4723 1894 4778 coelos
1915 4709 2098 4776 ducit.

528 4818 766 4874 Christus
783 4817 1014 4873 dicitura
1044 4815 1348 4869 chrismatis
1378 4816 1646 4882 unctione,
1677 4825 1734 4872 et
1764 4818 1863 4870 hoc
1893 4829 2082 4868 nomen

528 4909 826 4980 pontiﬁcale
847 4915 947 4971 est,
971 4906 1054 4961 vel
1079 4906 1275 4972 regale,
1293 4906 1536 4973 quoniam
1563 4917 1718 4976 reges
1757 4906 2087 4975 ungebantur

531 4999 644 5055 oleo
674 4998 1056 5068 corruptionis;
1090 4995 1174 5050 hic
1212 5004 1387 5048 autem
1425 5009 1454 5047 a
1486 4995 1683 5063 Spiritu
1739 5005 1922 5048 sancto
1967 4995 2086 5047 oleo

442 5161 444 5164 ι
533 5093 890 5149 exsultationis
935 5092 1189 5148 divinitus
1219 5098 1407 5144 unctus
1442 5100 1540 5155 est,
1579 5091 1832 5159 prepheta
1856 5091 2082 5144 dicente.

533 5185 757 5253 Spiritus
803 5198 1002 5240 sanctus
1065 5198 1216 5254 super
1261 5198 1356 5248 me,
1410 5192 1612 5252 prepter
1661 5183 1793 5252 quod
1832 5182 1974 5234 unxit
2011 5195 2088 5231 ine

536 5271 686 5345 (Isai.
722 5291 824 5342 ut,
853 5277 928 5347 l).
957 5276 1112 5332 Jesus
1144 5288 1270 5343 ergo
1299 5272 1491 5326 dicitur
1514 5286 1576 5325 co
1629 5273 1765 5340 quod
1795 5273 1968 5326 salvet
1996 5285 2086 5338 po-

530 5367 750 5438 pulum;
782 5369 1042 5437 Cbristus,
1101 5367 1240 5438 quod
1270 5366 1339 5419 sit
1367 5373 1549 5418 unctus
1582 5363 1818 5418 Pontifex
1852 5364 1901 5417 in
1933 5371 2086 5417 reter-

603 5530 629 5559 ι
657 5522 768 5577 Duo
794 5521 956 5577 Codd.
983 5523 1124 5589 νου,
1151 5521 1318 5589 ﬁdelis
1355 5517 1644 5589 trstimonzt.

602 5590 628 5630 ιι
661 5593 777 5652 M9...
813 5609 914 5644 esse
945 5585 1119 5658 poterit
1140 5585 1225 5660 qui
1247 5601 1375 5643 recte
1405 5587 1466 5637 de
1494 5588 1657 5660 salute.
1685 5585 1976 5660 crediderit.

604 5672 625 5697 ε
663 5661 803 5716 Unus
833 5655 960 5714 Cod.
997 5655 1309 5721 νιιιηζιεεηδ
1347 5671 1509 5710 attfcm
1558 5655 1802 5707 hebraice.

603 5732 627 5771 (ι
652 5733 702 5784 ln
736 5733 993 5783 nonnullis
1025 5733 1144 5784 Mss.
1173 5732 1327 5784 verba
1353 5731 1401 5780 in
1429 5725 1643 5796 patriam
1666 5726 1871 5796 desunt.

607 5812 630 5840 θ
659 5802 716 5860 ltt
742 5801 909 5857 altero
934 5800 1060 5856 Cod.
1098 5802 1237 5867 Καὶ..
1267 5809 1310 5856 et
1338 5801 1391 5856 in
1415 5792 1597 5855 terram
1629 5792 2060 5868 repromissionis.

2190 4615 2366 4684 Spinis
2392 4622 2694 4674 coronatur,
2723 4619 2776 4662 ut
2809 4607 3104 4662 maledicta:
3133 4615 3288 4660 terra:
3315 4611 3584 4658 vetustum
3644 4602 3749 4655 cri-

2187 4719 2308 4758 men
2339 4710 2564 4757 erueret.
2601 4699 2799 4752 Lancea
2828 4697 3138 4764 percutitur,
3172 4703 3230 4748 ut
3258 4708 3350 4762 per
3376 4693 3584 4759 plagam
3619 4689 3748 4743 late-

2188 4797 2260 4850 ris
2312 4809 2444 4861 aqua
2494 4791 2707 4856 fluente,
2773 4788 2857 4842 vel
2936 4786 3210 4854 sanguine,
3277 4782 3598 4848 baptismum
3665 4777 3747 4832 vel

2189 4879 2494 4950 mysterium
2544 4877 2778 4948 martyrii
2808 4873 3188 4944 promulgaret;
3227 4877 3281 4923 et
3308 4876 3364 4920 ut
3407 4866 3618 4920 dicatur
3645 4863 3745 4918 ali-

2189 4972 2311 5043 quid
2339 4972 2492 5023 altius
2523 4987 2533 5021 :
2566 4969 2619 5022 In
2651 4975 2794 5021 costa
2822 4964 3064 5017 Christus
3101 4959 3410 5028 percutitur,
3460 4968 3517 5012 ut
3548 4957 3739 5012 vulnus

2188 5063 2338 5119 nobis
2366 5057 2580 5115 inﬁxum
2612 5071 2705 5125 per
2735 5055 2917 5116 Evam,
2942 5066 3058 5121 qua:
3089 5050 3154 5104 de
3180 5060 3327 5103 costa
3377 5045 3475 5101 viri
3520 5049 3748 5098 formata:

2189 5158 2376 5226 fuerat,
2424 5160 2733 5224 amputarct.
2774 5149 2840 5204 Ut
2885 5156 3056 5201 tamen
3096 5145 3161 5198 ad
3193 5145 3294 5198 hcc
3345 5129 3742 5208 intelligendum

2189 5248 2562 5318 aliquantulum
2625 5241 2989 5305 extendantur,
3045 5239 3180 5292 sicut
3233 5233 3361 5287 dicit
3413 5227 3686 5295 Scriptura

2189 5316 2366 5396 Cordis
2391 5340 2522 5393 oculi
2547 5339 2708 5408 aperti
2731 5343 2848 5390 sunt
2879 5334 2944 5386 ad
2968 5325 3374 5398 intelligendum,
3399 5321 3517 5390 quid
3534 5321 3600 5374 sit
3625 5316 3735 5374 οων

2265 5501 2281 5540 ί
2317 5500 2468 5563 lbid.,
2500 5508 2645 5550 natus
2670 5505 2740 5548 est
2768 5501 3054 5563 coa’tertttts.

2262 5582 2284 5617 κ
2312 5545 2848 5624 ίιΐὲιῖἱίῗβῖτῖέίοηεί
2884 5555 3131 5611 Biblioth.
3161 5553 3393 5614 Patrum,
3444 5560 3481 5605 t.
3519 5547 3629 5624 VII,

2189 5616 2816 5714 gitur":ﬁliivconceptus
2839 5639 2909 5681 est
2939 5629 3000 5714 de
3046 5625 3238 5714 ξνὶνξςιι
3273 5634 3484 5677 -sanclo.
3519 5619 3641 5674 Mss.
3687 5616 3737 5668 0'

2191 5697 2363 5773 {catus
2393 5697 2586 5769 littlitti,
2625 5704 2708 5767 qui
2734 5710 2880 5752 natus
2908 5707 2998 5773 est.
3022 5706 3122 5751 etc.
3171 5697 3344 5773 llt‘ow.

2262 5764 2289 5823 Ῑι
2322 5780 2463 5839 Unus
2491 5764 2790 5841 Cod.'Vat.,
2814 5769 3027 5842 qualiter
3052 5768 3321 5836 crucifixus
3357 5764 3410 5818 in
3439 5771 3609 5814 crum
