3948 6218
310 364 429 451 sis

1374 358 1375 361 γ
1475 394 1980 453 MISCELLANEA.
2017 422 2090 438 -
2118 393 2250 452 us.
2287 393 2380 451 χι.

3428 387 3532 446 35)

321 510 467 573 “de,
502 506 735 573 latitudo,
762 518 825 559 ac
849 504 1155 576 profundum
1187 503 1344 575 (Eph.
1378 519 1436 561 ιιι
1468 506 1580 575 18),
1611 505 1748 575 quod
1792 514 1877 561 est
1901 512 1954 571 Α
1978 508 2065 578 qui
2082 516 2318 563 venturus
2342 523 2393 562 es
2428 504 2643 578 (Matth.
2667 519 2740 574 xt,
2766 504 2857 575 δη
2884 507 3021 577 quod
3048 506 3217 563 lector
3258 507 3532 576 requirens

321 602 501 659 crucis
529 597 858 670 signiﬁcatio.
892 596 957 651 Et
1010 610 1173 665 quare
1201 597 1455 651 Dominus
1480 597 1531 651 in
1554 596 1790 665 patibulo
1819 611 1876 653 se

320 694 432 763 pati
460 691 700 760 elegerit,
722 687 991 771 quaeritur.
1013 686 1169 743 Ratio
1181 687 1295 743 hinc
1312 686 1584 743 redditur:
1611 700 1739 741 crux
1752 700 1875 754 spe-

260 834 261 837 η
319 785 435 841 cies
478 782 659 851 tropaei
684 789 786 847 est,
835 778 999 849 quod,
1031 778 1252 834 devictis
1296 778 1560 843 hostibus,
1591 777 1729 833 solet
1756 778 1876 832 tieri

318 872 699 942 triumphanti;
751 877 808 927 et
834 872 955 939 quia
986 869 1245 929 Dominus
1272 872 1374 926 tria
1417 883 1580 941 regna
1623 867 1724 924 sibi
1751 868 1879 923 sub-

312 962 470 1033 jecit,
518 975 807 1032 suspensus
856 962 908 1016 in
932 974 1056 1015 aere
1097 959 1270 1030 μιν..
1314 956 1467 1028 aera],
1502 957 1772 1014 victoriam
1812 957 1878 1013 de

318 1051 626 1110 cmicstibus
652 1060 706 1106 et
722 1050 1082 1121 spiritualibus
1108 1048 1358 1118 nequitiis
1390 1058 1473 1103 est
1494 1048 1754 1117 adeptus;
1783 1061 1879 1102 ex-

319 1141 561 1215 pandens
581 1151 754 1198 autem
785 1154 971 1196 manus
1003 1133 1073 1195 'ad
1104 1141 1350 1211 populum
1378 1138 1554 1209 [Mss.,
1599 1138 1873 1209 populos],

319 1234 551 1305 palmam
590 1234 680 1290 de-
702 1234 945 1289 terrenis.
986 1232 1137 1300 Quod
1158 1246 1283 1288 vero
1310 1232 1410 1287 sub
1437 1238 1579 1286 terra
1608 1244 1743 1302 crux.
1773 1229 1875 1284 iixa

318 1333 425 1392 est,
447 1326 679 1382 ostendit
706 1339 824 1381 eum
850 1334 905 1379 et
932 1325 999 1379 de
1026 1323 1250 1379 Tartaro
1282 1322 1627 1399 triumphare.
1660 1321 1727 1376 Et
1752 1315 1875 1390 quia

317 1417 389 1473 de
405 1418 545 1487 aliis,
566 1417 835 1472 brevitatis
854 1430 1033 1482 causa,
1058 1414 1387 1485 praeterimus
1409 1415 1656 1483 plurima,
1685 1426 1752 1469 ne
1776 1426 1876 1484 ge-

318 1521 570 1563 neremus
596 1508 880 1575 fastidium,
909 1508 987 1563 sic
1008 1522 1106 1577 pro
1133 1508 1331 1562 honore
1351 1514 1551 1562 sancte
1577 1506 1749 1561 crucis
1776 1518 1876 1560 no-

316 1594 402 1654 his
430 1596 517 1652 hic
540 1610 719 1675 sermo
742 1598 1162 1663 distenditur,‘ut
1189 1597 1337 1651 vobis
1378 1595 1680 1663 aadilicatio,
1721 1604 1776 1651 et
1802 1595 1875 1649 illi

316 1696 523 1745 crescat
570 1688 913 1758 praeconium.
963 1686 1103 1757 Ergo
1140 1686 1261 1757 quia
1316 1700 1414 1741 nec
1448 1685 1561 1755 ipsa
1597 1686 1771 1741 sidera
1820 1685 1874 1739 in

316 1790 606 1852 conspectu
635 1781 728 1837 Dei
775 1795 872 1850 pro
894 1781 1124 1835 humano
1152 1778 1374 1835 crimine
1419 1786 1572 1833 erant
1617 1791 1768 1847 pura,
1824 1785 1877 1833 et

1980 598 2230 651 inueniet.
2252 595 2358 652 Sed
2383 596 2715 652 descendens
2732 596 2795 651 ad
2827 595 3114 662 infernum,
3151 596 3399 666 iniuriam
3428 612 3534 653 non

1978 687 2212 755 pertulit,
2241 685 2381 755 quod
2400 684 2525 742 fecit
2546 700 2703 741 causa
2725 685 3045 767 clementiae,
3071 684 3216 741 velut
3243 695 3301 740 ut
3324 670 3535 742 rex‘in-

1980 790 2126 838 trans
2150 795 2441 849 carcerem,
2466 796 2572 837 non
2602 791 2661 837 ut
2686 780 2801 851 ipse
2843 777 3126 848 teneretur,
3165 779 3262 835 sed
3300 787 3359 835 ut
3385 779 3534 837 noxii

1976 871 2329 931 solverentur.

2470 962 2638 1018 Tertia
2655 961 2738 1018 die
2753 962 3057 1017 resurrexit.

2048 1052 2125 1107 De
2144 1052 2534 1109 resurrectione
2564 1054 2677 1123 ejus
2704 1052 2865 1108 iidem
2896 1051 3167 1120 prophetae
3193 1049 3343 1119 plura
3370 1049 3536 1107 locuti

1975 1154 2119 1209 sunt,
2140 1144 2279 1214 quod
2326 1152 2382 1201 et
2410 1143 2569 1200 Jonas
2601 1152 2624 1180 ο
2653 1143 2830 1199 triduo
2858 1142 2911 1198 in
2942 1150 3127 1199 ventre
3173 1144 3278 1201 ceti
3327 1158 3536 1215 perma-

1977 1247 2110 1290 nens
2134 1233 2449 1306 designavit.
2853 1219 2860 1225 ’

2499 1324 2735 1380 Ascendit
2756 1324 2809 1379 in
2837 1323 3045 1381 calum.

2046 1417 2160 1474 Hoc
2189 1415 2210 1456 ί
2236 1416 2698 1488 Pssnographns,
2722 1415 2995 1486 prophettu
3027 1422 3082 1470 et
3108 1413 3389 1483 Apostolus
3416 1426 3532 1469 me-

1976 1508 2156 1575 minit,
2178 1509 2318 1567 unde
2354 1509 2479 1566 illud
2507 1508 2706 1565 dictum
2757 1518 2837 1564 est
2871 1528 2887 1565 :
2937 1510 3219 1573 Ascendens
3269 1508 3323 1562 in
3352 1508 3534 1573 altum,
3622 1506 3623 1509 “

1976 1600 2225 1669 captiuam
2245 1600 2389 1655 duxit
2408 1600 2747 1668 captivitatem
2778 1598 2997 1668 (Ephes.
3024 1614 3117 1665 ιν,
3140 1598 3222 1668 8).
3256 1598 3396 1665 Ergo
3418 1602 3536 1665 post

1977 1689 2325 1757 passionem!
2367 1689 2608 1744 Christus
2648 1688 2815 1745 ctelos
2844 1686 3103 1753 ascendit,
3153 1701 3261 1741 non
3311 1685 3401 1741 ubi
3429 1698 3536 1739 non

1974 1786 2108 1844 erat,
2150 1777 2380 1833 Verbum
2426 1778 2586 1845 Deus,
2625 1778 2715 1847 qui
2757 1784 2966 1847 semper
3020 1776 3074 1833 in
3124 1776 3274 1832 oculis
3300 1783 3402 1840 est,
3441 1773 3534 1830 sed

316 1882 434 1928 erat
458 1880 564 1927 tota
589 1880 731 1935 terra
758 1872 980 1940 polluta,
1027 1869 1147 1925 ideo
1186 1881 1476 1938 suspensus
1508 1876 1591 1923 est
1634 1865 1875 1921 Christus
1904 1864 1953 1923 B
1981 1869 2066 1924 ubi
2091 1867 2266 1925 adhuc
2291 1868 2531 1936 verbum,
2552 1882 2679 1924 caro
2725 1867 2941 1937 iactum,
2968 1882 3072 1923 non
3118 1868 3359 1927 sederat:
3395 1865 3535 1920 unde

316 1962 371 2017 in
392 1976 516 2019 aere
541 1961 715 2034 [Μαίη
741 1961 910 2033 aera],
942 1969 1001 2015 ut
1019 1959 1173 2015 simul
1222 1968 1390 2014 terras
1420 1967 1476 2014 et
1518 1968 1659 2012 astra
1686 1973 1870 2027 purga-

315 2061 422 2119 ret;
440 2053 658 2120 antqnia
673 2052 783 2119 ipse
793 2050 1025 2105 dixerat:
1047 2049 1193 2103 Sicut
1207 2046 1409 2117 Moyses
1420 2046 1655 2101 exultavit
1669 2062 1872 2116 serpen-

316 2148 415 2196 tem
436 2137 613 2209 (Joan.
636 2153 716 2204 ιιι,
746 2136 869 2208 li);
898 2136 1021 2192 ideo
1052 2138 1197 2192 cruci
1232 2135 1587 2205 suspenditur,
1618 2141 1677 2188 ut
1703 2134 1871 2188 adim-
1936 2210 1963 2219 -

314 2230 585 2302 pierentnr
608 2229 769 2285 verba
790 2244 907 2300 qua:
948 2228 1166 2285 Creator
1194 2227 1531 2298 praedixerat,
1588 2235 1699 2293 aut,
1749 2226 1871 2294 quia

315 2318 455 2379 inter
487 2320 683 2378 omium
707 2328 763 2377 et
783 2328 977 2377 terram
1006 2318 1222 2390 grandis
1243 2326 1358 2374 erat
1381 2316 1667 2383 discordia,
1691 2324 1749 2371 ut
1774 2316 1873 2371 tol-

316 2412 450 2472 lunt
497 2411 886 2478 reconciliator,
934 2425 996 2468 se
1040 2410 1325 2478 mediante,
1388 2408 1715 2465 scandalum.
1765 2406 1869 2463 lnll

314 2514 441 2561 lere
474 2500 831 2571 suspenditur,
851 2507 926 2567 ut,
954 2514 1016 2557 se
1041 2501 1094 2555 in
1114 2501 1291 2556 medio
1318 2499 1489 2569 posito
1517 2499 1654 2553 inter
1676 2497 1868 2553 ccelum

313 2602 371 2651 οι
395 2603 612 2661 terram,
662 2600 717 2647 et
753 2593 893 2646 inter
940 2591 1208 2647 hominem
1234 2598 1288 2646 et
1308 2590 1495 2653 Deum,
1533 2602 1633 2655 pax
1671 2589 1871 2667 rediret

314 2693 435 2757 post
461 2686 661 2744 odium.
687 2684 793 2739 Aut
812 2683 955 2750 ideo,
980 2685 1100 2754 quia
1121 2693 1243 2739 ante
1265 2683 1439 2753 gravis
1467 2680 1603 2734 latro
1628 2680 1681 2733 in
1710 2694 1870 2738 cruce

314 2776 695 2847 conﬂgebatur.
724 2775 861 2845 Ergo
889 2774 955 2830 ad
983 2774 1084 2830 hoc
1112 2773 1273 2845 elegit
1298 2772 1537 2829 Christus
1577 2772 1869 2843 principale

314 2871 648 2945 supplicium,
688 2881 748 2927 ut
776 2872 1041 2927 hominem
1093 2871 1391 2927 absolveret
1416 2870 1442 2910 δ
1472 2858 1719 2941 originali
1748 2886 1867 2940 pec-

313 2970 453 3026 cato,
480 2961 621 3031 quod
640 2971 755 3017 erat
781 2961 1068 3031 principale
1095 2969 1441 3017 tormentum.
1462 2964 1569 3015 Aut
1588 2962 1706 3018 ideo
1729 2963 1867 3016 Deus

313 3048 370 3106 in
401 3065 556 3106 cruce
573 3051 929 3120 suspenditur,
961 3061 1019 3105 ut
1057 3066 1154 3121 pro
1194 3054 1498 3123 captivitate
1527 3061 1707 3109 nostra
1746 3066 1882 3123 pre-'

314 3140 441 3194 tium
469 3139 553 3195 sui
579 3143 818 3209 corporis
838 3141 1114 3197 instatera
1160 3154 1422 3198 mercator
1450 3151 1714 3213 pensaret.
1764 3146 1866 3198 Aut

314 3228 795 3300 ideocruciligitur,
823 3232 943 3301 quia
974 3234 1168 3288 mortui
1205 3248 1417 3313 eramus
1447 3250 1541 3304 per
1569 3250 1779 3305 pomum
1806 3246 1863 3292 et

312 3320 578 3388 arborem,
600 3330 655 3375 nt
673 3321 848 3378 denuo
875 3338 1002 3378 crux
1027 3333 1082 3379 et
1122 3324 1383 3394 Christus,
1422 3327 1476 3383 id
1506 3336 1589 3402 est
1606 3328 1766 3383 arbor
1811 3337 1882 3383 et-

311 3422 548 3479 pomurn,
573 3427 664 3480 per
691 3412 858 3482 ipsam
912 3414 1309 3472 similitudinem
1350 3430 1449 3473 nos
1474 3432 1503 3473 a
1536 3426 1707 3475 morte
1731 3418 1863 3475 libe-

310 3508 476 3590 raret.
505 3501 723 3558 Pomum
746 3500 899 3557 dulce
920 3518 1039 3559 cum
1060 3507 1277 3562 arborei

804 3611 914 3668 Sub
947 3612 1134 3668 Pontio
1161 3613 1358 3670 Pilato.

383 3702 525 3759 Bene
547 3702 648 3759 hoc
694 3712 777 3762 est
801 3704 1059 3776 additum,
1108 3715 1183 3774 ut,
1229 3707 1408 3777 judice
1453 3721 1571 3763 cum
1624 3715 1864 3776 tempore

311 3790 610 3865 designato,
633 3809 737 3851 non
760 3808 884 3871 esse
911 3796 1178 3853 videretur
1198 3793 1478 3854 incertum.
1519 3797 1631 3853 Sub
1658 3784 1867 3855 Herode

314 3900 459 3957 rege,
487 3889 575 3957 qui
598 3901 664 3943 eo
711 3894 949 3956 tempore
975 3888 1237 3942 tetrarcha
1276 3895 1412 3953 erat,
1442 3889 1509 3941 ad
1540 3903 1694 3955 quem
1725 3889 1864 3957 Dila-

316 3954 569 4033 tus'misit
611 3954 887 4031 Dominum
911 3975 1173 4044 vinctum,
1216 3984 1271 4031 et
1298 3990 1392 4045 per
1424 3975 1524 4031 hoc
1551 3954 1689 4031 inter
1721 3954 1865 4045 ﬁndi-

315 4080 405 4145 ces
434 4080 531 4135 pax
552 4068 793 4136 provenit
822 4074 941 4135 post
973 4066 1175 4123 odium.
1204 4066 1271 4121 Et
1302 4075 1323 4104 ο
1356 4066 1555 4136 legatus
1584 4064 1862 4129 Dominus,

315 4160 480 4229 magis
509 4160 813 4229 legatarius,
842 4173 944 4230 pax
964 4160 1103 4215 inter
1130 4168 1311 4229 partes
1336 4160 1554 4226 exstitit,
1586 4167 1637 4213 et
1661 4156 1866 4228 iudices

314 4264 348 4307 a
374 4250 539 4309 livore
564 4251 825 4308 dissolvit.
1566 4256 1571 4259 ‘

772 4363 1038 4418 Descendit
1057 4363 1122 4416 ad
1137 4359 1410 4431 infernum.

386 4456 517 4511 Hinc
555 4454 825 4524 prophetas
864 4455 1011 4523 plura
1061 4454 1331 4517 dixerunt,
1364 4452 1499 4507 unde
1525 4459 1605 4505 est
1632 4450 1760 4506 illud
1787 4451 1866 4505 di-

1973 1959 2212 2017 videntes
2238 1960 2410 2029 angeli
2436 1961 2611 2016 carnis
2666 1969 2906 2016 naturam
2946 1961 3109 2023 caelos
3156 1948 3535 2025 intrare,‘stu-

1975 2057 2201 2117 pucrunt
2214 2049 2479 2103 dicentes:
2512 2048 2639 2113 Quis
2663 2057 2733 2101 est
2759 2048 2850 2115 ista
2878 2034 2972 2101 τέκ’
2990 2049 3167 2116 gloria:
3187 2047 3357 2118 (Psal.
3386 2044 3535 2115 vm)?

2354 2156 2382 2195 δ
2398 2156 2549 2214 Sedet
2573 2157 2641 2211 ad
2668 2156 2925 2212 dexter-ani
2948 2155 3140 2210 Patris.
3240 2139 3253 2158 ‘

2040 2250 2170 2308 Nam
2196 2260 2251 2309 et
2273 2250 2443 2321 ipsum
2463 2251 2650 2307 sedere
2675 2248 2986 2319 mysterium
3016 2257 3097 2302 est
3123 2244 3300 2301 carnis
3324 2257 3532 2299 assum-

1972 2352 2097 2415 pte,
2114 2353 2169 2400 et
2192 2351 2498 2413 provectum
2525 2342 2666 2398 sedis
2692 2356 2799 2396 non
2826 2341 3022 2403 divina.
3050 2338 3146 2393 sed
3176 2338 3398 2392 humans
3434 2349 3530 2389 na-
3574 2336 3577 2339 ’

1968 2444 2087 2491 tura
2128 2435 2380 2507 requirit;
2425 2435 2548 2490 inde
2589 2443 2645 2490 et
2671 2434 2773 2490 hoc
2815 2434 3015 2503 dictum
3063 2441 3191 2487 est:
3248 2430 3440 2484 Parata
3463 2445 3532 2493 est

1968 2529 2109 2583 sedes
2139 2537 2244 2593 tua,
2288 2527 2499 2583 Domine
2529 2525 2702 2601 (Psal.
2748 2527 2897 2596 xcn).
2950 2525 3016 2580 Et
3048 2541 3062 2579 :
3095 2524 3239 2579 Dia-it
3286 2522 3533 2598 Dominus

1972 2616 2190 2672 Domino
2210 2615 2496 2672 meo:Seds
2517 2633 2550 2669 a
2577 2616 2765 2670 dextris
2792 2617 2917 2669 meis
2932 2613 3101 2686 (Psat.
3126 2614 3235 2681 cx).
3266 2612 3332 2666 Et
3357 2610 3487 2666 illud
3514 2626 3540 2665 :-

1968 2712 2013 2764 Α
2060 2709 2204 2764 modo
2226 2708 2453 2763 uidebitis
2493 2705 2691 2761 Filium
2731 2706 2949 2760 hominis
2986 2698 3243 2759 sedent‘em
3266 2720 3298 2756 a
3343 2703 3534 2757 dextris

1966 2799 2163 2863 uirtutis
2192 2798 2306 2865 Dei,
2323 2799 2645 2870 judicaturats
2671 2800 2805 2852 vivos
2826 2806 2872 2852 et
2896 2806 3117 2851 mortuos
3140 2793 3353 2867 (Matth.
3380 2807 3527 2858 xxvi,

1969 2888 2081 2961 δι).
2114 2890 2309 2958 Aliqui,
2338 2888 2520 2943 dicunt
2540 2890 2708 2955 vivos,
2738 2888 2945 2957 iustos;
2974 2896 3212 2941 mortuos
3253 2898 3400 2949 vero,
3453 2881 3529 2936 in-

1964 2979 2156 3050 iustos.
2185 2980 2291 3035 Aut
2310 2989 2458 3035 certe
2480 2979 2648 3046 vivos,
2679 2992 2809 3048 quos
2837 2978 2889 3032 in
2915 2990 3135 3047 corpore
3154 2974 3420 3030 invenerit
3437 2971 3528 3026 ad-

1966 3079 2154 3127 ventus
2180 3070 2195 3109 ί
2221 3070 2549 3137 Dominicus,
2606 3070 2707 3125 εισι
2748 3069 3104 3140 intelligamus
3142 3076 3394 3129 mortuos,
3422 3066 3526 3134 iam

1889 3196 1936 3259 Ο
1967 3163 2223 3232 sepultos.
2238 3162 2345 3218 Nos
2367 3172 2544 3223 tamen
2566 3162 2715 3217 vivos
2734 3174 2792 3219 et
2818 3174 3055 3217 mortuos
3076 3161 3177 3217 hoc
3200 3170 3278 3216 est
3304 3160 3526 3227 animas,

1967 3261 2020 3309 et
2046 3268 2267 3321 corpora
2294 3256 2490 3323 pariter
2506 3253 2816 3325 iudicanda.
2834 3254 2965 3309 Nam
3008 3254 3076 3308 de
3096 3253 3324 3315 adventu
3349 3251 3529 3306 Domi-

1964 3345 2019 3399 ni
2043 3352 2097 3400 et
2126 3343 2408 3400 Ialachias
2436 3345 2510 3399 ait
2538 3363 2550 3399 :
2582 3343 2739 3416 (Ecce
2758 3346 2888 3399 venit
2932 3343 3177 3397 Dominus
3216 3342 3528 3411 oumipotens

1965 3433 2120 3505 (και.
2142 3449 2223 3502 ιιι,
2250 3435 2321 3504 l).
2344 3435 2410 3489 Et
2440 3435 2619 3490 Daniel
2652 3452 2665 3488 :
2690 3433 2851 3489 Escae
2870 3436 2922 3487 in
2947 3434 3158 3488 nubibus
3180 3434 3294 3487 cali
3323 3434 3469 3502 quasi
3496 3430 3524 3469 κ

1963 3522 2134 3578 Filius
2154 3525 2564 3597 hominis_(Dan.
2596 3541 2690 3591 vn,
2724 3526 2835 3593 l5).
2868 3526 2935 3579 Et
2970 3525 3099 3577 illud
3133 3542 3145 3574 :
3180 3524 3324 3578 Sicut
3354 3521 3527 3593 fulgor

1965 3612 2027 3668 ab
2057 3615 2263 3683 oriente,
2289 3615 2363 3670 ita
2388 3622 2434 3669 et
2454 3615 2547 3669 erit
2570 3615 2813 3669 adventus
2844 3612 2968 3668 Filii
2996 3613 3233 3685 hominis.

2364 3727 2529 3784 Credo
2572 3730 2627 3783 in
2678 3736 2849 3783 sancto
2891 3728 3110 3800 Spiritu.

2034 3821 2094 3878 In
2140 3821 2298 3893 hujus
2344 3821 2851 3877 commemoratione
2902 3820 3213 3890 mysterium
3253 3819 3524 3876 Trinitatis

1966 3914 2233 3981 impletur,
2282 3927 2417 3965 unus
2446 3909 2641 3976 'Pater,
2699 3926 2832 3965 unus
2890 3911 3074 3977 Filius,
3117 3928 3251 3967 unus
3296 3913 3523 3981 Spiritus

1965 4015 2196 4074 sanctus,
2221 4013 2276 4060 ut
2306 4005 2399 4059 ﬁat
2438 4003 2711 4058 distinctio
2752 4016 3115 4072 personarum,
3160 4004 3411 4057 vocabula
3441 4020 3526 4059 se-

1967 4102 2291 4150 cernuntur:
2328 4093 2505 4162 Pater,
2545 4108 2609 4149 ex
2636 4107 2741 4163 quo
2769 4094 2966 4157 omnia,
2992 4102 3045 4148 et
3085 4093 3173 4163 qui
3214 4106 3317 4148 non
3364 4092 3525 4148 habet

1968 4184 2209 4241 Patrem:
2238 4185 2405 4241 Filius
2424 4200 2487 4241 ex
2504 4184 2658 4241 Patre
2686 4184 2923 4254 genitus;
2956 4184 3187 4253 Spiritus
3208 4192 3422 4239 sanctus
3451 4184 3518 4237 de

1973 4272 1993 4315 ι
2024 4274 2118 4330 Dei
2143 4290 2235 4329 ore
2284 4275 2596 4345 procedens,
2640 4284 2695 4331 et
2715 4284 2902 4329 cuncta
2930 4282 2969 4309 ω
2996 4273 3350 4328 sanctificans.
3385 4273 3524 4342 Ergo

1966 4379 2071 4419 una
2107 4364 2356 4419 divinitas
2404 4365 2455 4418 in
2496 4364 2772 4429 Trinitate,
2817 4365 2938 4433 quia
2986 4364 3117 4418 dixit
3165 4363 3522 4434 Symbolum:

1967 4455 2137 4510 Credo
2162 4455 2213 4507 in
2234 4454 2397 4509 Deum
2416 4455 2622 4511 Patrem
2645 4464 2696 4524 η,
2722 4465 2773 4511 et
2798 4457 2847 4511 in
2870 4458 3048 4511 Jesutn
3078 4456 3368 4521 Christum,
3393 4463 3446 4508 et
3469 4455 3521 4508 in

317 4552 494 4602 ctum:
523 4542 641 4602 Vita
682 4560 790 4601 mea
819 4545 870 4599 in
897 4546 1098 4615 inferno
1120 4544 1457 4616 appropiavlt,
1494 4552 1539 4599 et
1564 4547 1728 4615 [actus
1754 4558 1864 4596 sum
1891 4536 1944 4597 Ι)
1968 4543 2165 4613 Spiritu
2190 4554 2389 4599 sancto.
2424 4544 2561 4613 Ergo
2604 4544 2691 4598 ubi
2731 4546 2784 4597 in
2832 4546 3139 4611 praepositio
3189 4546 3417 4611 ponitur.
3448 4542 3523 4597 ibi

317 4638 445 4695 inter
469 4645 692 4692 mortuos
721 4637 844 4691 liber
872 4636 1093 4705 (Psalm.
1120 4637 1353 4707 untv).
1380 4636 1442 4691 Et
1465 4636 1593 4690 illud
1621 4652 1634 4689 :
1660 4634 1685 4673 εἴ
1714 4634 1792 4687 Tu
1815 4649 1864 4688 rs

389 4790 553 4863 fuse.
564 4831 577 4856 ,
590 4788 799 4863 aeraJn
816 4804 921 4863 uno
932 4787 1041 4843 Cod
1054 4830 1067 4843 .
1080 4790 1221 4859 Vat.,
1234 4791 1346 4846 ideo
1358 4792 1496 4845 cruci
1515 4790 1861 4863 suspenditur.

384 4854 415 4897 ³
439 4854 588 4930 Missi,
616 4860 861 4930 originale
887 4868 1167 4929 peccatum.
1207 4854 1216 4859 ⁷
1322 4914 1325 4917 λ
1582 4864 1587 4869 ’

388 4938 413 5000 ε
444 4929 600 5000 ᾔει,
624 4930 827 5000 ligatus.

385 4996 681 5053 d'Veteres'
727 4997 934 5053 scilicet
964 4996 1164 5062 ,Patres
1224 4998 1461 5053 nonnulli

316 5065 619 5145 Qrpyverus)
672 5076 972 5136 senserunt,
1025 5082 1145 5145 cum
1182 5068 1412 5145 .loannes
1449 5082 1554 5123 non
1596 5066 1863 5145 dubitaret

317 5134 609 5193 Cliristum'
641 5152 822 5192 verum
874 5134 992 5192 esse
1044 5138 1300 5201 Messiam,
1329 5138 1413 5191 illa
1460 5150 1551 5192 sua
1597 5134 1859 5203 legatione

316 5207 571 5274 gaesisse
594 5222 717 5261 num
766 5205 949 5261 eadem
978 5220 1137 5273 opera
1181 5209 1459 5261 moriturus
1508 5213 1666 5267 esset,
1697 5214 1750 5259 et
1795 5209 1859 5260 ad

317 5272 513 5344 inferos
538 5275 922 5331 descensurus?
950 5272 1113 5342 Quem
1148 5276 1363 5342 proinde
1388 5275 1597 5344 (addam
1640 5273 1760 5343 ego)
1805 5288 1865 5329 et

316 5342 570 5408 JOannes,
598 5360 721 5399 mox
745 5344 1051 5399 detruncato
1075 5346 1268 5410 capite,
1297 5345 1361 5396 ad
1397 5342 1605 5398 inferos
1637 5342 1859 5397 desuen-

316 5424 491 5482 suros,
520 5414 853 5469 liberatorem
883 5428 1031 5469 suum
1053 5421 1427 5482 exepectasset.
1458 5415 1594 5481 Lege
1622 5423 1858 5467 sanctum

318 5479 463 5609 agr.
511 5482 565 5537 in
602 5491 888 5539 comment.
924 5485 997 5537 'in
1057 5479 1242 5538 Matth.
1290 5484 1354 5537 ad
1404 5479 1551 5539 hunc
1581 5482 1750 5537 locum
1796 5483 1864 5537 de

419 5565 541 5605 nne.
1334 5593 1339 5597 .
1454 5574 1459 5579 -

390 5627 415 5689 ξ
447 5620 589 5689 Unus
614 5618 746 5689 Cod.
770 5621 913 5687 Vat.,
941 5623 1050 5689 ipso
1075 5621 1243 5675 triduo
1270 5624 1321 5675 in
1349 5631 1538 5675 ventre.

392 5685 413 5726 ¹
444 5688 595 5762 ibim,
624 5685 1058 5762 {’salmOgrapltus
1085 5695 1359 5762 propheta;
1388 5704 1437 5749 et
1468 5690 1617 5747 deest
1647 5692 1824 5758 Apost.

390 5764 419 5807 ι
446 5756 596 5832 κει,
624 5756 896 5816 Dominus.

1514 4996 1595 5064 (ut
1640 4999 1864 5053 advertit
1930 5060 1933 5061 ν

1966 4634 2209 4689 divinitas
2234 4634 2572 4703 approbatur,
2591 4640 2650 4687 ut
2670 4641 2755 4689 est
2780 4650 2791 4684 :
2817 4630 2977 4686 Credo
3003 4633 3055 4685 in
3078 4631 3253 4699 Patre,
3276 4633 3328 4685 in
3356 4628 3518 4701 Filio,

2036 4788 2060 4827 ιι
2087 4790 2140 4861 In
2168 4792 2294 4861 Mss.
2339 4790 2652 4858 qumusdam
2692 4791 2964 4861 sequentia
2992 4790 3108 4846 sine
3144 4790 3294 4845 titulo
3323 4804 3522 4860 prtecev

1968 4859 2212 4916 dentibus
2232 4860 2535 4929 junguntur.

2040 4929 2060 4967 ί
2102 4928 2245 4999 Unus
2274 4931 2399 4983 Cod.
2429 4929 2547 4983 Vat.
2578 4945 2592 4981 :
2636 4928 2927 4983 Dominicus
2973 4939 3019 4983 et
3048 4939 3273 4984 mortuos
3294 4932 3409 4999 jam
3439 4944 3522 4983 se-

1964 5001 2154 5070 pultos.
2188 4996 2300 5070 Nos
2326 5009 2489 5053 tamen
2512 4999 2852 5070 intelligamus
2881 5000 3032 5054 vivos.

1981 5121 1989 5129 _
2026 5069 2054 5141 ,ᾖ
2090 5068 2504 5141 Desideratur__in
2528 5066 2837 5141 quibusdam
2865 5070 2987 5141 Mss.
3020 5070 3102 5126 hic
3124 5069 3486 5141 intelligamus.

2026 5124 2060 5175 ’³⁸
2096 5139 2237 5192 Unus
2265 5138 2394 5192 Cod.
2423 5124 2561 5201 Vati,
2596 5136 2785 5191 Filium
2818 5139 3053 5193 hominis.

2038 5205 2057 5245 ι
2077 5206 2696 5265 VenantiusFortunatus
2712 5209 2930 5277 yidmur
2954 5213 3051 5265 hoc
3078 5210 3195 5266 loco
3214 5208 3514 5277 respexisse

1962 5276 2027 5349 ad
2071 5276 2198 5330 illud
2245 5278 2427 5349 psalmi
2473 5292 2622 5330 χχιιι
2655 5296 2665 5328 :
2703 5276 2765 5331 Et
2812 5278 3004 5349 Spiritu
3055 5282 3156 5333 oris
3203 5276 3319 5349 ejus
3355 5278 3518 5331 omnis

1962 5348 2117 5399 uirtus
2146 5362 2314 5398 eorum
2361 5348 2561 5399 firmata
2590 5357 2704 5409 est;
2748 5356 2802 5401 et
2844 5348 2907 5400 ad
2960 5348 3086 5402 illud
3115 5348 3291 5409 Joan.,
3327 5362 3375 5399 c.
3407 5361 3472 5399 xx
3500 5364 3514 5399 :

1963 5413 2109 5494 {Iaso
2134 5430 2245 5467 rum
2290 5415 2524 5476 dixisset,
2556 5418 2853 5494 insufﬂauit,
2895 5425 2940 5469 et
2986 5419 3114 5494 dixit
3157 5421 3268 5494 eis:
3297 5416 3519 5494 Accipite

1965 5484 2214 5548 Spiritum
2241 5494 2483 5548 sanctum,
2514 5494 2640 5552 etc.;
2683 5487 2865 5552 quibus
2892 5500 2956 5540 ex
2984 5485 3297 5541 testimoniis
3324 5484 3512 5539 divini-

1966 5564 2043 5606 tas
2090 5554 2315 5621 Spiritus
2334 5556 2531 5618 sancti,
2563 5556 2649 5621 qui
2694 5572 2803 5607 cum
2829 5554 2979 5609 Patre
3007 5566 3050 5609 et
3082 5556 3216 5608 Filio
3246 5555 3513 5619 aduratur,

1964 5634 2016 5676 et
2045 5624 2275 5688 ejusdem
2309 5639 2366 5675 ex
2398 5621 2551 5677 Patre
2582 5624 2815 5693 Filioque
2840 5627 3106 5692 processio
3143 5626 3456 5680 ostenditur.

2038 5701 2073 5726 ω
2100 5692 2208 5745 Duo
2237 5692 2399 5761 Codd.
2431 5693 2567 5757 νειμ,
2616 5705 2661 5746 et
2688 5706 2866 5748 cuncta
2894 5697 3218 5761 signiﬁcans._

2177 5707 2208 5745 0
2237 5705 2399 5746 υοαα.
2434 5705 2567 5753 νειμ,
2616 5705 2661 5746 ει
2688 5706 2866 5748 cuncta
2894 5705 3205 5753 siam/team.

2038 5714 2073 5726 ’⁵³
2100 5714 2208 5745 υυυ
2237 5714 2399 5746 υυυυ.
2437 5714 2567 5757 νειμ,
2616 5714 2661 5746 ει
2688 5714 2866 5748 cunCta
2894 5714 3205 5762 Signi/tcum.

2036 5769 2064 5798 ιι
2093 5761 2280 5828 lutum
2307 5759 2462 5827 Cod.,
2494 5772 2538 5818 et
2568 5765 2620 5818 in
2648 5763 2920 5820 Dominam
2940 5759 3219 5830 Christuan
3235 5773 3344 5821 etc.
