3948 6218
505 300 604 356 3M

1220 307 1544 366 VENANTII
1585 310 1745 368 HON.
1785 311 1988 369 CLEM.
2029 263 2420 378 FCRTUNATI
2456 321 2734 383 OPERUII
2772 327 3030 390 PARS'I.

3614 343 3723 401 ass

501 416 554 470 in
582 415 782 485 Spiritu
834 428 1033 477 sancto.
1063 422 1191 482 Nam
1223 443 1325 483 non
1357 431 1569 499 dicitur,
1600 434 1653 487 in
1679 444 1855 488 sancta
1891 434 2071 491 Eccle-
2097 435 2148 497 A
2172 436 2480 500 Consultum
2508 445 2680 515 nobis,
2711 453 3012 523 sanctisque
3040 456 3309 513 sororibus
3345 458 3363 498 τ
3395 460 3446 518 id
3469 462 3561 522 sit.

499 505 618 570 sia;
648 520 754 562 non
785 508 998 580 dicitur,
1025 513 1078 567 in
1103 519 1398 576 remissione
1428 533 1767 596 peccatorum,
1798 536 1825 565 ι
1854 529 1943 581 sed
1989 544 2067 582 re-

501 598 789 654 missionem
816 613 1135 671 psccatorum
1164 612 1356 669 credis.

998 695 1239 755 Sanctam
1269 702 1565 761 Ecclesium.

574 774 788 845 Sancta,
814 781 935 850 quia
960 799 1062 840 una
1092 798 1173 842 est
1200 791 1435 848 Ecclesia
1464 796 1581 852 sine
1603 811 1749 867 ruga.
1785 799 1932 855 Sicut
1962 800 2067 858 una

497 862 650 933 ﬁdes,
681 857 841 924 unum
891 873 1166 942 baptisma,
1200 881 1252 934 in
1284 896 1385 950 qua
1416 899 1550 950 unus
1583 857 1741 953 Deus,
1772 905 1908 946 unus
1953 891 2062 947 Do-

499 954 705 1022 minus,
749 974 884 1014 unus
931 963 1157 1033 Spiritus
1183 979 1399 1028 sanctus
1443 975 1709 1045 creditur;
1756 980 1822 1034 de
1863 998 1966 1049 qua
2009 985 2064 1039 in

492 1040 721 1101 Canticis
751 1048 975 1118 legitur:
1013 1054 1126 1109 Una
1170 1068 1243 1112 est
1265 1061 1510 1116 columba
1526 1040 1842 1131 mea;'nam
1892 1071 2063 1130 haere-

490 1133 582 1188 tici
611 1150 929 1208 congregant
957 1145 1270 1219 Ecclesiam,
1293 1153 1379 1208 ubi
1403 1169 1556 1226 ruga,
1588 1166 1642 1213 et
1667 1159 1905 1228 perﬁdiae
1945 1179 2061 1221 ma-

491 1225 610 1281 cula
632 1234 1034 1300 comprobatur.
1065 1310 1067 1313 ι

905 1326 1272 1386 Remissionem
1298 1348 1636 1409 peccatorum.

555 1405 717 1464 Nobis
746 1411 797 1466 in
829 1413 929 1471 hoc
971 1431 1219 1475 sermone
1245 1424 1355 1477 sola
1395 1406 1684 1485 credulitas
1714 1433 1926 1501 sufﬁcit,
1958 1451 2057 1495 nec

480 1498 619 1586 ratio
644 1505 950 1572 requiritur,
993 1509 1081 1564 ubi
1116 1512 1420 1583 principalis
1445 1519 1765 1589 indulgentia
1806 1498 2053 1596 compro-

1116 1574 1131 1579 _
1289 1574 1304 1583 .
1593 1574 1765 1589 εμπ
1812 1574 2022 1596 --ητα

481 1574 655 1646 batur.
684 1595 799 1662 ipse
824 1595 851 1635 1³
875 1615 966 1654 rex
989 1611 1222 1659 :eternus
1250 1621 1279 1659 a
1310 1609 1453 1664 nullo
1474 1611 1777 1681 discutitur,
1809 1619 1852 1672 si
1883 1621 2053 1689 quod-

417 1663 420 1670 ’
469 1664 684 1752 cunque
725 1686 962 1767 largitur.
1009 1692 1138 1747 Nam
1191 1695 1280 1751 ille
1320 1698 1407 1768 qui
1453 1704 1623 1772 potuit
1670 1663 1938 1765 hominem
1981 1713 2050 1770 de

474 1766 588 1825 luto
611 1763 810 1840 facere,
842 1779 980 1833 idem
1011 1793 1197 1848 potens
1227 1794 1312 1840 est
1342 1800 1364 1826 ο
1387 1803 1544 1868 omne
1573 1785 1891 1854 lutulentum
1921 1818 2046 1870 pur-

473 1871 632 1927 gare;
666 1872 720 1917 et
747 1866 886 1920 valet
916 1869 1269 1928 innocentiam
1312 1863 1570 1944 perditam
1621 1889 1924 1956 restituere,
1955 1893 2044 1962 qui

477 1951 711 2017 sepultos
729 1947 793 2008 'et
824 1952 1059 2014 membra
1091 1963 1295 2030 perdita
1324 1981 1538 2025 revocat
1567 1974 1632 2028 ad
1662 1976 1907 2034 salutem.

600 2055 609 2072 '
929 2048 1364 2110 Resurrectionem
1391 2063 1578 2116 carnis.

395 2300 398 2303 ’
468 2321 554 2366 cet
591 2323 909 2374 resurrectio
958 2337 986 2376 a
1033 2330 1247 2396 paganis
1274 2339 1327 2384 et
1368 2347 1396 2385 a
1432 2336 1739 2403 quibusdam
1772 2344 2034 2400 haereticis

466 2413 585 2484 non.
601 2406 863 2474 credatur,
899 2420 1072 2467 tamen
1105 2417 1267 2471 Isaias
1302 2420 1464 2476 dicit:
1499 2427 1720 2497 Sut'gent
1758 2437 1943 2488 mortui
1986 2429 2032 2491 et

465 2479 874 2565 sciscitabantur;
901 2512 955 2554 et
996 2501 1176 2559 Daniel
1208 2508 1315 2562 ait:
1350 2479 1761 2586 Resurgenl’tunc
1797 2527 1884 2592 qui
1915 2539 2030 2582 sunt

465 2577 521 2632 s'ts
550 2589 696 2638 teme
724 2587 945 2654 puluere.
987 2591 1228 2653 Christus
1258 2599 1382 2656 dicit
1412 2621 1424 2654 :
1459 2577 1608 2672 Quod
1632 2577 2030 2688 autem'surgenl

465 2673 670 2743 mortui,
697 2691 797 2730 non
826 2679 1015 2749 legistis
1037 2686 1062 2738 Ρ
1101 2685 1167 2740 Et
1201 2707 1215 2744 :
1255 2689 1386 2745 Non
1416 2705 1490 2749 est
1514 2696 1652 2753 Deus
1693 2673 2023 2778 mortuorum,
2112 2691 2118 2700 ’

463 2759 552 2814 sed
573 2761 854 2820 viventium.
908 2771 1036 2827 ltem
1066 2775 1352 2844 Apostolus
1383 2783 1512 2840 dicit
1553 2806 1563 2840 :
1606 2789 1684 2843 Tu
1709 2797 1845 2861 quod
1877 2759 2028 2854 senti:

462 2867 554 2906 nas
579 2871 678 2908 non
724 2859 1003 2922 viuiﬁcatur
1027 2869 1125 2920 nisi
1149 2872 1294 2940 prius
1340 2879 1608 2935 moriatur.
1658 2883 1725 2938 Et
1752 2886 2024 2957 Scriptura

462 2941 627 2998 dicit:
677 2947 800 3003 Post
849 2961 1264 3023 resurrectionem
1318 2977 1462 3018 erunt
1527 2971 1655 3024 sicut
1699 2941 2053 3049 angelirDei,

464 3030 602 3100 Ergo
641 3032 666 3072 ἀ
709 3053 805 3092 nec
852 3042 952 3096 hoc
990 3049 1326 3104 credentibus
1372 3055 1696 3123 impossibile
1733 3030 2017 3135 judicetur,

464 3219 607 3274 hunc
635 3236 699 3276 ex
731 3224 942 3284 honline
993 3232 1045 3287 in
1093 3237 1333 3304 angelum
1367 3243 1760 3315 transformare,
1808 3243 1865 3306 et
1909 3263 2026 3322 post

459 3310 593 3366 hanc
647 3317 806 3370 vitam
858 3327 1202 3391 temporalem
1253 3331 1412 3387 vitam
1478 3345 1727 3393 aeternam
1772 3344 2021 3401 tribuere.

458 3398 599 3473 Ergo
646 3408 871 3464 moritur
901 3412 1058 3468 homo
1090 3420 1237 3485 quasi
1288 3437 1506 3490 granum
1537 3427 1590 3480 in
1620 3429 1800 3500 sulco,
1854 3442 1910 3487 ut
1939 3450 2025 3490 re-

455 3488 644 3565 surgat
661 3512 777 3552 cum
808 3501 975 3571 spico.
1007 3515 1059 3559 et
1087 3488 1472 3576 multiplicetur
1498 3530 1614 3579 cum
1648 3518 1850 3589 fructu,
1887 3525 2022 3580 assi-

456 3586 670 3642 miletur
717 3601 770 3647 et
820 3598 1008 3664 angelo
1051 3619 1065 3652 :
1117 3604 1254 3672 quod
1287 3605 1399 3673 ipse
1426 3610 1613 3665 salutis
1655 3586 2020 3674 auctor-nobis

451 3679 683 3736 tribuere
733 3684 1013 3756 dignetur,
1061 3696 1170 3758 qui,
1231 3698 1549 3767 triumphato
1595 3703 1836 3773 Tartaro,
1891 3723 2013 3766 cum

451 3763 606 3823 Patre
634 3779 689 3824 et
719 3784 901 3827 sancto
956 3778 1152 3844 Spiritu
1182 3763 1430 3850 glorioso,
1467 3763 2017 3867 principatumjprin-
2044 3860 2052 3868 ,

451 3857 651 3929 cipatu]
681 3861 883 3916 intrans
915 3865 1082 3922 victor
1113 3883 1296 3940 regnat
1326 3876 1378 3928 in
1405 3879 1565 3933 cmlo.
1595 3857 1783 3938 Amen.

1079 3981 1302 4041 CAPUT
1324 3987 1384 4043 ll.

749 4066 928 4124 Versus
957 4073 1024 4124 ad
1052 4073 1287 4130 domitam
1319 4080 1699 4150 Radegundem.

447 4152 634 4230 [Situm
660 4159 712 4238 in
759 4161 1133 4238 Badegnndem
1173 4169 1519 4236 desiderium,
1545 4192 1647 4238 quo
1674 4192 1731 4231 se
1755 4179 1840 4231 illa
1875 4190 2009 4236 tem-

518 4241 647 4316 poIre
679 4229 981 4304 incluserat.
1013 4234 1264 4299 declarat,
1314 4249 1365 4316 et
1419 4229 1664 4316 optat'_ut

519 4294 794 4350 celerrime
821 4312 849 4349 a
880 4314 1088 4356 recessu
1114 4318 1212 4358 suo
1240 4294 1482 4362 reducem
1510 4294 1733 4384 videat]

447 4403 564 4469 Quo
591 4406 705 4461 sine
734 4425 819 4464 me
844 4427 956 4466 mea
982 4414 1067 4469 lux
1097 4418 1263 4474 oculis
1290 4411 1585 4481 errantibus
1619 4439 1641 4466 θ
1673 4429 1836 4497 abdit,

515 4494 623 4550 Nec
652 4500 847 4567 patitur
873 4505 984 4559 visu
1007 4521 1064 4563 se
1094 4525 1332 4568 reserare
1363 4517 1516 4570 meo?

445 4581 627 4639 Omnia
659 4594 923 4660 conspicio
949 4594 1124 4661 simul,
1160 4602 1380 4669 aethera,
1411 4605 1648 4675 flumina,
1685 4619 1912 4680 terram;

515 4676 644 4732 Cum
678 4693 726 4735 te
756 4698 856 4738 non
886 4685 1058 4752 video,
1091 4703 1211 4746 sunt
1235 4695 1360 4748 mihi
1386 4712 1569 4754 cuncta
1597 4716 1798 4768 parum.

445 4766 695 4835 Quamvis
724 4775 791 4829 sit
816 4778 1028 4844 ccelum,
1060 4783 1250 4838 nebula
1285 4788 1536 4856 fugiente,
1559 4807 1826 4862 serenum,

512 4863 586 4919 Te
611 4867 813 4922 celante
843 4872 992 4937 mihi,
1018 4883 1120 4929 stat
1151 4879 1264 4933 sine
1295 4884 1405 4937 sole
1433 4886 1567 4940 dies.

445 4950 549 5008 Sed
576 4971 788 5027 precor,
824 4961 1073 5030 horarum
1100 4967 1255 5023 ducat
1278 4983 1388 5026 rota
1419 4980 1621 5033 concita
1649 4995 1856 5046 cursus,

515 5043 580 5100 Et
602 5050 863 5107 brevitate
896 5055 1055 5109 velint
1085 5072 1141 5111 se
1171 5063 1400 5119 celerare
1427 5069 1578 5124 dies.-

514 5208 542 5272 ξ
572 5200 720 5272 Mss,
743 5219 966 5266 sanctam
992 5213 1269 5270 Ecclesium
1292 5235 1369 5272 ac.

511 5266 539 5310 δ
570 5271 622 5328 In
672 5266 772 5331 uno
800 5282 955 5351 Cod.,
987 5266 1490 5356 ipserlrecﬂterreuus
1517 5309 1547 5345 a
1588 5297 1726 5348 nullo
1777 5297 1998 5362 dicitur;

443 5355 706 5412 corrupte.

518 5424 537 5486 ὲ
575 5415 627 5471 In
660 5434 764 5473 uno
790 5421 923 5473 Cod.
953 5443 1097 5480 omne
1125 5432 1272 5483 etiam
1310 5433 1627 5486 lutulentum.

509 5485 535 5522 ά
570 5487 703 5557 Ergo
735 5507 793 5542 ne
819 5493 910 5544 hoc
937 5499 1269 5555 credentibus.

513 5558 688 5630 filide
718 5577 832 5625 quae
863 5565 1088 5622 diximus
1117 5573 1178 5623 ad
1210 5588 1255 5626 c.
1284 5575 1341 5627 ll
1377 5583 1429 5628 et
1455 5574 1516 5625 l2
1549 5574 1639 5628 lib.
1671 5591 1777 5630 νιν.

439 5693 470 5745 ἡ
513 5625 532 5660 ³
568 5627 706 5751 U‘nus
735 5631 900 5692 Codd.
937 5635 1079 5704 Val.,
1109 5625 1360 5698 sororibus
1382 5625 1489 5699 iltoc
1518 5625 1611 5699 sit.
1626 5625 1777 5703 'Edit.‘
1803 5647 1994 5718 Paris,

474 5711 534 5748 ac
561 5711 600 5749 si
630 5741 641 5751 .

474 5711 534 5748 ας
561 5711 641 5754 ιιι.

2224 531 2308 590 ηυι
2333 535 2476 589 vultu
2505 537 2730 607 releves,
2761 556 2892 610 quos
2921 544 2974 598 in
3005 559 3184 603 amore
3215 556 3386 606 tenes.

2200 638 2203 639 ν
2243 635 2245 637 ‘
2775 632 2997 692 CAPUT
3023 635 3110 692 ΙΙΙ.
3251 645 3254 648 ⁴
3320 697 3325 700 .

2419 719 2496 771 Ad
2530 723 2754 777 eamdem
2783 725 2845 778 de
2871 735 2896 774 Β
2925 729 3156 808 natalitio
3191 733 3472 791 abbatissa.

2167 803 2668 887 [NatalemAgnetis
2696 815 2974 887 abbatissae
3012 803 3151 876 diem
3201 824 3438 879 celebrat
3476 825 3579 884 hoc
3604 844 3729 887 can-

2234 878 2479 969 tlninenin
2507 878 2610 948 quo
2630 894 2707 969 et
2737 885 3038 969 Radegundi
3072 907 3168 960 pro
3197 878 3354 969 natali
3385 878 3725 969 tilias,

2237 947 2450 1011 Christo
2496 947 2713 1027 peperat
2751 947 3038 1027 gratulatur
3059 947 3086 1026 ;’
3102 975 3156 1016 et
3175 964 3241 1017 ad
3273 947 3730 1027 ἐξίτὸῆἧήῃῖἦῆ

2232 1030 2330 1084 pro
2355 1027 2577 1090 utraque
2603 1022 2775 1096 facit.]
3013 1033 3025 1048 ‘

2160 1103 2324 1160 Mater
2343 1108 2540 1176 opima,
2567 1112 2784 1202 decens,
2815 1126 2934 1172 voto
2963 1119 3140 1177 laetare
3167 1122 3339 1192 beato,

2230 1197 2429 1264 Gaude,
2460 1204 2687 1259 natalem
2715 1197 2816 1261 lilia
2844 1208 3013 1264 dulcis
3045 1213 3219 1269 habet.

2158 1283 2302 1339 Hanc
2324 1289 2416 1342 tibi
2446 1304 2550 1343 non
2585 1303 2764 1366 uterus
2791 1307 2988 1363 natam,
3010 1301 3106 1354 sed
3129 1304 3293 1369 gratia
3325 1306 3470 1374 fecit,

2227 1375 2342 1430 Non
2373 1387 2520 1448 caro,‘
2545 1381 2636 1436 sed
2667 1381 2909 1442 Christus
2935 1390 3070 1445 hanc
3095 1393 3144 1450 iu
3173 1410 3352 1452 amore
3380 1399 3547 1459 dedit.

2155 1467 2282 1535 Quae
2301 1472 2371 1525 sit
2389 1473 2441 1525 in
2474 1466 2673 1531 aeterno
2705 1489 2897 1548 tecum,
2927 1482 3019 1537 tibi
3049 1487 3268 1542 contulit
3296 1501 3500 1558 auctor,

2225 1562 2537 1632 Perpetuam
2568 1569 2768 1636 prolem
2796 1573 2885 1625 dat
2911 1575 3025 1628 sine
3054 1576 3155 1631 line
3193 1577 3370 1635 Pater.

2152 1652 2299 1709 Felix
2331 1659 2631 1727 posteritas,
2665 1677 2781 1730 quas
2812 1665 2956 1732 nullo
2982 1666 3162 1726 deﬁcit
3185 1687 3321 1740 tero,

2196 1746 2352 1820 .Quae
2382 1763 2501 1804 cum
2532 1760 2698 1808 matre
2721 1755 2877 1809 simul
2898 1772 3000 1811 non
3030 1760 3279 1817 moritura
3310 1773 3504 1822 manet.

2151 1833 2235 1889 Sit
2265 1837 2421 1890 modo
2441 1838 2576 1895 festa
2603 1841 2720 1896 dies
2740 1855 2923 1899 sancto
2951 1846 3285 1917 Radegundis
3315 1853 3538 1924 honoro,

2220 1925 2402 1995 Agnen
2426 1928 2563 1984 hanc
2592 1932 2741 1986 vobis
2765 1935 2942 2004 Agnus
2973 1937 3023 1992 in
3050 1943 3177 1994 orbe
3208 1942 3368 2016 dedit.

2145 2013 2347 2070 Gaudia
2373 2017 2637 2076 distensos
2669 2027 2862 2090 pariter
2890 2028 3164 2085 celebretis
3187 2034 3240 2086 in
3266 2013 3451 2104 annos,

2213 2105 2280 2158 Et
2302 2121 2393 2175 per
2422 2125 2516 2163 vos
2543 2099 2763 2179 pepulus
2793 2127 2912 2171 vota
2942 2133 3168 2188 superna
3199 2125 3356 2180 colat.

1994 2195 2037 2266 τ’
2079 2241 2083 2244 .
2142 2195 2521 2270 Virgineusque
2543 2202 2733 2260 choros
2766 2210 3122 2269 moderamina
3151 2227 3333 2271 saneta
3355 2216 3628 2288 docentes,

2107 2303 2110 2305 λ
2209 2287 2479 2356 Perpetua:
2511 2295 2631 2348 vita:
2659 2297 2982 2354 distribuatis
3012 2299 3040 2337 δ
3069 2317 3217 2371 opes.

2136 2376 2270 2431 Hinc
2299 2379 2578 2452 longinqua
2601 2385 2742 2440 salus
2765 2396 2940 2444 teneat
2961 2405 3053 2446 vos
3086 2388 3106 2430 ί
3130 2408 3352 2464 corpore
3379 2401 3604 2469 vinctas,

2204 2468 2409 2528 Rursus
2441 2473 2491 2528 in
2521 2485 2719 2533 aeterno
2745 2480 2946 2537 lumine
2968 2484 3151 2556 jungat
3190 2504 3355 2546 amor.

2743 2569 2963 2629 CAPUT
2991 2577 3076 2632 IV.

2503 2659 2584 2713 Ad
2606 2664 2853 2733 eamdem,
2885 2670 3125 2724 ut-vinum
3156 2672 3308 2729 bibat.

2128 2741 2522 2835 [Radegundem
2575 2765 2725 2835 rogat
2769 2765 2820 2809 et
2854 2772 2964 2835 suo
2993 2768 3044 2835 e_t
3102 2763 3325 2835 Agnetis
3365 2767 3598 2835 nomine,
3631 2777 3696 2827 us

2199 2815 2319 2934 Villio
2351 2827 2526 2954 litatur
2550 2815 2706 2890 atque
2746 2826 2952 2881 modico
2980 2829 3094 2894 ejus
3123 2815 3694 2894 usuiva‘vletudiniwcb;

2197 2896 2256 2935 su
2281 2893 2355 2937 at.

2197 2893 2355 2937 sulat.

2128 2969 2184 3023 Si
2211 2971 2378 3038 pietas
2407 2983 2460 3029 et
2487 2988 2697 3033 sanctus
2722 2995 2870 3037 amor
2892 2983 2982 3040 dat
3011 2996 3129 3043 vota
3157 2994 3375 3060 petenti,

2201 3059 2398 3117 Exaudi
2425 3065 2640 3152 famulos
2667 3087 2885 3130 munere
2914 3076 3052 3146 larga
3085 3059 3219 3148 tuos,

2129 3147 2448 3210 Fortunatus
2468 3147 2651 3227 agens,
2684 3161 2856 3231 Agnes
2882 3182 3110 3238 quoque,
3140 3147 3375 3230 versibus
3405 3185 3580 3245 orant,

2197 3237 2265 3294 Ut
2296 3242 2485 3299 lassata
2506 3247 2658 3303 nimis
2684 3253 2800 3306 vina
2831 3237 3057 3326 benigna
3084 3260 3252 3318 bibas.

2124 3329 2214 3386 Sic
2238 3333 2328 3387 tibi
2355 3335 2449 3409 det
2472 3335 2740 3404 Dominus,
2771 3358 3094 3415 quascunque
3114 3355 3414 3420 poposceris
3432 3369 3639 3427 .psum.

2195 3423 2264 3478 Et
2292 3427 2405 3494 tibi,
2435 3429 2571 3484 sicut
2599 3447 2764 3500 amas,
2795 3437 2938 3492 vivat
2969 3449 3186 3510 uterque
3213 3458 3423 3514 rogans.

2121 3514 2439 3587 Suppliciter
2467 3522 2716 3592 petimus,
2744 3527 2787 3582 si
2817 3543 2917 3584 non
2945 3531 3259 3593 oﬂendimus
3281 3539 3456 3608 ambo,

2193 3607 2263 3661 Ut
2289 3609 2491 3667 releves
2513 3623 2682 3682 natos,
2711 3629 2877 3673 mater
2908 3625 3101 3692 opima,
3126 3626 3281 3684 duos.

2099 3679 2234 3752 ‘Non
2259 3703 2378 3770 gula
2407 3719 2518 3769 vos,
2550 3707 2642 3761 sed
2672 3723 2828 3765 causa
2856 3714 3027 3770 trahat
3055 3718 3214 3773 modo
3233 3735 3444 3780 sumere
3470 3725 3620 3794 vina,

2189 3789 2330 3843 Talis
2354 3795 2494 3846 enim
2528 3806 2682 3862 potus
2704 3801 2901 3856 viscera
2927 3805 3061 3859 lassa
3084 3809 3252 3875 juvat.

2118 3875 2206 3931 Sic
2237 3894 2445 3947 quoque
2479 3882 2810 3943 Timotheum
2842 3892 3051 3962 Paulus,
3104 3900 3224 3952 tuba
3261 3880 3504 3970 gentibus
3542 3922 3674 3980 una,

2185 3968 2262 4025 Ne
2292 3973 2617 4029 stomachum
2640 3978 2887 4048 inﬁrmet,
2919 3998 3129 4042 sumere
3157 3968 3460 4057 vinajubet.

2733 4071 2952 4129 CAPUT
2979 4078 3039 4131 V.

2493 4159 2572 4210 Ad
2589 4159 2887 4214 abbatissam
2915 4167 2977 4217 de
3005 4169 3163 4221 natali
3187 4185 3298 4225 suo.

2114 4243 2444 4324 [Diuturnam
2495 4261 2555 4324 ac
2596 4249 2961 4324 iiicxplehilem
3013 4255 3086 4307 ab
3125 4259 3325 4324 Agnete
3369 4275 3519 4321 opem
3563 4266 3671 4321 sibi

2183 4314 2472 4380 impensam
2517 4316 2748 4394 declarat
2793 4314 3319 4394 Fortunatusﬂuam
3367 4314 3674 4394 dumpnra;

2183 4392 2376 4463 staret,
2422 4387 2660 4465 eamdem
2705 4403 2732 4439 a
2780 4390 3057 4465 colloquiis
3096 4387 3211 4465 cum
3250 4387 3580 4465 Radegunvle,
3613 4412 3673 4458 et

2036 4473 2091 4532 Β
2182 4452 2338 4532 cibo,
2407 4454 2643 4532 quamvis
2706 4452 3063 4529 esurientem,
3113 4463 3274 4518 refert
3325 4452 3669 4529 abstinuisse;

2181 4521 2374 4589 Ipsam,
2404 4521 2485 4578 cui
2513 4522 2647 4579 forte
2673 4541 2887 4583 somnus
2908 4521 3234 4602 obrepserat,
3265 4550 3329 4589 ex
3360 4538 3668 4598 hiemalium

2178 4593 2383 4647 dierum
2419 4597 2670 4650 brevitate
2712 4608 2766 4650 et
2793 4593 3089 4666 prolixitaie
3125 4593 3352 4660 noctium
3397 4623 3424 4660 a
3475 4624 3666 4666 somno

2179 4664 2361 4716 nititur
2389 4667 2657 4731 revocare,
2683 4664 2846 4751 latque
2874 4671 3076 4751 ejusex
3111 4675 3285 4751 laetitia
3314 4676 3416 4732 sibi
3454 4664 3668 4751 quoque

2178 4736 2611 4802 tranquillitatem
2646 4736 3176 4814 oboririsignillcauj

2108 4825 2268 4879 Dulce
2293 4825 2454 4880 decus
2483 4827 2743 4893 nostrum,
2771 4830 2964 4886 Christi
2997 4834 3325 4888 sanctissima
3349 4835 3517 4904 virgo,

2176 4917 2373 4984 Agnes,
2404 4931 2520 4984 quae
2551 4920 2755 4972 meritis
2785 4921 3112 4975 immaculata
3139 4937 3340 4977 manes.

2031 5053 2036 5059 .
2104 5006 2189 5060 Sic
2219 5006 2308 5058 tibi
2340 5005 2657 5071 complacuit
2686 5009 2996 5062 hodiernum
3029 5009 3223 5065 ducere
3255 5019 3480 5080 tempus,

2177 5096 2242 5151 Ut
2269 5097 2394 5151 mihi
2421 5097 2731 5167 inexpletam
2759 5098 3116 5156 distribuisses
3141 5115 3319 5170 opem,

2174 5242 2199 5280 ε
2225 5233 2424 5287 Natalis
2448 5233 2560 5287 dies
2588 5233 2836 5315 hie_eral,
2881 5248 2984 5302 quo
3013 5233 3184 5316 Agnes
3214 5235 3436 5316 primum
3479 5235 3536 5316 in
3566 5236 3658 5291 ab.

2101 5303 2349 5356 batissam
2394 5306 2694 5356 monasterii
2751 5317 2946 5387 sanctae
3001 5305 3590 5387 crucisnPictaviensisn
3628 5323 3660 5362 ι

2100 5371 2416 5441 Radegunde
2455 5375 2733 5454 constituta
2789 5373 2995 5454 funerat:
3035 5375 3278 5454 quihdies
3323 5375 3419 5439 (uti
3441 5377 3662 5454 etatis:

2103 5444 2490 5508 adnotavimus)
2539 5445 2892 5496 anniversaria
2921 5444 3266 5506 solemnitate,
3301 5445 3662 5512 quemadmo-

2101 5514 2223 5566 dum
2246 5524 2296 5567 ct
2318 5516 2502 5567 natalis
2532 5517 2915 5583 cpiscopOrum,
2948 5512 3332 5567 celebrabatur.
3353 5589 3355 5596 Α

2171 5582 2196 5665 ’3
2226 5585 2371 5665 MSS”
2399 5582 2590 5665 eme-.1
2631 5661 2640 5665 -
3071 5655 3082 5665 .

2178 5653 2193 5690 ί
2226 5653 2368 5709 Unus
2394 5653 2523 5710 Cod.
2551 5653 2691 5720 \'at.,
2722 5665 2805 5705 vos
2833 5666 3039 5722 corpore
3053 5655 3275 5723 junctus.
3357 5719 3364 5724 η
