3948 6218
169 360 265 414 Μ

165 469 390 534 Pascua,
421 479 567 532 rura,
595 476 803 530 nemus,
828 471 1055 533 segetes,
1083 460 1326 528 viburna,
1348 461 1613 528 salictum,

235 559 447 613 Viribus
475 539 642 621 iratis,
669 571 768 609 una
801 556 982 623 rapina
1006 560 1166 609 tenet.

165 659 197 690 ι
232 648 349 704 Bue
375 647 504 701 mihi
533 645 799 700 commissi
831 621 925 713 per
964 645 1208 712 confraga
1241 657 1508 699 murmura
1551 621 1717 718 pinu,

234 737 262 775 δ
304 737 536 800 Flatibus
567 735 840 790 horrendis
868 736 983 789 laxa
1011 734 1266 790 fremebat
1296 734 1484 789 hiems.

165 831 524 900 Surgebatque
551 827 744 882 cadens
774 843 870 898 per
898 841 1093 896 aquosa
1119 828 1391 882 cacumina
1424 826 1631 895 puppis.

235 921 541 976 Ascendens
563 919 789 988 liquidas
823 928 845 956 ε
876 926 1056 973 monte
1078 931 1296 972 cavante
1325 920 1457 973 vias.

165 1011 286 1080 Quo
308 1018 422 1063 rate
441 1024 693 1078 suspensa
719 1008 875 1064 modo
905 1009 1086 1064 nubila
1118 1019 1274 1063 nauta
1300 1008 1533 1072 tenebat,

238 1099 456 1167 Gurgite
476 1099 733 1153 subducto
760 1113 944 1154 rursus
970 1099 1036 1153 ad
1060 1113 1185 1153 arva
1214 1098 1371 1154 redit.

166 1188 437 1245 Fluctibus
462 1189 686 1255 infestis,
713 1189 882 1259 pelagi
912 1198 1188 1258 spumante
1218 1190 1466 1258 procella,

233 1281 461 1336 Assidue
485 1281 691 1350 rapidas
714 1296 869 1350 prora
898 1282 1110 1338 bibebat
1134 1295 1319 1351 aquas.
1370 1320 1378 1330 .

163 1367 402 1437 Equora
436 1371 739 1425 lambebant
763 1371 973 1424 inimica
1007 1385 1134 1438 pace
1154 1373 1410 1436 carinam,

231 1461 463 1517 Tristius
490 1465 736 1532 amplexu
763 1459 866 1519 nos
887 1466 1127 1531 nocitura
1149 1478 1248 1520 suo

164 1550 268 1608 Sed
298 1567 445 1606 mora
469 1555 608 1609 nulla
638 1563 781 1609 vetat
806 1555 980 1610 varias
1007 1569 1305 1610 memorare
1326 1553 1592 1625 querelas,

235 1639 368 1697 Post
398 1641 675 1697 referenda
702 1644 878 1710 simul,
910 1658 1178 1698 murmura
1206 1643 1366 1698 corde
1397 1653 1534 1711 tego.

169 1731 284 1787 Hoc
308 1732 435 1786 mihi
464 1734 726 1801 praecipue
747 1732 926 1787 divina
953 1733 1183 1802 potentia
1211 1741 1447 1803 praestet.

243 1823 315 1879 Ut
340 1825 446 1879 cito
474 1824 650 1881 felices
677 1840 772 1880 vos
800 1825 1042 1880 revldere
1069 1839 1279 1894 queam.

701 1926 923 1984 CAPUT
958 1927 1192 1983 XXVIII.

656 2020 810 2074 Aliud
832 2020 895 2075 de
919 2021 1096 2074 itinere
1119 2036 1231 2075 suo.

170 2113 399 2186 [Biemis
423 2117 782 2186 asperitatem,
811 2099 930 2186 gelu
959 2132 1022 2168 ar.
1050 2120 1171 2172 nive
1199 2119 1304 2172 late
1330 2117 1505 2171 omnia
1530 2126 1727 2186 tenen-

245 2194 301 2240 te
345 2184 625 2247 describit;
684 2201 748 2238 ac
796 2184 938 2240 illam
991 2188 1091 2240 sibi
1153 2187 1359 2244 itineris
1430 2185 1728 2242 tarditatem

242 2253 513 2324 injecisse,
542 2253 868 2317 subobscure
892 2255 1107 2327 innuit.]

171 2377 378 2436 Passim
408 2381 590 2439 stricta
618 2380 750 2451 riget
777 2381 973 2452 glacies
1000 2393 1248 2440 concreta
1278 2377 1501 2454 pruinis,

241 2468 356 2523 Nec
382 2469 522 2524 levat
547 2470 771 2526 afflictas
800 2473 989 2539 flexilis
1020 2473 1183 2528 herba
1211 2490 1408 2531 comas.

169 2557 341 2616 Terra
366 2559 505 2627 jacet
530 2571 755 2616 crustata
783 2559 902 2631 gelu
931 2565 1031 2619 sub
1057 2567 1256 2621 cortice
1295 2569 1448 2634 duro,

240 2647 414 2703 loliis
440 2658 496 2704 et
513 2646 761 2706 arboreas
787 2652 876 2730 nix
905 2654 1030 2724 tegit
1055 2656 1163 2710 alta
1190 2670 1390 2713 comas.

169 2737 381 2795 Proflua
411 2750 1029 2800 crustatumstruxerunt
1047 2744 1264 2801 flumina
1290 2762 1520 2815 murum,

243 2829 316 2884 Et
339 2830 557 2886 densata
580 2846 791 2902 gravem
818 2836 996 2890 vestiit
1020 2836 1158 2893 unda
1182 2846 1378 2893 cutem.

242 2980 614 3066 Unus.Cod_._
632 2982 774 3048 Vat.,
798 2986 920 3066 Ili-ue
959 2986 1085 3066 mihi
1121 2992 1408 3060 commisso,
1446 2993 1588 3062 quod
1613 3008 1729 3066 seq.

170 3048 318 3119 Edit.
354 3052 542 3119 Paris.,
572 3052 712 3107 Tunc
741 3055 863 3107 mihi
889 3059 1174 3112 conmissa.

240 3117 287 3197 b_
305 3121 459 3197 Alitis
482 3117 636 3197 Cod"
656 3120 934 3197 Flentibus
967 3126 1257 3197 horriferis;
1283 3131 1560 3187 mendose.“
1582 3132 1728 3190 Edit.
1758 3127 1807 3190 C

171 3186 368 3251 Paris"
393 3186 623 3242 Flatibus
645 3192 917 3254 horriﬁcis.

245 3267 270 3295 ⁸
311 3258 453 3310 Edit.
482 3256 673 3321 Paris.,
693 3272 862 3313 ntome
884 3273 1108 3318 vacante.

241 3320 272 3362 ⁸
308 3325 430 3400 _Duo
452 3327 614 3400 Codd.
633 3320 788 3400 AVat"
813 3345 906 3400 nec
923 3334 1151 3400 cupimus
1173 3336 1359 3391 subter.

249 3395 364 3480 siin
395 3397 666 3480 unoculi.
698 3396 817 3454 Vat.
848 3395 1120 3480 Fortunati
1162 3407 1483 3480 carminibus
1506 3424 1736 3480 sequens

172 3475 368 3532 poema
409 3465 724 3537 subtexitur,
746 3469 884 3530 quod
928 3469 1014 3521 blc
1043 3486 1258 3537 repono,
1287 3476 1411 3528 licet
1451 3465 1598 3530 nulla'
1612 3465 1734 3532 ιιι)ιὰ

172 3529 450 3600 appareat,
480 3529 640 3584 fetum
664 3529 832 3600 ipsum
857 3547 972 3590 esse
1000 3529 1294 3594 Fortunati.
1327 3541 1407 3595 En
1432 3543 1558 3598 illud
1582 3529 1600 3597 7:

263 3626 563 3698 Erincipigm
583 3629 698 3698 anni
713 3630 809 3689 jam
826 3633 1211 3698 sa_ncit_tr9picus
1227 3638 1540 3698 Capricornus
1567 3655 1580 3690 :

263 3685 442 3736 Mense
476 3687 642 3738 Numa:
686 3685 734 3740 in
776 3693 935 3742 medio
975 3685 1581 3764 Soli'astati[ils.v,vdistatj
1604 3705 1737 3756 sidus

262 3807 544 3882 Etxsdsni
560 3808 782 3882 Ξυνιιεω
805 3815 854 3882 in
869 3813 1047 3882 μείνειε
1071 3823 1285 3882 tempora
1310 3763 1666 3880 “gmw”
1688 3779 1702 3814 ³

265 3865 486 3932 Respicit
529 3865 666 3934 (Hd,
692 3871 928 3937 Respicis]
966 3865 1334 3947 Aprilesrantesr
1486 3865 1573 3947 ore
1593 3885 1733 3947 μὴ..

464 3991 511 4004 ,γ
649 3995 659 4004 _
727 3994 740 4004 ,
802 4000 811 4004 _
1098 3999 1136 4004 _
1223 3941 1413 4004 [θυι-θ]
1433 3941 1701 3995 Kalendas:

269 3989 436 4060 gaius
451 3991 662 4060 Agenori
679 3994 877 4060 miratur
899 4009 1074 4060 cornua
1098 3989 1259 4051 Tauri.

267 4049 446 4111 {unius
459 4049 671 4111 aquaios
691 4052 813 4103 celo
837 4058 969 4111 videt
989 4059 1062 4106 ire
1086 4049 1276 4110 lacoues
1299 4077 1311 4111 :

267 4109 491 4180 golstitio
512 4107 725 4162 ardentis
742 4113 907 4180 Cancri
931 4107 1027 4166 fert
1048 4107 1211 4170 Julius
1226 4107 1424 4173 astrum.

265 4171 479 4241 gis-gusti
499 4185 722 4241 mensem
743 4174 842 4241 Le_o
862 4177 1073 4241 fervidus
1089 4181 1202 4240 igne
1227 4171 1425 4241 perurit.

267 4230 474 4293 Sidere,
499 4231 668 4296 Virgo,
688 4242 770 4284 tuo
791 4236 1024 4288 Bacchum
1057 4230 1194 4304 υἷε..
1212 4230 1426 4306 Baccbiij
1443 4246 1736 4305 September

1481 4309 1662 4356 onimat
1688 4320 1701 4355 :

267 4349 452 4408 liquat
481 4362 531 4400 et
550 4354 760 4403 October
1339 4369 1344 4390 ί
1461 4307 1542 4367 [0p

270 4412 301 4421 _
433 4413 443 4421 _
519 4413 530 4421 ,
552 4416 576 4421 ,Α
694 4416 701 4421 _
730 4361 1034 4421 _Lsementis
1055 4367 1294 4421 tempore,
1315 4363 1482 4413 lbram
1510 4379 1523 4416 :

267 4393 1571 4490 ῶῑδίιιςῑιῆιῖῑηῑίὲδᾶῖῑῇῑῑξτῖετξῗέἐιῖῦεὲὲῖίςὶιίηι
1612 4441 1710 4490 μω

943 4477 1078 4548 [cepe
1094 4484 1234 4540 jubet
1255 4487 1324 4548 ire
1344 4477 1662 4537 Novembre'm
1693 4477 1705 4538 ξ

265 4529 523 4614 Terminat
542 4533 828 4587 Arcitenens
843 4529 1006 4590 medio
1021 4529 1111 4593 sua
1130 4529 1559 4607 sigiioéc'éuiéii;

247 4634 269 4674 ε
316 4632 433 4687 [loc
474 4648 658 4728 poeun
711 4639 1025 4705 proferimus
1072 4643 1394 4715 descriptum
1436 4663 1502 4704 ex
1547 4659 1727 4710 vetere

550 5709 809 5774 riuo...
856 5683 1262 5778 rjtxxvut.

1319 347 1810 407 MISCELLANEA.
1849 379 1919 399 —.-
1954 348 2084 407 LIB.
2123 349 2211 405 lli.

1742 460 1796 520 Δ
1822 458 1958 515 Mole
1988 473 2082 513 sua
2113 457 2385 513 frenentur
2411 471 2583 525 aquae,
2611 469 2670 511 se
2696 456 2908 526 lympha
2937 453 3131 526 ligavit,
3225 473 3232 506 l

1755 1792 1806 1854 B

1889 551 2050 605 Obice
2079 549 2176 603 sub
2209 551 2420 617 proprio
2444 547 2526 602 vis
2553 546 2654 601 sibi
2683 547 2883 616 praebet
2910 548 3029 600 iter.
3103 587 3106 590 .

1821 640 2146 696 Fluminibus
2175 640 2360 695 mediis
2382 649 2502 695 nata
2529 649 2609 694 est
2635 637 2936 708 crystallina
2966 639 3101 707 ripa,

1893 733 1918 770 ἀ
1959 734 2067 789 Nec
2091 738 2322 804 capimus
2350 735 2552 800 subter,
2578 748 2676 786 nec
2704 731 2969 800 superitur
2995 731 3117 786 iter.

1821 826 2077 894 Asperius
2106 826 2296 878 tumuit
2324 825 2544 894 glacies,
2574 823 2833 892 Aquilone
2864 821 3124 876 fremente
3157 839 3170 872 :

1893 915 1989 970 Cui
2015 917 2158 972 dabit
2189 917 2277 971 illa
2311 916 2471 979 viam,
2495 931 2610 985 quae
2648 916 2762 984 sibi,
2782 921 3000 985 pugnat,
3024 927 3160 983 aqua
3185 922 3208 950 ο

2383 1025 2609 1083 CAPUT
2646 1025 2837 1080 XXIX.

1827 1141 2169 1211 [Fortunatus
2217 1153 2310 1206 pro
2333 1153 2398 1193 eo
2427 1141 2515 1207 qui
2555 1152 2612 1193 se
2641 1149 2940 1192 sacraverat
2968 1146 3087 1191 vota
3117 1137 3258 1204 facit,
3290 1145 3401 1211 usq

1894 1226 1996 1264 non
2053 1225 2146 1276 pro
2193 1225 2350 1278 rege;
2385 1206 2541 1276 atQue
2593 1223 2694 1262 una
2732 1214 3041 1278 _przesentes
3077 1220 3290 1263 sorores
3315 1206 3386 1265 ad

1894 1275 2078 1336 eadem
2104 1289 2222 1334 vota
2252 1275 2488 1334 facienda
2519 1275 2752 1347 invitat.]
2954 1283 2964 1292 '

1829 1390 1851 1432 ε
1897 1430 1910 1445 .
1947 1433 1959 1446 .
1994 1433 2009 1447 .
2043 1430 2058 1446 .
2094 1431 2108 1445 .
2144 1431 2159 1446 .
2194 1429 2209 1445 .
2242 1404 2338 1446 nos
2365 1391 2453 1460 qui
2475 1390 2618 1445 dedit
2645 1405 2764 1447 esse
2791 1402 3050 1460 sacratos,

1901 1480 2050 1535 Vivat
2072 1492 2126 1537 et
2155 1482 2264 1549 ipse
2291 1496 2472 1543 sacer;
2505 1480 2693 1549 dieque
2717 1482 2928 1536 sinistra
2954 1481 3138 1560 soror.

1753 1580 1756 1584 ’
1825 1586 1939 1628 Lux
1969 1582 2075 1637 tua,
2103 1572 2366 1636 Salvator;
2397 1569 2486 1624 tali
2512 1584 2612 1637 pro
2633 1585 2852 1624 munere
2878 1572 3073 1640 cingat,

1893 1659 2002 1714 Nos
2027 1660 2116 1714 tibi
2145 1660 2230 1728 qui
2258 1659 2471 1724 statuit;
2501 1656 2679 1726 quinta
2702 1658 2824 1727 quid
2851 1657 2976 1713 inde
2995 1659 3175 1714 taces?

1829 1749 2032 1807 Lumen
2060 1749 2406 1804 inextinctum
2438 1750 2534 1812 sis,
2565 1763 2656 1803 res
2689 1749 2850 1817 bone,
2871 1763 3105 1818 semper,
3127 1755 3185 1803 ut
3206 1755 3354 1819 opto,

1901 1844 2028 1899 Haec
2056 1851 2106 1897 te
2135 1857 2297 1912 parva
2326 1841 2450 1898 licet
2478 1848 2598 1895 vota
2629 1850 3090 1912 monere'queaul.

1830 1935 2027 1992 Ordine
2057 1935 2290 1991 Lucifluo
2310 1933 2524 2004 dignum
2553 1948 2704 2002 cape,
2739 1933 2925 1996 victor;
2954 1934 3211 1988 honorem
3235 1949 3251 1988 :

1901 2027 2026 2078 llaec
2045 2016 2252 2093 egoqui
2279 2033 2306 2070 α
2335 2023 2508 2076 media
2536 2039 2548 2074 :
2571 2022 2738 2077 subde
2762 2022 2994 2079 secunda
3014 2037 3264 2092 sequens.

1831 2116 2089 2172 Omnibus
2117 2115 2166 2168 in
2200 2112 2403 2181 populis
2433 2124 2624 2167 nomen
2647 2097 2758 2166 sibi
2771 2111 3004 2166 vindicet
3027 2113 3229 2168 almum

1903 2207 2102 2275 Largus
2130 2213 2182 2260 et
2205 2204 2288 2258 hic
2310 2203 2461 2257 dator
2485 2219 2500 2256 :
2533 2201 2657 2271 quid
2687 2201 2844 2255 modo
2873 2208 3056 2271 quarta
3077 2200 3236 2258 siles?

1831 2299 2097 2367 Perpetuo
2123 2297 2319 2352 Christi
2347 2296 2562 2364 dignum
2593 2302 2800 2349 tueatur
2819 2308 3056 2350 amorem
3165 2277 3170 2283 ”

1910 2389 2012 2445 iste
2044 2389 2132 2442 Dei
2161 2388 2331 2443 cultor
2355 2406 2366 2439 :
2390 2387 2569 2441 ultima
2597 2385 2783 2440 dextra
2807 2382 2967 2440 refer.

1832 2480 2168 2552 Magnificum
2200 2493 2378 2547 regem
2410 2486 2501 2532 tua
2531 2493 2652 2532 nam
2685 2479 2882 2533 virtute
2901 2492 3115 2544 corona,

1907 2572 1986 2626 Te
2014 2584 2218 2639 precor,
2251 2570 2393 2624 celse
2422 2569 2560 2638 Deus
2585 2586 2598 2621 :
2621 2570 2846 2637 septima
2871 2571 3051 2639 sicque
3079 2571 3236 2641 petis.

1834 2665 1983 2722 Atris
2012 2663 2246 2730 expulsis
2272 2670 2458 2716 nostro
2485 2662 2552 2716 de
2576 2661 2737 2716 corde
2766 2660 2998 2716 tenebris

1904 2755 2124 2823 Semper
2148 2752 2438 2809 inextincta
2488 2753 2656 2811 simus
2690 2752 2977 2824 splendore
3006 2754 3232 2811 corusci.

1835 2991 2164 3055 membrana,
2183 2991 2388 3045 adnexa
2413 2988 2502 3043 uni
2533 3003 2564 3044 e
2592 2987 2761 3043 Codd.
2792 2988 3129 3043 bibliotheca
3154 2989 3273 3044 Vat.
3293 3028 3312 3054 ,
3339 2990 3395 3047 in

1836 3077 1938 3132 qua
1967 3072 2020 3116 et
2048 3077 2261 3117 carmen
2301 3061 2370 3115 de
2396 3060 2451 3114 S.
2479 3057 2648 3132 Cruce
2670 3058 2874 3132 ,_quod
2919 3059 3100 3132 incipit
3123 3078 3159 3132 :_
3195 3057 3398 3132 Vexilus

1835 3126 1966 3199 regis
1990 3171 2006 3194 ,
2029 3142 2134 3184 etc.
2155 3170 2171 3193 ,
2197 3141 2250 3183 et
2291 3129 2541 3199 nonnulla
2569 3128 2671 3199 alia
2702 3126 3396 3199 Fortunati‘carminaLsive

1838 3195 2012 3268 potius
2031 3213 2213 3268 eorum
2237 3210 2410 3268 partes
2432 3197 2617 3268 lacerae
2639 3195 2898 3268 leguntur.
2928 3195 3062 3268 illud
3087 3212 3212 3250 vero
3246 3196 3394 3268 Fort.

1838 3263 1975 3332 esse,
2008 3263 2248 3337 quamvis
2269 3267 2451 3337 titulus
2473 3279 2576 3337 non
2603 3263 2800 3318 indicet
2819 3305 2834 3329 ,
2855 3263 2943 3337 qui
2971 3264 3123 3320 abest
3149 3279 3308 3337 aeque
3327 3265 3394 3337 ab

1838 3335 2082 3394 omnibus
2121 3351 2240 3405 quae
2264 3335 2348 3389 illa
2392 3335 2696 3405 membrana
2728 3335 3065 3405 ccutineutur
3093 3375 3107 3399 ,
3149 3335 3399 3390 carmini-

1837 3407 1960 3472 bus,
1991 3408 2119 3460 satis
2143 3403 2382 3472 ostendit
2405 3413 2459 3456 et
2483 3403 2649 3470 stylus
2675 3405 2918 3472 proprius
2944 3404 3090 3455 Fort.
3122 3405 3315 3472 ipsius,
3341 3414 3397 3460 et

1836 3470 2036 3530 mentio
2059 3488 2314 3536 sororum,
2343 3471 2456 3540 sive
2476 3470 2951 3537 sanctimonialium
2975 3472 3109 3523 facta
3127 3470 3237 3535 ,‘ad
3264 3489 3395 3540 quas

1837 3556 2015 3598 sermo
2043 3540 2216 3596 omnis
2241 3539 2482 3607 dirigitur
2507 3556 2518 3590 :
2551 3547 2606 3593 et
2624 3547 2747 3608 yota
2779 3553 2876 3606 pro
2903 3553 3025 3607 rege
3049 3556 3063 3602 ;
3094 3540 3231 3608 quod
3263 3542 3396 3596 alias

1837 3620 2075 3668 solemne
2117 3605 2408 3665 Fortunaio
2449 3608 2561 3662 fuit.
2611 3605 2908 3662 Obscurum
2943 3605 3068 3663 vero
3090 3605 3185 3668 [et
3223 3611 3395 3664 incer-

1839 3690 1951 3737 tum
1984 3682 2200 3747 hujusce
2216 3678 2468 3748 poematis
2482 3687 2850 3748 argumentum
2872 3687 2975 3732 est.
3005 3678 3060 3732 Si
3083 3680 3392 3734 iicettameu

1758 3767 1762 3777 '
1839 3752 2032 3821 aliquid
2047 3750 2330 3819 conjicere,
2347 3749 2471 3821 mihi
2496 3747 2622 3802 illud
2638 3761 2702 3802 es
2723 3749 3168 3821 temporedictum
3192 3751 3395 3821 videtur

1838 3821 1896 3878 in
1923 3818 2180 3874 conventu
2218 3818 2522 3872 monialium
2571 3819 2873 3872 monasterii
2918 3819 2976 3872 S.
3001 3818 3182 3873 Crucis
3223 3818 3397 3874 Picta-

1837 3892 2052 3953 viensis,
2085 3890 2216 3944 forte
2240 3903 2306 3943 eo
2334 3889 2420 3940 die
2444 3901 2547 3954 quo
2577 3888 2688 3953 ipse
2714 3887 2965 3941 sacerdos
2996 3887 3227 3941 initiatus
3245 3931 3259 3953 ,
3305 3897 3396 3944 aut

1840 3961 1998 4014 etiam
2023 3962 2301 4027 episcopus
2328 3956 2672 4010 Pictaviensis
2711 3958 3052 4027 inauguratus
3084 3957 3201 4009 fuit.
3259 3959 3391 4014 lliuc

1837 4032 2033 4084 etenim
2061 4025 2196 4081 'vma
2227 4026 2352 4086 facit
2399 4041 2494 4094 pro
2539 4037 2604 4077 eo
2643 4025 2732 4093 qui
2753 4043 2804 4080 se
2832 4036 3113 4081 sacraverat
3137 4066 3153 4090 ,
3194 4040 3257 4080 ac
3287 4027 3398 4082 Deo

1837 4107 2122 4160 statuerat;
2178 4110 2275 4150 nec
2318 4111 2424 4149 non
2465 4110 2558 4164 pro
2588 4108 2709 4160 rege
2733 4135 2748 4157 ,
2777 4095 2932 4164 cujus
2978 4111 3138 4162 opera
3172 4096 3396 4152 fortasse

1838 4167 1986 4246 illum
2011 4166 2228 4220 honoris
2248 4165 2467 4246 gradum
2512 4166 2910 4246 conscenderat.
2954 4164 3245 4218 Dolcndum
3271 4180 3398 4246 sane

1838 4238 2006 4303 prima
2041 4233 2298 4303 poematis
2324 4235 2482 4303 verb_a
2515 4233 2588 4286 ita
2613 4233 2767 4303 longo
2817 4249 2911 4286 usu
2945 4248 3006 4286 ac
3038 4245 3297 4290 vetustate
3341 4235 3393 4291 in

1839 4289 1936 4375 ins.
1966 4289 2154 4375 defrita
2185 4317 2303 4356 esse
2325 4342 2342 4368 ,
2371 4289 2555 4375 u_t'hec
2598 4289 2784 4375 eorum
2817 4289 3394 4375 vestigia_appareantt

1840 4388 1870 4428 ι
1896 4372 2083 4442 Quibus
2129 4373 2350 4427 fortasse
2399 4373 2574 4425 lumen
2625 4373 2719 4442 tuti
2753 4373 2978 4442 poemati
3006 4372 3389 4427 effunderetur.

1711 4455 1737 4466 "
1764 4455 1816 4514 υ
1840 4440 1932 4514 illa
1945 4445 2156 4514 _quippe
2182 4440 2774 4514 videnturespressisse
2798 4441 2912 4507 ejus
2952 4455 3141 4495 notnen
3163 4484 3177 4507 ,
3201 4444 3267 4514 de
3289 4459 3394 4509 quo

1825 4513 1913 4564 ait
1943 4508 2447 4574 Fortu‘natus,.quod
2473 4524 2526 4561 se
2550 4509 2755 4561 dederat
2784 4527 2889 4564 esse
2913 4520 3189 4565 sacratum.
3224 4508 3395 4576 Attius

1839 4581 1953 4636 haec
1978 4596 2043 4634 ex
2065 4594 2179 4634 mea
2206 4579 2510 4644 conjectura
2537 4577 2820 4647 protulisse
2847 4577 3095 4632 sufﬁciat.

1909 4661 1933 4700 κ
1969 4649 2126 4708 Forte
2142 4689 2158 4717 ,
2189 4647 2410 4706 Medius.

2969 5719 3042 5782 13
