3948 6218
163 459 295 517 355
411 462 657 533 Postjter
679 460 968 531 arripiens,
993 460 1248 517 comitatu
1270 461 1543 533 relligiosa

326 552 605 621 Exsequiis
624 553 800 607 subito
817 552 1104 621 gentilibus
1132 553 1321 610 obvius
1346 556 1477 622 exit,

335 644 471 698 Dum
506 652 655 713 putat
685 642 961 699 inde'vehi
986 643 1131 698 cultu
1162 644 1450 699 simulacra
1482 648 1725 715 profano,

332 735 513 807 Pingit
542 736 595 791 in
623 736 875 793 adversos
901 736 1109 806 signum
1126 738 1332 804 crucis,
1356 737 1443 792 illa
1469 740 1703 794 cucurrit

337 822 478 881 Ante
508 824 699 890 virum,
733 836 831 883 sua
857 826 997 881 bella
1029 841 1241 897 gerens,
1264 827 1485 897 pietatis
1510 828 1699 882 amica.

170 910 297 980 240
336 915 500 972 Obvia
534 917 684 971 turba
712 919 843 987 riget
869 932 1161 987 gressuque
1182 918 1448 988 extorpuit
1475 932 1639 989 aegro,

334 1009 512 1077 Atque
549 1008 769 1066 immota
810 1009 999 1079 gradu,
1030 1010 1288 1079 vertigine
1321 1017 1471 1078 rapta
1502 1015 1726 1074 rotatur,

330 1099 563 1160 Additur
591 1100 721 1157 illud
742 1113 902 1165 ortus,
935 1099 1206 1169 deponunt
1233 1099 1369 1155 colla
1399 1099 1644 1164 cadaver,

324 1190 442 1244 .blec
455 1189 568 1260 jam
590 1189 729 1245 ferre
747 1189 942 1256 salem,
960 1202 1011 1246 et
1033 1204 1176 1245 mors
1196 1189 1249 1244 in
1270 1188 1510 1259 pondere
1532 1188 1745 1252 crescit,

338 1280 486 1337 Tunc
496 1296 648 1337 sacer
667 1282 952 1350 inSpiciens
967 1297 1100 1351 opus
1116 1284 1224 1337 hoc
1249 1297 1366 1337 esse
1381 1280 1772 1349 exsequiarum,

180 1370 304 1427 2&5
338 1371 507 1430 Iussit
524 1373 671 1428 abire
694 1374 895 1441 procul,
917 1372 1094 1441 digitis
1107 1371 1281 1427 crucis
1300 1370 1774 1441 armarepingens,

338 1465 493 1523 Unde
518 1468 699 1536 ligavit
722 1467 850 1533 iter,
880 1468 1159 1523 miseratus
1184 1474 1238 1521 et
1270 1465 1392 1520 inde
1422 1464 1658 1530 resolvit,

349 1555 459 1610 Una
487 1557 780 1627 eademque
803 1572 967 1613 manu
994 1558 1239 1612 mandata
1266 1574 1361 1626 per
1384 1571 1508 1612 aera
1536 1555 1770 1621 mittens,

333 1645 449 1701 Hoc
476 1649 667 1702 mirum
699 1648 893 1705 faciens
922 1649 989 1703 de
1017 1648 1319 1716 suSpicione
1347 1648 1623 1703 sacerdos.

414 1742 664 1797 Protinus
693 1744 964 1813 antiquum
992 1743 1208 1813 cupiens
1242 1757 1465 1799 exorere
1488 1742 1689 1806 fanum,

187 1832 311 1890 250
346 1830 512 1888 Iussit
538 1843 593 1888 et
618 1833 867 1889 aeoliuem
887 1835 1112 1903 propius
1137 1834 1411 1890 succidere
1442 1835 1643 1903 pinum.

342 1921 506 1979 Obvia
535 1926 875 1995 congreditur
901 1925 987 1981 cui
1004 1927 1205 1981 rustica
1236 1924 1419 1980 concio
1447 1940 1651 1995 pugnax
1676 1914 1679 1917 ’

336 2011 419 2078 ,Νε
440 2008 740 2070 succidatur
769 2030 854 2071 res
880 2025 1002 2071 nata
1030 2024 1085 2071 et
1113 2016 1288 2091 debita
1315 2015 1575 2079 ﬂammis;
1678 2002 1683 2007 ’

342 2102 573 2161 Proinde
602 2109 935 2174 paciscuntur
961 2106 1059 2163 hac
1078 2106 1194 2176 lege
1218 2106 1464 2161 excidere
1493 2106 1695 2175 pluunt,

340 2193 398 2250 Si
432 2194 681 2252 Martinus
701 2211 817 2252 eam
850 2196 1270 2253 valeatretinere
1289 2206 1552 2261 ruentem,

188 2282 311 2345 355
352 2286 552 2343 Annuit
564 2287 663 2344 hoc
679 2289 922 2359 populus,
941 2290 1046 2345 hoc
1062 2290 1287 2359 spondet
1299 2298 1487 2360 sponte
1509 2288 1798 2344 sacerdos..

344 2375 517 2432 Mollia
543 2378 1037 2450 subduntur-rigido
1058 2380 1159 2436 sub
1186 2380 1365 2447 stipite
1392 2379 1650 2443 membra,

344 2464 411 2519 Et
432 2475 765 2533 euspectatur
786 2468 892 2534 pini
923 2470 1147 2536 peritura
1172 2472 1346 2526 ruina.
1451 2456 1459 2465 ’

346 2554 555 2611 Interea
585 2557 781 2626 rapidis
809 2566 963 2613 sonat
1004 2561 1105 2614 icta
1136 2562 1454 2629 bipennibus
1479 2563 1660 2629 arbor,

351 2648 526 2717 Atque
556 2648 999 2718 subincrepitans,
1029 2663 1235 2717 casura,
1262 2651 1536 2721 cacumine
1564 2658 1733 2706 nutat.

426 2738 679 2795 Paulatim
702 2740 962 2795 inclinans
974 2740 1084 2809 jam
1105 2742 1241 2797 victa
1257 2756 1445 2798 secure
1466 2744 1674 2808 ruebat,

347 2830 569 2889 Turbati
600 2834 846 2888 monachi
872 2842 1117 2903 spectant
1145 2844 1383 2890 extrema
1412 2836 1671 2905 magistri,

349 2920 644 2978 Credentes
678 2924 840 2978 ramis
872 2924 1179 2995 transﬁgere
1208 2926 1409 2981 viscera
1431 2925 1579 2995 justi.

354 3013 453 3068 Nir
480 3023 657 3071 tamen
688 3014 979 3083 intrepidus
1007 3026 1227 3085 perstat,
1244 3019 1485 3087 -pinoque
1510 3002 1717 3074 cadettti

346 3096 553 3157 Obtulit
564 3119 709 3159 arula
724 3106 915 3169 crucis,
933 3106 1205 3162 cumulans
1214 3123 1308 3164 sua
1323 3108 1458 3165 bella
1474 3108 1773 3179 triumphis.

200 3189 314 3247 265
355 3193 613 3249 Extimuit
632 3196 852 3265 fugitiva
882 3198 1053 3252 virum
1086 3200 1406 3268 repedabilis
1433 3199 1612 3268 arbor,

354 3285 423 3341 Et
451 3285 650 3341 ruitura
680 3288 862 3357 procul
891 3290 1164 3358 suspendit
1189 3290 1243 3346 in
1271 3304 1393 3346 aera
1412 3291 1648 3361 lapsum,

195 2736 315 2795 260

350 3380 651 3446 Excutiens,
674 3393 818 3438 retro
835 3399 979 3439 versa
990 3399 1219 3453 ,comas,
1238 3386 1354 3441 sine
1367 3400 1515 3441 more
1527 3384 1784 3441 caducum

356 3468 632 3525 Continuit
656 3474 848 3526 saltum
877 3488 997 3528 sese
1020 3490 1119 3542 per
1140 3477 1322 3529 inania
1351 3476 1565 3529 librans.

354 3558 550 3613 Contra
580 3572 819 3616 naturam
846 3562 1071 3627 succisa,
1096 3570 1153 3617 et
1174 3576 1331 3618 curva
1348 3577 1672 3633 repugnans,

197 3645 317 3706 270
356 3647 474 3703 κω
502 3651 633 3718 petit
654 3650 785 3706 illud
800 3652 1131 3721 iterquenon
1148 3668 1240 3708 sua
1260 3655 1494 3725 pondera
1511 3662 1775 3726 torquent.

352 3738 497 3807 Ilich
516 3740 581 3795 ad
609 3741 864 3796 ruricolas
894 3743 1309 3815 vertigoinfesta
1332 3755 1552 3813 rotatur,

358 3829 431 3907 In.
446 3842 680 3889 montem
708 3834 957 3890 exsiliens
976 3834 1174 3891 ainde:
1198 3847 1264 3892 nt
1297 3838 1476 3909 puniat
1494 3840 1703 3909 hostes,

360 3922 578 3995 Resque
600 3936 785 3995 parata
812 3929 935 3983 neci
964 3927 1229 3983 luit—ultro
1254 3928 1390 3985 facta
1413 3932 1595 3986 saluti.

357 4015 443 4071 Fit
467 4017 717 4085 iragorin
742 4026 943 4084 pontes,
971 4018 1213 4071 monachi
1229 4034 1330 4086 per
1352 4020 1536 4088 gaudia
1560 4019 1773 4087 deﬂent,

358 4105 592 4161 Gentiles
612 4107 956 4176 stupidinova
970 4109 1342 4178 permiracula
1365 4109 1581 4178 pallent,

358 4196 566 4253 Iudicio
592 4198 717 4269 ligni
744 4210 825 4254 est
848 4199 1114 4255 hominum
1132 4200 1341 4254 mollita
1364 4201 1629 4255 voluntas.

356 4290 574 4362 Expetit
599 4307 741 4346 arma
760 4292 937 4346 crucis
960 4307 1234 4357 convena,
1253 4291 1667 4361 -errore~relicto,

363 4383 431 4437 Et
452 4385 608 4437 timor
637 4382 719 4435 hic
745 4380 851 4449 pini
882 4380 1157 4435 Martinam
1177 4381 1525 4449 fecit‘amari,

275 4538 279 4542 ν
362 4472 611 4542 Majorem
636 4487 902 4543 generans
924 4473 1171 4540 fructum,
1196 4489 1315 4528 cum
1344 4474 1541 4529 decidit
1568 4450 1746 4531 arbor.
1800 4497 1856 4559 1)

212 4567 325 4624 280
433 4567 563 4622 Hinc
583 4567 732 4637 jubet
753 4568 967 4623 alterius
989 4568 1309 4624 succendere
1329 4568 1557 4623 culmina
1580 4567 1710 4637 fani,

344 4706 347 4709 η
367 4662 704 4731 “citumque
723 4662 935 4719 domum
955 4678 1075 4717 cum
1088 4665 1332 4721 ﬂammea
1354 4664 1525 4735 lingua
1546 4675 1779 4735 voraret,

292 4780 421 4838 236.
435 4778 689 4838 Martinus
710 4778 963 4833 videlicet
991 4780 1090 4833 iter
1117 4780 1478 4846 faciens,'cum
1507 4781 1779 4839 funebrem

221 4849 686 4921 pompameminus
698 4858 1005 4921 spectasset.
1020 4864 1079 4903 ac
1096 4850 1397 4921 linteamina
1422 4853 1665 4907 cadaveri
1680 4852 1783 4907 im-

296 4918 417 4989 sita,
436 4918 775 4976 ventontﬂata
788 4920 1148 4991 acvolitantia,
1165 4920 1411 4975 illamsibi
1426 4925 1782 4991 suspicionem

247 4992 531 5061 pjecissent
576 4992 714 5057 quod
760 4990 1077 5047 sacrificium
1104 4991 1390 5061 gentilium
1435 4990 1698 5059 ageretur,
1731 4995 1784 5057 in

222 5056 331 5130 quo
364 5056 664 5125 simulacra,
705 5061 944 5115 candidis
972 5056 1146 5115 linteis
1197 5061 1425 5126 obtecta,
1454 5056 1785 5121 circumferri

225 5131 485 5198 solebant,
510 5130 649 5185 facto
672 5130 847 5183 crucis
873 5132 1044 5198 signo,
1075 5131 1283 5187 turbam
1315 5132 1456 5184 illam
1486 5131 1784 5188 consistere

220 5196 401 5271 jussit,
431 5196 536 5271 quo
583 5200 754 5271 eidem
790 5196 988 5267 vertigo
1016 5212 1080 5255 .et
1104 5210 1309 5255 artuum
1340 5201 1479 5268 rigor
1513 5200 1784 5257 immissus

225 5278 325 5340 est.
354 5269 485 5324 Cum
515 5284 687 5326 autem
720 5270 874 5327 funus
916 5284 1035 5340 esse
1064 5271 1185 5324 illud
1210 5273 1577 5339 comperisset,
1603 5286 1784 5328 rursus

227 5338 565 5412 IactoAcrucis
588 5344 759 5412 signo,
790 5338 1029 5394 eamdem
1062 5340 1299 5403 liberavit
1324 5338 1383 5395 ac
1403 5340 1623 5395 dimisit.

295 5408 418 5481 git).
452 5410 547 5481 Ed.
581 5408 735 5475 van”
760 5426 1024 5481 gressuque
1052 5413 1301 5480 tuorpu'it
1324 5426 1477 5479 aegra.

294 5476 422 5531 249.
454 5480 563 5534 Hoc
595 5476 777 5535 fanum'
818 5476 1070 5549 dirutum,
1120 5476 1222 5539 non
1251 5476 1519 5545 incensum
1578 5492 1610 5533 a
1645 5480 1786 5537 Mar-

228 5551 354 5614 tino,
382 5560 561 5620 narrat
585 5549 863 5620 Sulpicius.
1074 5610 1077 5617 η

297 5620 421 5676 271.
468 5616 759 5695 Ιζῃνὶερίὲῃ.
809 5624 1045 5695 Paganos
1086 5624 1305 5688 scilicet,
1350 5624 1439 5693 qui
1466 5622 1695 5695 adversa
1720 5638 1785 5679 ex

229 5701 399 5767 parte,
449 5687 593 5745 edito
639 5692 691 5744 in
732 5687 1247 5767 lo_co,_~tauquamin
1274 5687 1389 5749 tuto
1410 5693 1781 5767 constiterant,

228 5761 471 5825 eventum
513 5763 796 5833 spectaturi
831 5761 925 5822 :in
962 5761 1104 5834 quos
1129 5763 1310 5835 arbor,
1356 5764 1516 5822 veluti
1564 5764 1784 5835 abrepta

1178 344 1267 401 DE
1308 343 1468 401 Vl'I'A
1505 344 1751 403 SANC'I‘I
1788 343 2097 403 MARTINI.
2129 360 2206 389 '--
2246 345 2377 403 LIB.
2416 347 2461 403 ἰ.

1785 463 1844 528 Δ

3260 332 3431 401 ἐκ

2010 462 2226 518 Viribus
2254 463 2413 518 ardor
2441 476 2624 531 agens,
2658 462 2783 516 totis
2811 460 3015 515 laxatus
3043 456 3279 522 habenis,

2006 557 2205 613 Obvius
2246 558 2359 627 ipse
2390 556 2551 624 volat,
2584 571 2683 624 qua
2715 566 2840 610 tunc
2868 554 3053 628 globus
3085 540 3269 623 igneus
3294 550 3422 614 ibat,

2007 648 2277 704 Scandens
2301 657 2433 704 tecta
2450 651 2668 715 domus;
2693 646 2777 701 hic
2798 645 2955 701 verba
2976 644 3240 713 precantia
3254 642 3430 715 mittit,

1806 818 1809 821 _
1867 738 1972 797 285
2012 742 2128 796 Mox
2150 749 2257 796 tota
2283 742 2337 796 in
2362 751 2545 797 ventos
2569 742 2803 795 revoluta
2831 736 3074 794 incendia
3100 736 3325 821 fervent,

2008 832 2079 886 Et
2106 844 2286 889 contra
2318 833 2537 888 Boream
2565 832 2848 887 Vulcanius
2875 830 3031 885 ardor
3055 819 3307 885 auhelat.‘

2008 922 2281 982 Seditione
2308 934 2521 981 movent
2545 926 2810 981 elementa
2831 922 3132 995 domestica
3160 918 3322 989 rixas,

2014 1012 2265 1067 Adversis
2287 1014 2545 1084 Zephyris
2575 1015 2755 1069 videas
2786 1029 3018 1084 pugnare
3048 1013 3272 1081 favillas,

2008 1103 2320 1159 Hinc'furor
2349 1106 2593 1159 australis
2624 1105 2831 1175 premit,
2868 1104 3003 1159 hinc
3033 1104 3306 1158 velocibus
3333 1102 3434 1156 alis

1874 1188 1976 1248 190
2013 1191 2246 1247 Flamma
2267 1194 2450 1247 volans
2470 1193 2681 1249 borinas
2702 1191 2976 1248 muniebat
2999 1193 3049 1246 in
3069 1206 3191 1247 aera
3215 1202 3433 1259 pennas,

2015 1282 2290 1340 Oblectata
2316 1285 2427 1350 diu,
2462 1285 2776 1353 tandemque
2800 1283 2969 1339 evicta
3009 1297 3099 1353 per
3125 1295 3297 1344 auras,

2016 1375 2158 1444 Quas
2186 1392 2396 1432 armare
2423 1377 2617 1443 solent,
2644 1377 2905 1445 fugiebant
2931 1373 3427 1435 ﬂamina-ﬂammas,

2016 1465 2491 1523 Conditione-nova
2522 1469 2651 1523 satis
2681 1469 2795 1524 haec
2819 1482 2905 1524 res
2931 1468 3064 1522 mira
3096 1482 3188 1536 per
3232 1464 3433 1520 orbem.

2022 1558 2208 1615 Flabra
2243 1562 2424 1615 timent
2452 1563 2647 1629 ignem,
2679 1562 2827 1616 timet
2856 1562 2989 1631 ignis
3020 1562 3154 1630 ligna
3183 1573 3386 1624 vorare,

1876 1643 1983 1705 295
2020 1650 2189 1721 Atque
2211 1650 2377 1705 avida:
2401 1652 2623 1706 llammze
2646 1667 2740 1706 sua
2763 1652 3083 1706 nutrimenta
3123 1656 3439 1718 pavescunt;

2023 1738 2390 1813 Paulatimque
2422 1744 2524 1799 foci
2548 1760 2607 1799 se
2635 1744 2881 1815 languida
2898 1743 3078 1813 lingua
3105 1742 3363 1810 resorbet,

2024 1832 2196 1889 Urere
2222 1835 2310 1903 ‘qui
2334 1836 2490 1901 solet,
2520 1849 2550 1889 a
2576 1851 2635 1890 se
2660 1835 2775 1905 ipso
2804 1835 3131 1890 consumitur
3158 1833 3292 1903 ignis
3323 1850 3335 1885 :

2020 1925 2344 1998 ‘Martinique
2373 1928 2504 1982 tich
2533 1929 2647 1983 sine
2678 1928 2905 1983 nubibus
2936 1926 3111 1981 intulit
3134 1926 3347 1980 imbres.

2020 2016 2224 2072 Rursus
2247 2026 2303 2072 ut
2318 2017 2437 2072 hinc
2455 2002 2593 2072 aliud
2616 2029 2825 2087 cureret
2845 2019 3149 2095 subter-tere
3171 2016 3442 2087 templum,

1884 2108 1985 2166 500
2014 2108 2231 2164 Rustica
2254 2110 2404 2165 turba
2425 2118 2568 2165 vetat
2590 2110 2767 2165 divelli
2798 2109 2916 2164 fana
2941 2109 3151 2178 profana
3178 2126 3192 2162 :

2031 2199 2184 2256 Unde
2216 2201 2459 2271 repulsus
2487 2202 2598 2256 adit
2624 2201 2739 2256 loca
2770 2201 3030 2271 proxima,
3068 2202 3160 2255 sed
3194 2199 3419 2254 biduano

2030 2287 2315 2348 Conteclus
2347 2294 2545 2359 cinere,
2576 2300 2627 2347 et
2656 2294 2783 2347 setis
2810 2290 3002 2361 jejunis
3031 2288 3253 2361 ducens,

2024 2385 2269 2441 Numinis
2305 2384 2557 2462 auxilium
2588 2384 2655 2439 ad
2687 2383 2881 2454 templa
2922 2380 3281 2437 imminuenda
3320 2391 3442 2448 pre-

2904 2526 2911 2530 .
3252 2470 3443 2543 [catur.

2022 2566 2228 2621 Militiae
2255 2567 2511 2634 angelicae
2536 2582 2715 2622 coram
2743 2566 2849 2621 duo
2871 2564 3119 2643 protinus
3148 2563 3357 2628 adsunt,

1884 2651 1988 2706 505
2024 2650 2229 2706 Siderei
2251 2662 2521 2720 proceres,
2557 2653 2739 2707 hastas
2766 2662 2820 2707 et
2850 2662 2995 2706 scuta
3030 2662 3295 2716 tenentes,

2016 2739 2277 2795 Cominus
2293 2741 2377 2796 hic
2391 2750 2628 2796 sanctum
2642 2731 2960 2810 compeilant
2978 2741 3192 2799 vocibus
3208 2741 3367 2794 ultro:

2020 2831 2317 2900 Prmsidiis,
2349 2832 2589 2900 Martiae,
2623 2830 2723 2887 tuis
2751 2830 3045 2886 delabimur
3069 2830 3245 2895 astris,

2029 2926 2334 2995 Squallidus
2356 2926 2469 2996 ipse
2496 2926 2673 2992 sedes,
2702 2924 2795 2981 sed
2817 2924 2873 2979 lit
2899 2934 2984 2980 tua
3005 2938 3129 2979 cura
3152 2921 3402 2977 Tonantis
3423 2938 3439 2982 :

2026 3016 2530 3088 Sudragiisquetuis
2560 3018 2677 3073 coeli
2711 3016 2885 3072 fremit
2926 3016 3118 3091 arduus
3145 3012 3279 3081 axis,

1885 3107 1989 3165 510
2022 3108 2251 3179 Belliger
2270 3121 2325 3166 et
2348 3110 2469 3164 totis
2489 3107 3033 3179 conspirat'Olympus
3056 3107 3107 3161 in
3130 3106 3311 3172 armis,
3349 3152 3353 3158 .

2031 3199 2100 3257 Ut
2127 3210 2296 3271 empta
2333 3202 2547 3265 ellicias,
2572 3216 2666 3271 per
2694 3214 2791 3256 nos
2817 3199 2910 3254 tibi
2942 3198 3129 3254 militat
3153 3196 3336 3263 aether,

2026 3288 2276 3352 Mittimtlr
2300 3310 2328 3350 a
2360 3296 2582 3349 Domino
2604 3293 2823 3364 gemini,
2845 3302 2941 3347 'tua
2970 3298 3139 3346 castra
3167 3292 3407 3359 regentes
3428 3303 3461 3353 ς·

2027 3386 2141 3441 Hac
2165 3402 2259 3456 pro
2288 3394 2438 3455 parte
2468 3385 2629 3441 duces
2659 3385 2847 3440 melior
2878 3397 2979 3451 qua
3004 3395 3161 3437 causa
3194 3379 3415 3445 laborat.

2022 3477 2193 3543 Nunc,
2243 3493 2359 3547 age,
2404 3494 2593 3547 rumpe
2648 3491 2845 3543 moras,
2896 3484 3002 3531 neu
3044 3476 3241 3529 rustica
3290 3472 3442 3528 turba

3179 3562 3439 3636 [rebellet,

1880 3657 1985 3716 315
2022 3659 2179 3717 Arma
2201 3660 2439 3717 ministra
2450 3659 2599 3716 vides
2615 3677 2627 3714 :
2645 3668 2878 3716 nostrum
2893 3667 2975 3716 est
2990 3671 3240 3728 superare
3251 3670 3455 3727 supera

2114 3772 2121 3779 ο
3198 3794 3205 3800 .
3307 3747 3443 3822 [bos.

2018 3827 2185 3911 Irrue,
2212 3857 2279 3899 ne
2302 3844 2552 3913 trepides,
2577 3859 2677 3913 ope
2692 3852 2890 3911 nostra,
2918 3842 2984 3900 ad
3009 3842 3198 3913 templa
3225 3840 3445 3907 ruenda,

1966 3926 1967 3929 “
2020 3933 2125 3989 Nec
2146 3934 2384 3995 titubare
2408 3934 2592 4000 decet,
2622 3934 2769 3989 favor
2793 3943 2876 3989 est
2908 3934 2998 3988 tibi
3026 3932 3266 3987 Numinis
3294 3932 3441 3987 ulmi.

2019 4026 2167 4082 Tunc
2187 4018 2340 4083 saCer
2370 4028 2678 4099 aggrediens
2709 4024 2968 4099 properus
2996 4028 3288 4083 dissolvere
3311 4035 3443 4082 tem-

2017 4209 2160 4265 Idola
2194 4209 2471 4276 exstinxit,
2486 4210 2621 4270 ,lana
2647 4208 2809 4277 exuit,
2835 4208 3014 4264 obruit
3038 4222 3195 4275 aras;
3254 4119 3444 4193 [phum

1876 4302 1979 4359 320
2014 4304 2252 4372 Telaque
2280 4303 2523 4358 sublimis
2548 4303 2712 4373 jacult
2744 4303 2843 4357 sub
2871 4302 3086 4372 pulvere
3117 4301 3306 4370 moles,

2014 4397 2323 4464 Rusticitas,
2356 4394 2566 4450 inimica
2595 4395 2760 4462 prius,
2792 4393 2931 4448 favet
2957 4393 3068 4464 ipsa
3093 4393 3280 4461 ruinae,

2018 4488 2178 4541 Instat
2198 4495 2251 4541 et
2281 4485 2507 4551 excidio,
2538 4497 2656 4551 quae
2684 4482 2997 4545 defendebat
3021 4483 3275 4551 iniquum,

2017 4576 2160 4630 Idola
2187 4573 2423 4643 ejiciens,
2450 4586 2651 4625 nomen
2679 4569 3226 4639 confessa'Tonantis;

1949 4690 1957 4694 —
2012 4666 2133 4722 Uno
2160 4664 2449 4733 eodemque
2478 4661 2583 4716 ictu
2603 4660 2713 4715 ltoc
2741 4660 2960 4730 respuit,
2991 4661 3137 4743 eligit
3163 4658 3314 4718 illud.

1882 4781 2103 4841 vertice,
2133 4776 2337 4845 ruinam
2365 4787 2513 4828 suam
2536 4782 2595 4829 et
2620 4788 2802 4834 casum
2833 4775 3015 4837 vertit,

1948 4847 2074 4906 275.
2107 4845 2235 4900 Cod.
2262 4845 2404 4914 V"at.,
2438 4845 2532 4914 fuit
2560 4845 2848 4914 ultio'facta
2874 4846 3048 4901 saluti.

1951 4920 2074 4974 276.
2104 4913 2332 4969 Iudicio.
2362 4913 2481 4977 κε..
2502 4913 2719 4968 indicio.

1950 4991 2073 5044 277.
2098 4986 2228 5044 Cod.
2262 4983 2406 5050 ναι,
2442 4984 2625 5039 Errare
2644 4987 2871 5054 repulso.

1949 5057 2072 5125 283.
2270 5054 2408 5128 [atq
2440 5057 2694 5121 Quantum
2716 5056 2891 5128 globus
2920 5058 3111 5128 igneus.

1951 5124 2076 5182 284.
2110 5125 2247 5179 Edit.
2280 5124 2440 5193 γεω,
2473 5128 2588 5180 huic
2617 5124 2762 5179 verba
2794 5124 3068 5195 precantia.

1940 5198 2073 5252 εθθ.
2098 5195 2232 5267 ϐοά.
2268 5195 2407 5261 Vot.,
2432 5200 2485 5250 in
2510 5214 2630 5267 afera
2654 5198 2849 5267 pinnas.

1953 5269 2073 5324 519.
2127 5265 2257 5322 Cod.
2323 5267 2464 5333 Vah,
2524 5265 2671 5319 Idoln
2736 5265 3043 5332 comminuit,
3101 5266 3222 5336 fana
3282 5276 3430 5322 εωιι.

1887 5341 2056 5397 Etiam
2080 5336 2211 5391 Ven.
2239 5338 2379 5394 Edit.
2414 5338 2586 5401 habet,
2620 5338 2737 5405 fana
2760 5337 2905 5390 eruit.

1953 5407 2073 5461 525.
2109 5408 2242 5462 Cod.
2276 5408 2415 5474 Val.,
2448 5407 2595 5459 ldola
2622 5406 2905 5474 proﬁciens.

1954 5476 2079 5531 525.
2110 5476 2425 5531 "eduorunt.
2459 5477 2574 5539 “5.,
2608 5473 2901 5526 Εάιιοηυηι

1958 5547 2087 5602 Ibid.
2147 5546 2441 5613 Eduornm,
2499 5546 2610 5613 sive
2660 5543 2951 5599 /Eduorum
2980 5558 3143 5616 pagus
3169 5543 3361 5601 dicitur
3388 5560 3433 5607 ,a

1885 5618 2137 5687 Sulpicio.
2426 5628 2431 5633 '

1954 5685 2085 5745 Ibid.
2118 5690 2309 5745 Tentat.
2336 5688 2431 5755 Ms.
2460 5685 2623 5743 vellet.

1954 5758 2085 5817 Ibid.
2112 5761 2242 5819 Cod.
2270 5760 2408 5829 ναι..
2439 5758 2678 5828 templum
2700 5756 2825 5817 dum
2843 5756 3053 5829 melius
3078 5758 3245 5818 nitu.
