3948 6218
550 316 657 374 878

549 423 658 483 595
697 426 825 482 Post
845 425 1148 482 ﬂeduorum
1167 427 1290 483 dum
1314 429 1566 499 templum
1591 430 1842 487 divellere
1869 439 2054 498 tentat,

692 517 916 574 Obstant
939 517 1120 573 inculti
1145 518 1376 574 cultores
1404 519 1718 575 ruriculares

695 608 772 663 Ne
803 611 1035 685 colerent
1062 609 1272 680 melius,
1301 625 1394 664 sua
1419 610 1466 664 si
1492 611 1692 665 cultura
1717 615 1950 680 periret;

693 696 776 753 Ex
805 695 997 768 quibus
1025 697 1212 753 audaci
1242 698 1368 753 nixu
1393 701 1530 755 male
1559 701 1745 756 fortior
1771 717 1930 769 unus,
1955 690 1965 698 ’

693 788 1008 859 Aggreditur
1035 788 1211 858 gladio
1237 798 1396 856 caput
1421 789 1738 851 obtruncare
1764 802 2050 858 sacratum,

546 878 656 937 550
691 877 786 935 Cui
815 879 952 934 nuda
983 881 1192 936 cervice
1223 889 1375 949 pater
1403 895 1524 938 sese
1548 883 1740 937 obtulit
1769 868 1928 938 ultro.

697 970 795 1026 Ast
823 969 913 1023 ubi
940 979 1120 1025 mente
1147 967 1297 1026 ferox
1323 981 1463 1026 totas
1490 973 1781 1042 collegerat
1799 973 1926 1040 iras,

696 1058 979 1115 Exacuens
1003 1059 1227 1123 rabiem,
1249 1060 1344 1116 sed
1373 1061 1548 1116 cordis
1574 1062 1822 1117 acumine
1850 1073 2054 1130 tonsus,

694 1152 884 1208 Acrius
905 1152 1143 1208 insiliens
1170 1159 1309 1206 totos
1334 1151 1684 1221 suspenderat
1709 1161 1902 1208 artuS':

694 1241 784 1296 Bis
803 1242 948 1297 furor
973 1251 1216 1298 armatus
1231 1241 1400 1313 iuguli
1433 1245 1666 1298 ruiturus
1690 1244 1742 1298 in
1766 1245 1952 1310 ictum,

548 1328 654 1387 355
687 1332 818 1389 Tam
829 1337 1040 1404 gravius
1066 1333 1283 1398 feriens,
1301 1340 1555 1401 quantum
1569 1332 1676 1387 alte
1693 1334 1935 1389 educitur
1951 1335 2112 1402 ensis,

696 1423 942 1479 Astrictis
972 1423 1164 1492 capqu
1189 1422 1389 1491 digitis,
1421 1423 1544 1476 dum
1575 1431 1834 1491 temperat
1863 1438 2091 1494 ungues,

698 1513 922 1579 Noxius,
956 1512 1205 1568 horrifica
1235 1500 1519 1568 meditatus
1548 1512 1768 1588 vulnera
1800 1514 2010 1578 dextra,

691 1603 876 1660 Mortis
896 1603 1119 1670 amicus,
1147 1619 1330 1660 amans
1357 1602 1584 1672 facinus,
1611 1606 1898 1661 crudeliter
1922 1621 2110 1662 ausus:

688 1692 806 1748 Jam
837 1693 979 1750 ferro
1010 1695 1344 1760 incumbens,
1366 1697 1526 1763 capiti
1555 1709 1807 1750 mucrone
1835 1697 2087 1764 reducto,

547 1778 655 1838 N0
690 1783 956 1837 Sternitur
980 1783 1095 1850 ipse
1115 1784 1231 1838 solo
1249 1781 1342 1852 qui
1361 1783 1440 1836 sic
1461 1783 1721 1852 pendebat
1750 1783 2013 1838 iniciunt:

695 1875 768 1929 Ac
795 1876 1073 1945 resupinus
1097 1874 1260 1940 humi,
1291 1875 1380 1944 qui
1406 1875 1622 1944 pronior
1645 1876 1752 1931 ibat
1781 1876 1832 1931 in
1859 1891 2068 1944 ausum,

691 1967 854 2022 Mittit
882 1976 939 2024 et
965 1983 1061 2024 ore
1085 1982 1318 2038 precem,
1344 1978 1465 2024 cum
1488 1969 1724 2024 membra
1767 1971 2000 2039 superba
2023 1968 2118 2038 ja-

1683 2065 1687 2068 ‘
1887 2061 2116 2134 [cerent.

690 2149 844 2205 Justo
865 2157 1039 2206 stante
1066 2151 1284 2216 cadens,
1313 2167 1418 2221 quo
1440 2152 1611 2207 credit
1641 2161 1784 2208 stare
1813 2152 2055 2217 cadente,

691 2241 825 2298 Dum
853 2241 971 2296 vice
994 2241 1202 2296 diversa
1227 2251 1333 2296 stat
1360 2243 1535 2311 inops,
1559 2242 1668 2296 ruit
1700 2243 1789 2296 ille
1813 2243 2077 2310 superbus
2096 2283 2110 2308 ,

541 2329 648 2389 3‘5
755 2331 961 2388 Rursus
975 2348 1110 2402 opus
1143 2317 1399 2402 peragens
1418 2373 1433 2397 ,
1459 2333 1598 2388 idola
1621 2333 1850 2387 evertit:
1879 2341 1933 2387 et
1959 2347 2115 2400 ecce,

684 2420 780 2475 Vir
806 2420 1016 2490 quidam
1047 2431 1277 2476 tractans
1301 2421 1506 2476 Martini
1532 2421 1598 2476 de
1623 2436 1774 2490 nece,
1811 2422 2044 2478 cultrum

687 2509 825 2566 Dum
855 2512 1011 2580 rapit,
1035 2511 1259 2580 eripitur
1282 2513 1531 2581 rapienda
1562 2508 1743 2582 rapina
1773 2511 1995 2581 rapaci,

685 2601 1086 2673 Excussutnque
1117 2602 1251 2675 fugit
1277 2603 1398 2659 sine
1423 2618 1572 2675 more
1597 2603 1815 2659 volatile
1841 2603 2064 2668 ferrum,

682 2689 800 2746 lam
830 2692 1031 2749 leviore
1059 2695 1168 2762 via,
1188 2708 1359 2762 neque
1388 2703 1507 2763 post
1534 2692 1832 2763 comparuit
1862 2706 2108 2762 usquam,

542 2781 646 2839 550
685 2780 779 2837 Sic
808 2783 987 2838 cultro
1016 2782 1216 2850 ablato,
1244 2785 1488 2838 manibus
1513 2784 1649 2838 latro
1674 2785 1874 2838 exstitit
1894 2785 2108 2846 insons;

680 2873 936 2929 Redditur
964 2884 1017 2929 et
1048 2875 1189 2930 mitis
1213 2883 1492 2943 postquam
1519 2875 1575 2927 fit
1606 2875 1780 2926 nudus
1804 2874 1871 2925 ab
1899 2873 2066 2924 armis
2086 2910 2104 2933 ,

681 2967 790 3023 Nec
808 2968 954 3023 furor
976 2977 1101 3021 ante
1119 2966 1284 3019 animi
1313 2967 1544 3032 periens.
1569 2965 1668 3018 nisi
1695 2964 1796 3018 tela
1816 2964 2109 3033 perissent;

685 3059 853 3112 invita
884 3060 998 3112 haec
1025 3058 1194 3125 pietas
1216 3069 1334 3124 qua:
1362 3054 1593 3124 perdidit
1621 3056 1757 3108 unde
1782 3061 2016 3111 noceret.

753 3151 908 3217 Saepe
931 3149 1118 3203 beatus
1149 3147 1294 3211 item,
1323 3147 1807 3203 contradicentibus
1839 3148 1968 3216 ipsis

543 3239 658 3297 $55.
688 3239 964 3310 Agricolis,
997 3249 1282 3308 prmstante
1313 3239 1434 3304 fide,
1466 3253 1526 3295 se
1553 3251 1759 3308 orante,
1792 3239 2034 3309 jubebat,

685 3328 752 3386 Ut
778 3329 918 3386 male
945 3331 1089 3385 culta
1118 3331 1227 3384 suis
1248 3329 1500 3386 caderent
1528 3331 1636 3386 fera
1665 3331 1782 3386 fana
1814 3331 2106 3400 ministris;

680 3421 769 3478 Sic
789 3436 999 3492 quoque
1022 3423 1320 3491 pontificem
1342 3425 1481 3479 soliti
1512 3425 1821 3494 impugnare
1847 3427 2105 3494 rebelles,

680 3513 813 3567 Dum
846 3514 1042 3582 templa
1071 3521 1334 3579 evertunt,
1368 3515 1462 3583 ipsi
1489 3525 1612 3569 sunt
1639 3530 1783 3568 arma
1808 3519 1984 3581 beato,

685 3605 979 3674 ilostilique
1008 3616 1165 3660 manu
1195 3604 1401 3660 Martini
1428 3606 1561 3659 bella
1587 3614 1864 3676 geruntur.

545 3697 645 3758 560
675 3698 916 3754 Partibus
942 3707 1101 3765 atque
1125 3697 1236 3751 suis
1259 3697 1431 3749 alieno
1463 3697 1632 3750 milite
1665 3698 1856 3752 vincit.

683 3786 833 3840 Tunc
859 3785 1016 3839 etiam
1047 3784 1202 3840 fuerit
1230 3785 1436 3839 curatio
1463 3785 1655 3855 quanta
1688 3795 1930 3855 patrono,

685 3878 888 3945 Quanta
913 3875 1222 3932 medelifero
1251 3877 1490 3931 manavit
1519 3877 1686 3947 gratia
1715 3885 1878 3944 tactu,

684 3966 952 4022 Laudibus
981 3967 1031 4021 in
1061 3967 1218 4022 tantis
1248 3978 1392 4022 muta
1418 3976 1499 4022 est
1530 3967 1770 4022 facundia
1803 3968 2006 4023 mundi.

684 4059 854 4128 Quem
881 4059 1090 4114 cunctis
1121 4058 1318 4113 vidisse
1347 4058 1443 4112 fuit
1471 4060 1731 4112 meruisse
1752 4059 2002 4126 salutem,

547 4151 647 4208 $65
687 4152 781 4206 Est
807 4150 938 4204 satis
969 4149 1083 4216 ipse
1111 4162 1240 4202 suus
1267 4162 1559 4216 generosus
1587 4149 1736 4202 testis
1765 4157 1820 4203 et
1846 4161 2054 4206 auctor.

685 4243 786 4310 Qui
842 4239 1113 4310 quondam
1169 4237 1472 4307 ingrediens
1523 4237 1869 4294 Trevirorum
1913 4241 2112 4298 moenia

1917 4332 2113 4408 [mitis,

690 4425 802 4492 Qua
835 4421 1069 4496 resoluta
1099 4421 1188 4476 diu
1217 4436 1315 4492 per
1342 4423 1542 4479 viscera
1571 4425 1732 4493 fluxa,
1764 4423 1971 4494 rigebat

686 4513 914 4568 Turbida
945 4511 1228 4583 paralysis,
1254 4513 1427 4584 gelido
1450 4514 1725 4586 languore,
1750 4515 1949 4585 puella,

688 4602 930 4658 Flatibus
951 4604 1206 4658 extremis
1236 4603 1384 4669 quasi
1409 4603 1518 4671 jam
1548 4603 1614 4658 de
1644 4603 1830 4660 funere
1857 4605 2040 4662 vivens
2060 4645 2077 4673 ,

550 4695 649 4750 670
675 4694 840 4762 Cujus
863 4705 1018 4749 erant
1042 4692 1183 4747 oculi
1209 4690 1381 4760 vigilis
1405 4693 1646 4747 custodia
1671 4694 1880 4761 mortis,

693 4785 913 4840 Funeris
943 4783 1225 4852 exsequias
1253 4780 1522 4836 reddentia
1554 4781 1752 4839 lumina
1782 4786 2077 4864 membris,

693 4879 914 4935 Solvere
943 4878 1198 4932 festinans
1224 4873 1470 4930 animatae
1500 4875 1710 4946 vincula
1740 4878 1935 4942 carnis,

691 4971 922 5039 Spiritus
948 4981 1145 5024 arcano
1173 4966 1259 5020 vix
1291 4965 1500 5020 mobilis
1528 4965 1641 5021 ibat
1663 4967 1882 5036 anhelo,

694 5059 821 5114 Fine
852 5060 1068 5115 trahens
1094 5057 1256 5112 dubio
1287 5056 1574 5124 perituram
1606 5059 1823 5114 naribus
1851 5071 2036 5113 auram
2063 5073 2078 5112 :

551 5150 653 5205 B75
679 5148 802 5217 Pes,
821 5165 1028 5215 manus,
1049 5164 1160 5215 ora,
1181 5161 1348 5216 genae,
1367 5147 1659 5203 recubabat
1679 5147 1851 5221 imago
1868 5149 2113 5221 sepulta,

625 5327 753 5384 828.
784 5329 914 5382 Cod.
952 5329 1092 5390 Vat.,
1125 5326 1317 5380 Audaci
1344 5325 1478 5377 nisu.

621 5399 746 5455 529.
782 5398 915 5452 Dum
935 5409 1134 5465 cuperet
1161 5396 1351 5463 gladio.

625 5470 749 5524 3M.
781 5471 913 5525 Cod.
946 5470 1083 5531 Vat.,
1118 5469 1188 5518 Ac
1215 5467 1476 5536 resupinat
1505 5467 1674 5518 humo.

623 5537 749 5592 M8.
782 5541 908 5593 Cod.
940 5539 1084 5600 Vah.
1112 5537 1494 5606 Excussttmque
1515 5539 1633 5605 fuit.

626 5607 754 5661 36L
785 5612 913 5664 (,Iml.
945 5609 1089 5673 Vat.,
1126 5608 1257 5669 Quin
1283 5611 1453 5661 etiam.

787 5677 911 5747 Cod.
949 5677 1087 5747 [at..
1122 5679 1281 5747 Testis
1305 5694 1574 5747 generosus
1598 5686 1643 5729 et
1667 5684 1862 5729 auctor.

633 5744 756 5808 568.
790 5745 928 5799 Edtt.
955 5743 1108 5810 νεη.⁷
1134 5743 1329 5798 Ταὸίάῖι
1355 5748 1627 5817 paralysis.

1298 312 1606 372 VENANTH
1648 314 1804 371 HON.
1844 315 2054 374 CLEM.
2093 313 2486 376 FORTUNATI
2520 316 2804 375 OPBRUM
2845 317 3020 378 PARS
3057 320 3096 374 ι.

3676 321 3782 385 376

2153 434 2210 496 Α
2371 433 2477 488 Nec
2505 434 2757 511 tumulata
2790 435 3019 504 quidem,
3055 433 3146 488 sed
3192 435 3366 504 portio
3396 443 3504 492 tota
3529 439 3782 508 sepulcri,

2365 522 2526 597 Cujus
2557 537 2739 578 amore
2771 525 2853 592 pio
2885 526 3048 592 patris
3075 526 3373 580 exanimata
3408 541 3676 597 senectus,

2364 615 2658 670 Dilacerata
2680 617 2851 686 genis,
2886 617 3054 670 niveis
3079 618 3217 671 male
3237 627 3446 685 compta
3470 605 3698 690 capillis,

2359 704 2490 760 Cum
2510 707 2789 774 impatiens
2811 718 3010 775 ageret,
3035 721 3131 761 nec
3146 708 3360 764 adesset
3378 724 3503 764 cura
3523 713 3782 779 medella,

2221 793 2325 850 580
2349 793 2621 864 Comperit
2643 804 2701 850 ut
2719 808 2957 852 sanctum
2984 797 3262 851 advectum
3293 797 3574 870 dignanter
3603 792 3670 856 ad
3693 818 3784 858 ur-

3581 917 3592 922 “
3619 891 3782 966 ibam.

2360 973 2591 1029 Advolat
2623 975 2748 1030 inde
2776 990 2939 1033 senex
2969 981 3153 1036 vitulis
3178 981 3485 1052 iuveniliter
3513 983 3704 1048 armis,

2360 1063 2588 1134 impiger
2610 1067 2885 1132 exsiliens,
2915 1083 3071 1124 cursu
3090 1065 3188 1124 sua
3215 1061 3454 1141 tempora
3475 1072 3716 1129 vincens.

2355 1151 2670 1208 Pontificum
2696 1156 2928 1212 vallante
2949 1159 3133 1224 choro,
3160 1161 3459 1232 populoque
3488 1143 3780 1233 frequente.

2362 1239 2522 1296 lrruit
2547 1243 2600 1296 in
2633 1244 2838 1298 medios
2863 1245 3181 1303 clamoribus
3212 1250 3638 1316 inverecunda;

2217 1325 2323 1384 385
2357 1329 2488 1384 Nam
2513 1331 2669 1388 dolor
2698 1335 2919 1403 insignis
2944 1351 3048 1390 non
3073 1339 3287 1405 respicit
3307 1354 3453 1393 arma
3473 1339 3715 1409 pudoris.

2369 1417 2585 1476 Corruit
2609 1437 2738 1494 ergo
2765 1439 2928 1479 senex
2951 1425 3121 1480 sancti
3141 1425 3208 1480 ad
3230 1429 3447 1498 veStigia
3467 1442 3694 1498 pronus,

2359 1509 2564 1580 Genua,
2586 1527 2772 1569 manus
2793 1515 3105 1594 plantasque
3128 1531 3221 1588 per
3241 1519 3422 1574 oscula
3452 1520 3636 1572 mollia
3659 1517 3781 1572 lam-

3603 1606 3785 1681 (betas:

2356 1692 2455 1748 Vix
2483 1695 2679 1765 gemitu
2708 1696 2942 1764 laxante,
2974 1697 3117 1768 loqui
3136 1695 3219 1754 sic
3242 1700 3424 1768 incipit
3453 1713 3594 1769 aeger
3624 1718 3641 1751 :

2362 1783 2457 1839 Vir
2483 1787 2706 1842 Martitte
2726 1787 2840 1853 Del,
2879 1790 3116 1858 populari
3143 1799 3263 1845 nate
3283 1791 3461 1855 saluti,

2219 1872 2324 1929 590
2349 1872 2442 1929 Vir
2468 1875 2671 1931 cunctis
2698 1878 2934 1933 bonitate
2958 1894 3168 1946 parens,
3199 1879 3290 1935 tibi
3317 1896 3542 1950 suggero
3563 1881 3767 1953 luctus,

2359 1965 2466 2020 Nec
2492 1966 2672 2022 miseri
2702 1979 2919 2036 pereant
2945 1970 3209 2041 lacryma,
3241 1972 3449 2039 pietatis
3475 1974 3672 2028 amice.

2355 2057 2522 2124 Quem
2553 2073 2670 2114 mea
2700 2074 2856 2114 causa
2886 2059 3070 2127 trahit,
3102 2060 3216 2118 loca
3244 2072 3350 2116 tam
3381 2061 3668 2132 longinqua
3699 2073 3790 2118 νος
3895 2055 3897 2058 ’

3638 2163 3755 2203 Ill"

3638 2163 3755 2203 mre

2359 2239 2428 2296 Ut
2457 2241 2606 2293 labor
2636 2241 2735 2293 iste
2763 2239 2862 2293 viae
2896 2239 3094 2292 tribuat
3119 2239 3430 2308 compendia
3458 2150 3634 2304 vita}
3770 2185 3790 2216 .

2359 2328 2452 2382 Est
2478 2328 2606 2381 mihi
2638 2337 2757 2382 nata
2787 2329 2953 2394 dumi,
2985 2329 3306 2385 decumbens
3330 2331 3547 2384 vulnere
3582 2331 3789 2399 morbi,
3895 2325 3899 2346 ⁴

2225 2414 2330 2471 595
2368 2415 2642 2485 Exsequiis
2671 2417 2842 2470 vicina
2873 2416 3003 2484 suis,
3036 2419 3152 2472 sine
3178 2429 3323 2474 sorte
3352 2419 3596 2475 medelas.

2353 2508 2484 2576 Qua:
2510 2506 2774 2578 quondam
2803 2507 3083 2564 incolumis
3113 2509 3319 2580 stabat,
3350 2524 3467 2566 mea
3487 2511 3605 2566 sola
3629 2511 3789 2567 volta-

3624 2600 3788 2674 [ριιι.
3897 2595 3899 2602 ’

2355 2690 2630 2760 Obsequiis
2661 2693 2858 2747 intenta
2889 2671 3006 2762 piis,
3031 2692 3324 2762 placabilis,
3357 2695 3409 2748 in
3438 2710 3543 2764 qua

2355 2782 2469 2835 Vita
2501 2797 2673 2836 meam
2707 2783 2820 2836 haec
2855 2782 2988 2836 mihi
3032 2783 3197 2838 dulcis
3241 2793 3359 2850 erat
3384 2785 3609 2839 solando
3628 2799 3788 2842 sene-

3617 2887 3758 2930 ctam
3771 2916 3789 2942 ,

3617 2887 3741 2930 ctan

2368 2955 2505 3012 Ecce
2531 2958 2670 3026 perit
2695 2972 2979 3028 secumque
3005 2962 3167 3016 trahit
3187 2977 3302 3020 mea
3328 2965 3534 3021 viscera
3567 2875 3741 3032 IrEtbo,

2217 3045 2322 3102 400
2359 3045 2726 3117 Canitiemque
2745 3053 2914 3119 patris
2937 3053 3236 3108 miseranda
3267 3057 3316 3110 in
3342 3066 3540 3111 tartara
3561 3055 3760 3114 ducit;

2351 3137 2433 3192 ire
2458 3137 2552 3192 sed
2581 3140 2693 3204 ipse
2722 3140 2864 3208 prior
2892 3156 3165 3208 cuperem,
3198 3145 3244 3197 si
3274 3143 3411 3200 forte
3435 3148 3649 3202 liceret.

2350 3227 2604 3296 Quaenam
2633 3231 2742 3284 vita
2767 3233 2900 3296 seni,
2935 3234 3020 3287 vel
3047 3247 3152 3301 quo
3179 3235 3307 3288 mihi
3334 3245 3453 3290 vota
3482 3238 3726 3305 parenti,

2349 3323 2456 3392 Spe
2472 3333 2726 3391 pereunte
2738 3327 2924 3395 patris,
2945 3341 3062 3382 cum
3086 3330 3301 3386 nomine
3321 3333 3482 3402 prolis
3495 3334 3791 3404 adempta‘l

2352 3414 2465 3482 Qua
2497 3415 2731 3470 nubente
2762 3416 2899 3482 viro,
2931 3432 3026 3488 per
3045 3419 3184 3474 dona
3207 3421 3378 3477 futura
3396 3436 3692 3494 nepotum,

2208 3505 2316 3562 405
2343 3505 2538 3562 Aridus
2566 3507 2621 3561 in
2652 3507 2818 3562 ramis
2849 3517 3087 3576 poteram
3118 3515 3445 3569 revirescere
3473 3517 3677 3586 prolis;

2347 3597 2480 3653 Cum
2521 3597 2688 3667 magis
2724 3598 2836 3654 haec
2875 3608 3116 3670 reputem
3155 3605 3432 3672 presentis
3475 3604 3675 3661 damna
3702 3620 3786 3664 sa-

3641 3700 3784 3765 Iutis,

2353 3779 2435 3833 Me
2464 3787 2759 3846 spectante,
2781 3781 2895 3847 rapi
2921 3789 3099 3835 natam
3129 3795 3248 3836 mea
3279 3783 3482 3837 lumina
3519 3699 3651 3851 luci,l

2360 3871 2559 3926 Ordine
2590 3871 2833 3941 deposito
2858 3873 3048 3929 melius
3074 3874 3161 3929 cui
3190 3887 3344 3928 causa
3368 3875 3628 3944 placeret,

2357 3959 2422 4015 Ut
2447 3961 2590 4015 senis
2612 3961 2701 4013 illa
2727 3961 2891 4030 patris
2913 3962 3188 4017 oculorum
3213 3961 3484 4017 clauderet
3506 3965 3693 4019 orbes.

2213 4050 2318 4106 ΗΟ
2356 4048 2510 4105 Unde
2535 4064 2688 4105 sacer
2707 4050 2926 4120 dignare
2951 4052 3158 4106 avidam
3177 4054 3502 4121 suspendere
3527 4065 3782 4123 mortem,

2359 4143 2532 4212 Atque
2559 4142 2798 4196 minister
2822 4145 2958 4211 opis,
2992 4143 3260 4214 rapienda
3277 4159 3498 4210 occurre
3529 4147 3765 4214 puella:

2354 4231 2408 4288 Si
2439 4247 2584 4288 mora
2604 4232 2694 4299 sit,
2718 4247 2832 4288 mea
2856 4247 3015 4288 causa
3047 4237 3218 4301 perit,
3245 4248 3496 4291 succurre
3526 4237 3740 4294 duobus
3767 4256 3783 4295 :

2355 4321 2488 4378 Nam
2514 4339 2599 4379 me
2621 4339 2745 4379 cura
2778 4335 2950 4393 necat,
2983 4324 3029 4380 si
3061 4325 3134 4379 illi
3164 4325 3368 4380 curatio
3395 4337 3598 4382 cessat.

2355 4413 2467 4482 Qua
2491 4428 2642 4470 sacer
2665 4413 2876 4469 erubuit
2905 4414 3154 4470 confusus
3181 4428 3308 4470 voce
3341 4418 3620 4484 sacerdos,

2218 4504 2325 4563 415
2354 4506 2627 4578 Indignum
2655 4521 2774 4562 sese
2805 4507 2896 4560 tali
2926 4507 3117 4561 virtute
3137 4505 3466 4573 ministrum.

2353 4596 2459 4654 Sed
2491 4607 2637 4664 pater
2663 4596 2907 4676 instabat,
2938 4593 3511 4665 compellens'voeibus
3539 4597 3734 4655 iisd
3753 4614 3773 4655 ε

2361 4689 2582 4744 Debitos
2609 4689 2809 4744 insanis
2836 4687 3072 4744 medicus
3096 4691 3266 4757 venis,
3292 4703 3454 4745 exere
3481 4702 3643 4745 curas
3660 4729 3677 4746 .

2357 4781 2562 4837 Sentiat
2581 4782 2864 4837 adventum
2896 4781 3085 4836 medici
3115 4784 3358 4851 purgatio
3382 4783 3580 4839 morbi.

2370 4869 2462 4924 His
2493 4870 2750 4939 impulsus
2777 4855 2886 4925 adit
2910 4884 3012 4938 qua
3037 4871 3172 4925 lassa
3196 4873 3364 4939 puella
3383 4871 3613 4940 iacebat,

2215 4960 2323 5018 820
2359 4960 2532 5016 Turba
2561 4968 2764 5014 astante
2794 4959 2918 5014 foris
2947 4959 3144 5015 faceret
3172 4961 3296 5029 quid
3327 4970 3506 5029 pastor
3523 4957 3679 5012 ovili.

2358 5050 2491 5105 Hinc
2521 5062 2616 5104 sua
2645 5047 2781 5103 bella
2807 5063 3019 5118 gerens,
3050 5059 3230 5104 orator
3252 5048 3319 5103 ad
3345 5062 3492 5102 arma
3523 5045 3773 5116 recurrit,

2346 5139 2600 5195 Sternens
2622 5137 2861 5194 membra
2881 5137 3016 5211 solo;
3032 5152 3191 5195 sensu
3211 5151 3372 5209 super
3386 5142 3524 5190 astra
3539 5134 3777 5203 reducto,

2287 5322 2410 5406 505.
2442 5323 2774 5449 Ponticcuttt.
2796 5325 2955 5382 Forte
2979 5325 3285 5394 pontiﬁcem.

2287 5394 2415 5448 lbtd.
2441 5395 2580 5449 Cod.
2647 5406 2744 5449 at..
2766 5395 3057 5449 populoque
3079 5396 3285 5449 frement

2287 5394 2415 5479 '33??-
2441 5395 2580 5479 E0115
2601 5394 2744 5479 ἶφι-ν
2766 5395 3057 5479 Ρ⁰Ρ¹Ἒ¹Ἧ¹⁸
3077 5396 3337 5479 [ξυνηκ-

2288 5463 2412 5536 ξιθς.
2448 5465 2587 5536 ﬁdit.
2605 5463 2776 5536 Sen;
2803 5463 3011 5536 pietatis
3028 5464 3224 5536 μυρίσω.

2288 5534 2415 5586 598.
2437 5533 2568 5589 Cod.
2595 5531 2918 5598 νειὶεέίυὶια
2947 5533 3068 5584 mihi
3093 5532 3202 5584 htrc
3228 5531 3390 5586 dulcis
3411 5541 3539 5600 erat,
3563 5538 3675 5588 etc.

2291 5602 2416 5655 400.
2454 5604 2590 5658 Edit.
2628 5606 2784 5667 Ven.,
2815 5601 2986 5656 Patris
3016 5602 3307 5656 initer-undi.

2292 5671 2416 5743 408.
2443 5674 2574 5728 Cod.
2600 5675 2746 5737 Vah,
2773 5673 2953 5727 ordine
2978 5671 3244 5743 disposito.

2294 5741 2416 5796 625.
2453 5744 2506 5796 ln
2532 5743 2657 5797 Cod.
2693 5743 2834 5809 Vat.,
2866 5743 3045 5812 faciem
3061 5741 3326 5815 conspexit
3351 5745 3597 5801 alumna.
3642 5777 3655 5792 -
3691 5763 3703 5778 ·
