3948 6218
204 342 313 402 385

1186 327 1276 382 DE
1314 324 1477 383 Vl’l‘A
1516 322 1769 381 SANGTI‘
1802 320 2109 380 MARTINI.
2153 348 2222 363 --
2260 319 2387 377 LIB.
2430 318 2495 376 Η.

2302 204 2329 223 ρ

3320 314 3423 374 380

424 451 555 507 Hinc
581 447 791 513 Clarus,
838 443 1073 515 placidus
1102 440 1413 523 adolescens
1441 438 1698 505 moribus,
1799 441 1851 501 Α
1874 434 1982 491 260
2020 437 2126 490 Nec
2154 445 2391 490 contacta
2425 449 2579 487 mann
2619 420 2849 489 discerni
2894 432 3085 490 vellera
3115 444 3349 503 possunt.

1557 543 1769 597 expers,

1557 543 1769 597 expers,

350 632 633 687 Martinum
680 624 1004 695 amplectens
1055 633 1281 692 patrem,
1332 630 1387 676 et
1441 530 1556 675 διιειὶ
1582 598 1783 704 ουιιοιιί

1420 712 1783 785 [relinquens,

355 814 621 880 Tempore
645 809 842 878 quique
868 805 1013 861 brevi
1044 804 1228 859 micuit
1254 803 1447 858 virtute
1476 803 1704 870 ﬁdeque,
1733 799 1738 806 ’

194 905 317 961 225
352 903 483 958 Cum
514 914 678 971 prope
728 898 1031 967 pontificem
1060 893 1357 948 habitacula
1394 893 1773 957 constituisset,

349 995 427 1048 Ac
452 1007 546 1045 sua
570 989 869 1057 complures
901 992 1140 1053 peterent
1168 983 1433 1035 cormortia
1464 979 1677 1047 fratres,

351 1082 487 1138 Huic
517 1097 577 1136 se
606 1090 730 1134 tunc
753 1064 1051 1133 monachus
1065 1074 1273 1128 socians
1296 1071 1569 1127 Anatolius
1590 1072 1771 1126 addit:

350 1174 407 1228 In
436 1187 718 1227 commune
746 1172 892 1239 prius
921 1167 1137 1221 humilis
1174 1179 1419 1231 censura,
1450 1164 1667 1229 sodalis,

353 1268 447 1335 Qui
511 1265 658 1319 rudis
688 1263 905 1331 ingenii,
937 1268 1152 1314 versuto
1181 1259 1369 1312 illusus
1400 1256 1665 1322 abhoste,

192 1357 315 1416 230
352 1356 478 1412 Post
506 1355 597 1419 ait,
614 1352 695 1407 ad
717 1367 838 1407 sese
866 1350 1006 1419 quod
1030 1350 1240 1404 caelitus
1263 1348 1485 1415 'angelus
1514 1350 1636 1412 iret,

351 1451 690 1516 Acreserare
716 1446 814 1499 sibi
842 1442 1090 1515 mysteria
1123 1442 1299 1495 clausa
1330 1440 1629 1502 Tonantis,’

353 1540 425 1595 Et
450 1540 557 1594 cito
586 1539 792 1592 siderea
821 1536 1043 1589 volitent
1068 1548 1162 1587 sua
1203 1532 1385 1585 nuntia
1413 1543 1603 1599 penna,

352 1631 529 1699 Atque
560 1620 783 1682 remissa
807 1627 905 1679 viri
931 1624 1210 1692 responsio
1240 1623 1417 1676 nubila
1443 1628 1637 1689 tangat,

350 1720 497 1776 later
523 1734 581 1774 se
624 1728 679 1774 et
708 1718 982 1773 Dominum
1016 1728 1321 1770 memorans
1358 1715 1459 1768 iter
1484 1726 1604 1766 esse
1651 1725 1777 1779 pro-

1478 1803 1772 1876 [pinquum,
1804 1782 1853 1845 Β

192 1903 322 1962 Ἁδ
361 1904 439 1962 Ac
468 1903 568 1958 sibi
591 1901 824 1970 contigui
851 1902 1015 1969 jaclat
1038 1898 1265 1954 conﬁnia
1292 1899 1433 1963 coeli,
1508 1906 1516 1913 ‘

355 1996 426 2051 Se
451 2002 659 2049 secreta
691 1992 784 2047 Dei
811 1991 1079 2047 noscenda
1102 1992 1209 2060 jam
1234 2004 1353 2045 esse
1375 1990 1707 2059 prorihetam.

358 2086 462 2142 Sed
510 2085 725 2139 Clarum
750 2120 768 2149 ,
817 2092 874 2137 ut
914 2083 1116 2148 credat,
1149 2096 1249 2136 nec
1294 2082 1474 2149 opinio
1506 2081 1635 2134 falsa
1668 2095 1781 2135 mo-

1579 2170 1589 2241 |
1604 2168 1776 2223 vehat.

361 2264 513 2322 Tunc
539 2264 655 2318 sine
687 2268 836 2316 more
857 2260 1039 2315 furens
1063 2258 1344 2315 Anatolius
1371 2259 1561 2314 asserit
1588 2259 1778 2313 audax.

361 2359 476 2429 Quo
526 2359 626 2413 sibi
673 2356 742 2412 de
788 2356 926 2412 ctelo
975 2336 1599 2410 Dominus-transmittat
1644 2352 1780 2406 ami-

1568 2442 1779 2520 ﬁctum.

204 2540 329 2596 νο
364 2538 555 2595 Induat
579 2546 633 2592 et
657 2546 856 2591 vestem
884 2536 1110 2591 delatam
1152 2545 1304 2592 nocte
1334 2534 1533 2603 silenti,

366 2628 432 2686 Ut
460 2628 624 2697 signis
651 2636 899 2696 stupeant
949 2626 1103 2696 cujus
1145 2626 1305 2683 modo
1333 2627 1492 2680 verba
1514 2628 1779 2683 cavillant.

363 2720 553 2776 Elevat
583 2720 706 2775 hinc
736 2720 939 2775 varium
991 2722 1368 2774 monachorum
1401 2718 1563 2775 turba.
1585 2720 1781 2774 tumul-

825 2859 830 2865 τ
1626 2808 1777 2882 [tum,

365 2905 434 2961 Et
458 2916 713 2973 suspensa
744 2911 887 2958 tenet
929 2899 1187 2971 spectatio
1218 2913 1351 2952 vana
1378 2899 1605 2955 sodales.

365 2997 568 3053 Interea
602 2998 802 3051 medias
844 2998 992 3066 quasi
1040 3010 1143 3048 nos
1190 3001 1579 3047 transcurrerat
1604 2994 1782 3058 horas,

206 3091 328 3149 245
367 3089 435 3143 Et
465 3087 921 3158 rotarﬁesa'acquo
958 3082 1411 3155 gyrabatcardine
1441 3092 1671 3137 metam:

368 3177 454 3233 Fit
485 3178 660 3231 subito
689 3178 958 3245 strepitus,
1013 3174 1247 3243 quatitur
1276 3174 1444 3240 locus,
1491 3185 1637 3226 arma
1663 3185 1780 3226 mo-

1529 3262 1738 3334 [ventur
1766 3281 1780 3316 :

370 3361 434 3415 Et
454 3372 708 3413 coorussa
736 3355 887 3409 simul
919 3356 1064 3409 vario
1093 3353 1269 3409 fremit
1297 3354 1413 3409 aula
1443 3367 1677 3419 susurro,

368 3452 634 3507 Murmure
661 3449 943 3503 raucisono
989 3449 1262 3517 frangente
1304 3448 1481 3515 lepore
1529 3447 1782 3515 loquelas.

369 3542 572 3602 Credas
603 3553 863 3605 pugnaces
914 3540 1132 3590 Volitare
1180 3552 1273 3604 per
1301 3547 1439 3588 astra
1478 3536 1781 3603 phalanges,

209 3633 332 3692 950
370 3632 438 3689 Et
466 3632 647 3687 videas
676 3630 886 3698 rapidas
916 3628 1216 3682 discurrere
1262 3626 1469 3681 turbine
1494 3626 1712 3683 turmas.

370 3726 468 3781 llic
498 3725 580 3778 ubi
604 3721 879 3777 concussis
924 3720 1194 3775 redierunt
1222 3720 1325 3774 otia
1352 3720 1535 3784 turbis,

370 3818 614 3885 Notaque
646 3825 930 3884 tempestas
960 3813 1240 3883 tranquilla
1285 3812 1493 3871 silentia
1542 3813 1782 3879 sumpsit,

370 3908 607 3964 Advocat
673 3922 737 3961 es
808 3904 1082 3973 monachis
1147 3904 1425 3960 confestim
1512 3903 1788 3958 Anatolius

932 4058 933 4061 η
1582 3994 1782 4075 [unum,

373 4092 622 4150 Cominus
679 4100 733 4146 et
756 4091 983 4146 tunicam
1013 4096 1240 4145 ostentat
1281 4087 1564 4156 iactantior
1593 4085 1787 4149 albam,

242 3351 275 3377 Ι

211 4184 337 4244 255
374 4184 473 4252 Qui
522 4199 687 4238 vacuo
720 4181 949 4236 tumidus
992 4181 1126 4235 falso
1174 4180 1513 4245 umbrabatur
1566 4177 1788 4239 honore,
1828 4252 1829 4257 η

375 4273 639 4330 Candidus
664 4272 889 4337 exuviis,
923 4272 1014 4325 sed
1046 4272 1177 4340 nigri
1214 4272 1469 4325 daemonis
1514 4280 1646 4324 arte.

375 4364 502 4419 Inde
530 4362 629 4417 ciet
659 4361 907 4429 reliquos,
941 4361 1169 4414 occurrit
1197 4360 1383 4413 Clarus
1432 4368 1485 4413 et
1515 4361 1647 4428 ipse,

377 4455 562 4523 Palpat
591 4443 866 4508 mollitiem
893 4453 1053 4505 vestis
1081 4451 1310 4504 candore
1350 4444 1539 4517 nivali,

378 4549 557 4606 Serica
577 4545 882 4615 conﬁngunt
914 4552 1126 4599 tenuato
1151 4542 1374 4597 stamina
1399 4541 1508 4609 ﬁlo,

302 4702 436 4758 2‘22.
478 4700 573 4753 llic
595 4700 780 4755 Clarus
806 4715 833 4750 a
858 4698 1095 4764 Sulpicio
1126 4694 1375 4764 refertur,
1396 4693 1733 4764 nobilissimo
1758 4709 1789 4750 θ
1870 4714 1873 4717 ·

220 4787 435 4845 genere
461 4770 643 4845 fuisse,
668 4782 786 4833 cap.
812 4764 884 4818 25
918 4762 1045 4845 \fitm
1070 4766 1126 4844 S.
1172 4763 1413 4845 Martini;
1440 4762 1587 4830 isque
1612 4774 1790 4844 postea

222 4834 492 4899 sacerdos
538 4840 765 4893 initiatus
812 4834 1054 4890 omnibus
1082 4835 1332 4887 vitutibus
1386 4836 1436 4886 in
1469 4834 1789 4889 monasterio

223 4921 452 5036 ευὲἓξ.
478 4979 588 5033 Non
634 4978 788 5041 longe
817 4976 1018 5030 scilicet
1065 4986 1093 5024 a
1121 4971 1323 5025 Martini
1356 4971 1679 5041 monasterio
1713 4970 1793 5036 (ut

206 5033 436 5111 ibidem
483 5058 661 5100 narrat
715 5033 999 5111 Sulpicius)
1030 5042 1427 5095 tabernaculum
1458 5033 1631 5103 suum,
1680 5033 1811 5095 sive:

224 5120 428 5179 cellam
468 5117 654 5173 Clarus
708 5111 1264 5185 constitueranquod
1312 5112 1423 5185 fere
1471 5111 1629 5185 moris
1681 5122 1793 5185 erat

222 5189 511 5245 vett-ribus
564 5184 931 5251 monasteriis,
966 5180 1023 5235 ut
1047 5180 1195 5251 cellis
1253 5182 1348 5234 hac
1376 5183 1493 5234 illac
1537 5180 1790 5251 dispersis

224 5261 645 5321 coalescerent;
688 5256 761 5307 uti
794 5248 983 5322 legitur
1025 5252 1075 5303 in
1128 5248 1242 5322 Vita
1270 5251 1327 5303 S.
1360 5248 1591 5322 Antonii,
1622 5264 1669 5301 c.
1706 5250 1789 5315 10,

224 5346 288 5385 ιι.
319 5326 414 5392 58,
434 5335 575 5379 erant
607 5317 659 5378 in
700 5317 870 5377 monte
891 5320 1211 5392 monasteria,
1241 5327 1475 5392 tanquam
1503 5317 1795 5392 tabernacu-

226 5400 288 5453 ιι
344 5414 366 5451 :
401 5386 545 5466 quod
595 5398 722 5466 item
748 5394 814 5447 de
839 5386 954 5466 3|th
984 5388 1210 5466 Aﬁgypti
1245 5386 1573 5441 tnona‘steriis
1632 5390 1794 5466 fuisse

225 5456 437 5535 legitur
480 5466 615 5529 apud
670 5465 837 5535 llic-tn,
862 5456 1234 5535 epistola:_10.8_,
1262 5474 1377 5535 qure
1406 5458 1709 5535 est-praef?
1740 5459 1791 5535 i_n

229 5527 644 5592 translationem
699 5527 995 5600 regularum
1046 5528 1140 5583 SS.
1175 5528 1460 5592 Pachumii,
1506 5527 1788 5592 'l‘lteodori,

230 5618 291 5665 et
319 5604 602 5662 Oresiesis.
648 5620 659 5624 -

309 5668 440 5733 256.
478 5673 608 5728 Cod.
640 5672 782 5737 γει..
822 5668 918 5724 Dei
944 5670 1161 5723 sciendo.

310 5744 438 5801 262.
478 5743 615 5805 bdit.
646 5741 802 5809 Veu.,
831 5744 985 5796 elevat
1011 5740 1124 5793 huic
1162 5754 1373 5793 varium.

1819 4477 1872 4537 D

2018 529 2457 582 Duciiurinterca
2503 527 2775 580 monachis
2817 542 2919 591 nqx
2948 529 3165 597 pervigil
3194 529 3402 596 hymnis

2016 618 2083 671 Et
2107 628 2379 681 compacta
2410 617 2592 671 choris
2618 615 2863 671 Daviilica
2885 632 3050 685 canna
3073 620 3324 687 resultat,

2020 709 2081 765 Ut
2112 724 2288 763 coram
2319 708 2652 763 Altithrunus
2682 709 2939 762 velamina
2962 709 3075 763 visa
3109 715 3329 768 revelet.

2016 799 2130 854 Jam
2162 800 2442 866 spumabat
2465 799 2614 864 equis
2642 815 2848 853 aurora:
2874 800 3051 871 auriga
3082 805 3323 869 rubores,

1877 888 1984 944 265
2021 889 2109 946 Sol
2141 904 2349 958 quoque
2404 888 2645 943 lucilliias
2683 890 3129 947 circumflectebat
3178 876 3428 965 habenas,

2013 981 2190 1050 Atque
2218 991 2398 1035 renata
2428 982 2543 1035 dies
2572 983 2847 1037 revocabat
2871 984 2922 1037 in
2946 998 3069 1037 arva
3095 984 3325 1055 labores,

2018 1071 2133 1125 Mox
2213 1069 2399 1125 Clarus
2456 1073 2783 1141 tmotiachum
2864 1073 3086 1131 Martino
3152 1074 3402 1132 ostender

3222 1170 3430 1244 [tendit,

1923 1256 1932 1265 “
2026 1254 2263 1310 Noscens
2292 1253 2593 1321 pontificem
2624 1254 2990 1323 phantasmata
3021 1258 3163 1313 nulla
3210 1260 3395 1317 latere.

2020 1344 2150 1400 Cum
2209 1346 2499 1401 anctiante
2526 1348 2708 1401 oculos
2728 1338 2878 1423 vario
2908 1346 3003 1402 fuit
3050 1364 3150 1403 una
3174 1350 3359 1418 ﬁgura,

1879 1436 1984 1494 270
2022 1437 2434 1505 Decipulamque
2463 1450 2610 1489 suam
2640 1438 2887 1507 deceptor
2907 1440 3078 1507 perdit
3103 1440 3154 1494 in
3197 1443 3363 1497 illum.

2022 1527 2267 1596 (Imperat
2288 1528 2370 1580 his
2392 1529 2610 1580 demens
2638 1527 2913 1582 Anatolius
2939 1544 3066 1599 ergo
3091 1531 3267 1598 reniti,

2019 1617 2305 1671 lnterdicta
2336 1616 2436 1671 sibi
2468 1616 2672 1670 Martini
2699 1631 2981 1673 occurrere
3009 1622 3151 1685 ovili,

2023 1712 2154 1765 Dum
2184 1720 2359 1766 tamen
2409 1710 2589 1765 invitis
2621 1711 2915 1766 traheretur
2941 1714 3179 1781 passibus
3207 1715 3429 1787 haerens,

2025 1801 2280 1873 Tegmina
2304 1804 2565 1873 falsiloqui
2594 1816 2879 1862 vanescunt
2905 1808 3023 1863 alba
3063 1811 3258 1879 nigelli,

1880 1894 1987 1952 275
2023 1894 2090 1951 Et
2143 1896 2280 1952 male
2335 1896 2627 1953 deatituunt
2692 1898 3008 1954 monachum
3081 1916 3209 1971 vaga
3284 1895 3434 1970 pallia

2140 1980 2149 1989 χ
2836 2036 2837 2039 η
3178 1991 3433 2065 [nudutn;

2019 2075 2127 2132 Nec
2169 2083 2279 2130 stat
2335 2077 2609 2148 imagineis
2664 2078 2963 2135 simulatilis
3015 2084 3198 2138 umbra
3229 2086 3434 2157 ﬁguris,

2023 2166 2229 2221 Territa
2256 2166 2458 2222 Martini
2486 2168 2564 2223 sic
2605 2172 2820 2225 nomine
2849 2170 2993 2225 larva
3020 2172 3229 2245 refugit.
3264 2234 3271 2263 ι

2092 2260 2271 2314 llosﬁs
2304 2260 2449 2315 iners
2478 2261 2674 2330 majora
2712 2264 2822 2318 suis
2852 2262 3043 2319 dehinc
3088 2260 3291 2321 viribus
3342 2283 3438 2324 au-

2510 2351 2533 2367 ’
2824 2355 2829 2359 ’
3136 2406 3139 2407 ν
3254 2347 3432 2434 [dens,

2024 2440 2265 2497 Perﬁdus
2287 2452 2341 2497 et
2366 2442 2569 2499 totiens
2586 2444 2769 2511 elisus,
2801 2460 2900 2501 nec
2927 2447 3030 2504 sibi
3052 2450 3291 2518 credens,

1883 2532 1991 2588 280
2021 2533 2221 2589 Debilis
2251 2546 2399 2589 arma
2427 2549 2666 2601 movens,
2691 2545 2745 2591 et
2769 2536 3001 2606 degener
3023 2541 3185 2596 ardua
3208 2551 3437 2611 tentans,

2027 2624 2093 2680 Ut
2120 2640 2211 2678 sua
2242 2624 2356 2678 laus
2382 2624 2536 2679 ﬁeret
2584 2628 2664 2701 vel
2696 2627 3011 2683 sollicitasse
3042 2642 3329 2701 potentem,

2020 2713 2303 2769 Cresceret
2329 2723 2383 2769 et
2413 2714 2595 2779 titulis,
2629 2714 2816 2771 fortem
2847 2719 3085 2786 pulsasse
3127 2725 3366 2791 sagittis:

2023 2807 2259 2877 Denique
2286 2822 2409 2862 cum
2436 2818 2651 2862 sanctus
2672 2810 2950 2885 secubaret
2977 2812 3032 2866 in
3054 2828 3241 2883 aggere
3266 2815 3434 2883 fusus,

2026 2896 2347 2952 lnsinuando
2381 2905 2565 2966 preces
2594 2889 2817 2957 Domino
2844 2916 2939 2969 pro
2971 2904 3119 2971 plebe
3167 2908 3439 2971 sacerdos.

1884 2988 1989 3043 285
2025 2990 2273 3045 Constitit
2299 3000 2420 3045 ante
2440 2994 2627 3047 oculos
2653 2988 2904 3048 deformis
2932 2993 3100 3048 forma
3143 2996 3376 3063 rebellis,

2029 3081 2325 3147 Sulphurea
2354 3082 2454 3136 sub
2475 3084 2593 3138 luce
2642 3085 2846 3138 micans
2876 3084 3365 3157 radiatilisutnht‘a,

2029 3172 2257 3226 Lutnine
2287 3177 2508 3229 mentito
2531 3176 2861 3238 tenebrosus,
2890 3185 2944 3231 et
2971 3184 3080 3230 atra
3105 3193 3335 3250 vorago;

2027 3262 2275 3332 Fulgidus
2296 3264 2524 3329 exuviis,
2569 3265 2728 3333 regali
2759 3275 2904 3320 veste
2928 3268 3164 3335 satelles,

2025 3354 2220 3410 Tectus
2247 3356 2551 3423 bracteolis,
2583 3372 2751 3412 vacuo
2776 3358 3072 3414 diademate
3102 3360 3346 3429 pulcher;

1888 3442 1992 3496 290
2029 3444 2225 3498 Ordine
2254 3458 2582 3511 gemmarum
2609 3451 2891 3502 numerosa
2923 3449 3039 3515 luce
3065 3465 3336 3519 coruscus,

2027 3530 2180 3586 Falsa
2204 3543 2348 3587 veste
2376 3544 2562 3602 potens
2586 3552 2601 3599 ;
2630 3536 2715 3593 cui
2762 3537 2972 3591 calceus
2997 3537 3334 3610 illitusauro,

2030 3625 2208 3679 Latior
2228 3637 2283 3679 et
2318 3626 2515 3681 tumido
2537 3626 2743 3710 jactans
2782 3643 2841 3683 se
2867 3646 3055 3699 pompa
3086 3607 3374 3704 triumpho,

2028 3712 2189 3787 Cujus
2218 3718 2283 3771 ad
2323 3730 2591 3787 aspectum
2619 3732 2833 3776 sanctus
2866 3722 3019 3776 habet
3062 3738 3154 3778 ora
3182 3742 3443 3796 repressa,

2028 3810 2311 3881 Mutuaque
2332 3811 2489 3866 anibo
2519 3812 2609 3868 diu
2638 3822 2856 3869 tenuere
2899 3816 3109 3871 silentia
3140 3820 3303 3886 fastu;

1888 3902 1994 3955 295
2031 3902 2227 3957 Mirans
2258 3904 2347 3956 ille
2376 3905 2567 3969 virum,
2599 3909 2724 3959 dum
2755 3906 2979 3974 despicit
3010 3909 3107 3964 iste
3138 3914 3441 3979 superbum.

2027 3993 2193 4058 Quem
2247 3993 2390 4062 prior
2451 3995 2737 4065 alloquitur
2801 4012 2960 4063 reus,
3011 4008 3065 4053 et
3135 4006 3447 4071 temerarius

3234 4092 3398 4149 hostis
3432 4114 3444 4149 :

2892 4102 2893 4105 ‘
3002 4136 3005 4143 .
3234 4093 3444 4149 hostis:

2030 4177 2159 4243 Quae
2208 4178 2445 4259 nudum"
2486 4177 2730 4249 Martiae,
2770 4182 2916 4250 cupis
2970 4093 3277 4251 penetranlte
3331 4201 3449 4254 pre-

2346 4328 2351 4331 .
3289 4285 3424 4331 Icatu

2346 4328 2351 4331 ν
3310 4285 3424 4330 catu

2033 4358 2145 4412 Jatn
2176 4358 2253 4427 pia
2280 4367 2399 4413 vota
2419 4370 2565 4414 tenes
2596 4379 2608 4413 :
2634 4376 2730 4431 ego
2743 4378 2857 4416 sum
2884 4364 3048 4433 gloria
3074 4373 3160 4419 tua
3185 4276 3447 4437 Citr[istus:

2037 4452 2212 4519 Exigis
2239 4462 2296 4505 ut
2319 4455 2526 4508 veniam
2554 4454 2756 4510 validus
2788 4470 3028 4525 recreare
3073 4457 3302 4525 labores,

1893 4542 1997 4599 500
2036 4542 2103 4599 Et
2122 4541 2305 4598 sudata
2335 4542 2439 4597 tuis
2474 4553 2530 4597 ut
2557 4545 2697 4599 soler
2727 4544 2862 4597 bella
2886 4544 3199 4612 triumphis?

1958 4676 2084 4731 260.
2125 4678 2222 4732 Ed.
2260 4674 2387 4730 Ven.
2422 4675 2474 4729 in
2509 4674 2643 4731 Ven.
2677 4675 2844 4741 Edit.,
2876 4694 3032 4731 ntanu
3062 4679 3289 4735 dissolui.

1961 4747 2087 4801 264.
2131 4749 2227 4802 Ed.
2256 4745 2411 4817 νειμ,
2441 4756 2487 4798 ει
2508 4748 2617 4814 jam
2656 4758 2854 4811 spumat
2893 4752 3050 4817 equis.

1999 4818 2085 4871 72.
2127 4818 2253 4873 Cod.
2275 4816 2392 4872 Vat.
2415 4827 2650 4869 occurrat
2678 4819 2815 4869 ovili.

1957 4889 2083 4943 280.
2126 4888 2222 4943 Ed.
2258 4890 2412 4949 Ven.,
2446 4885 2775 4956 Etdegenera
2796 4887 2979 4942 ardua.

1959 4957 2082 5014 283.
2125 4956 2387 5023 Sulpicius
2414 4955 2603 5008 narrat
2620 4969 2671 5010 c.
2694 4955 2762 5010 26
2783 4958 3046 5013 diabolum
3069 4958 3165 5013 hac
3191 4974 3247 5013 se
3273 4959 3443 5016 forma

1892 5030 2189 5086 ostendisse
2219 5027 2461 5099 Martini),
2486 5027 2610 5099 dnm
2644 5028 2687 5081 is
2709 5027 2758 5079 in
2788 5028 2973 5099 cellula
3000 5037 3194 5081 oraret.
3219 5030 3443 5099 Ληθὼ

1892 5101 2068 5165 itaque
2098 5098 2309 5152 nomine
2336 5097 2478 5150 Venit
2520 5092 2655 5149 forte
2683 5092 2894 5165 aggesta
2923 5098 3131 5164 humus,
3165 5100 3248 5152 vel
3271 5092 3444 5168 palea,

1891 5186 2051 5239 super
2074 5184 2227 5238 quant
2259 5177 2475 5239 stratus
2486 5167 2818 5239 precabatur.

1960 5236 2166 5295 286.1n
2196 5239 2417 5305 vulgatis
2447 5236 2612 5300 libris,
2639 5237 2919 5289 radiantius
2949 5237 3135 5307 legitur
3158 5253 3250 5306 pro
3276 5239 3447 5291 radiu-

1896 5314 2015 5369 tilt’s.
2042 5312 2162 5364 Hcce
2208 5321 2469 5373 postrema
2517 5308 2678 5359 dictio
2730 5308 3003 5359 fannliaris
3037 5310 3339 5370 Fortunato,
3392 5319 3447 5361 ut

1894 5382 2260 5439 animadvertit
2319 5378 2518 5442 Brom,
2568 5377 2719 5429 sicuti
2770 5385 2824 5430 et
2886 5377 3210 5447 lymphatilis,
3277 5378 3441 5446 furia-

1895 5458 2013 5515 tilis,
2046 5460 2147 5505 etc.
2658 5494 2661 5498 .

1962 5524 2085 5579 290.
2130 5521 2269 5574 Edit.
2295 5517 2448 5581 νειμ,
2479 5532 2755 5570 memorata
2785 5517 2896 5571 luce
2914 5531 3167 5570 coruscus.

1963 5594 2085 5649 295.
2130 5592 2269 5645 Etltt.
2329 5590 2475 5653 \'ett.,
2530 5588 2747 5642 Sanctus
2795 5586 2933 5641 habet
2983 5602 3066 5640 ore
3095 5603 3316 5657 represso

1964 5664 2086 5719 500.
2127 5661 2261 5718 Cod.
2298 5659 2436 5726 νειμ,
2473 5658 2600 5712 bella
2630 5668 2851 5726 tropwia.

3407 5630 3421 5655 \
