3948 6218
462 323 569 383 399

613 435 843 493 Cervicis
872 436 1017 491 durae
1041 435 1250 493 solvens
1272 439 1458 494 ardore
1487 441 1738 509 rigorem.

604 529 734 585 Inde
757 529 958 600 ﬂagella
980 540 1237 602 coquunt,
1264 532 1384 587 hinc
1433 549 1609 604 regem
1640 534 1878 590 incendia
1909 548 2011 615 ete-

1346 614 1347 617 i
1841 624 2010 697 {dunt,
2080 664 2083 667 γ

608 712 826 782 Vapulat
849 725 901 769 et
922 729 1118 785 rapinis
1139 717 1365 771 ﬂammis
1400 700 1617 787 augusta
1645 727 1906 787 potestas;

450 880 453 881 ν
603 805 738 861 Hinc
766 807 905 862 celer
926 809 1123 864 exsiliit
1148 809 1356 876 rapiens
1379 825 1438 865 se
1458 811 1654 873 Caesar,
1681 820 1735 865 et
1764 810 1976 877 ardens,

458 896 566 955 255
592 896 801 953 Martini
830 914 999 968 genua
1030 900 1352 970 amplectens
1380 901 1705 970 pedibusque
1731 901 2002 959 volutans.

599 987 792 1057 Sicque
816 989 1098 1059 superbum
1128 990 1394 1046 hominem
1424 1006 1481 1047 se
1513 1006 1801 1061 agnoscere
1847 1006 2006 1060 pmna

1815 1083 2006 1150 coegit,

1793 1083 2001 1156 [coegit,

592 1166 728 1224 Vilia
758 1183 915 1239 regna
947 1172 1195 1239 probans,
1218 1181 1273 1227 et
1292 1174 1431 1229 celsa
1448 1173 1720 1229 cacumina
1749 1189 2001 1241 curvans,

594 1258 871 1329 lmperiale
899 1272 1058 1330 caput
1088 1264 1252 1317 sancti
1275 1262 1341 1318 ad
1372 1266 1589 1334 vestigia
1612 1265 1866 1319 subdens.

591 1347 702 1404 Nec
721 1360 961 1419 Spectare
991 1366 1175 1420 preces
1206 1354 1401 1421 patitur
1422 1354 1720 1411 reverentia
1742 1353 1871 1423 justi
1895 1371 1910 1419 ;

445 1438 556 1498 ειο
580 1438 835 1497 Praestitit
857 1450 981 1495 ante
1008 1449 1218 1496 tumens
1254 1456 1411 1512 quam
1466 1444 1685 1513 supplex
1725 1442 1897 1523 danda
1922 1457 2011 1499 ro-

1842 1545 2006 1603 asset;

566 1627 756 1708 .Begia
783 1627 882 1683 rite
911 1642 1108 1697 parans
1135 1629 1373 1685 convivia
1403 1644 1544 1701 smpe
1574 1630 1757 1698 beato;
1787 1535 1838 1607 [8

592 1719 793 1775 Obtulit
821 1720 944 1774 in'de
962 1718 1144 1775 favens
1162 1721 1373 1776 abeunti
1401 1736 1620 1777 munera
1651 1723 1927 1791 princeps:

1160 326 1473 384 VENANTII
1512 329 1670 385 IION.
1712 329 1913 385 CLEM.
1959 328 2348 401 FORTUNATI
2375 327 2654 386 OPERUM
2693 326 2872 385 PARS
2908 327 2954 387 1.

2041 441 2092 501 Α

3585 323 3704 385 ιω

2269 440 2454 494 Omnia
2485 436 2797 508 praeponens
2827 437 2939 491 haec
2967 435 3331 503 imperiahbus
3356 439 3528 495 escis.-

2115 529 2220 583 265
2266 529 2377 583 [loc
2404 528 2657 599 Martinus
2681 528 2821 597 agit,
2852 542 2955 595 quo
2982 526 3193 580 clausos
3218 541 3436 583 carcere
3463 530 3612 586 laxet
3633 568 3655 599 ,

2256 620 2459 673 Exsilio
2483 619 2693 684 ductos,
2722 618 3022 686 laribusque
3043 618 3266 707 redguca‘t
3289 622 3464 685 avitis,

2259 711 2364 766 Sed
2387 712 2500 776 tibi,
2531 720 2718 766 sancte
2741 722 2917 779 pater,
2944 709 3118 763 minus
3148 717 3252 775 est,
3280 713 3518 781 Augusta
3545 712 3698 780 quod

2770 796 2773 803 ’
3183 819 3205 833 ’λ
3452 801 3659 875 [explet
3672 842 3693 868 ,

2250 894 2364 953 Hoc
2386 892 2554 962 magis
2582 892 2835 962 obsequio
2864 894 3038 949 crevit
3061 891 3243 963 regina
3268 902 3512 962 peracto.

2329 985 2424 1040 Est
2454 986 2605 1039 locus
2633 984 2685 1038 iit
2717 984 2992 1039 Turonum
3022 982 3127 1038 fine
3186 991 3243 1039 et
3269 983 3479 1039 confine
3507 982 3697 1038 Βαυτ-

2511 1117 2515 1121 ~
3178 1152 3193 1159 ,
3502 1077 3692 1148 (sum,

2110 1165 2215 1222 270
2257 1162 2436 1222 lnéola
2466 1180 2624 1235 quem
2659 1165 2832 1220 vicum
2860 1165 3107 1241 vocitavi_t
3135 1164 3226 1219 Cla
3239 1164 3604 1239 udiomagum,

2253 1256 2458 1310 Mansio
2488 1257 2622 1308 forte
2646 1255 2744 1309 fuit
2768 1255 2993 1309 Martino
3023 1256 3401 1329 praetereunti,

2254 1344 2511 1399 Ecclesiae
2542 1343 2752 1398 Domini
2778 1359 2880 1413 qua
2912 1343 3195 1399 secretaria
3225 1343 3467 1414 pollent;

2260 1433 2630 1505 Virgineisque
2669 1433 2846 1489 choris
2886 1442 3069 1490 sancto
3096 1415 3449 1501 tabscedente,
3498 1433 3687 1505 requi-

3496 1526 3652 1597 [runt
3668 1564 3686 1595 ,

2260 1616 2376 1683 Quo
2404 1617 2569 1683 stetit,
2598 1624 2690 1673 aut
2739 1615 2895 1684 sedit,
2920 1615 3087 1686 iacuit
3132 1632 3300 1689 genua
3331 1626 3490 1674 atoue
3518 1618 3690 1676 reﬂe-

2630 1732 2641 1739 \
3540 1709 3645 1782 [xit
3669 1727 3688 1777 ;

592 1809 914 1880 Paupertate
942 1822 1129 1879 potens
1157 1811 1250 1866 sed
1277 1814 1504 1879 reppulit
1533 1784 1709 1865 omnia
1736 1784 1973 1883 sanctus,

2114 1799 2214 1857 275
2254 1800 2522 1857 Lambunt
2562 1809 2753 1856 cuncta
2793 1798 2973 1867 simul,
3020 1800 3103 1856 vel
3142 1801 3209 1856 ad
3250 1800 3428 1857 oscula
3470 1799 3690 1871 singula

594 1901 846 1971 Donaque
889 1902 1206 1971 despiciens,
1249 1904 1441 1957 meruit
1488 1903 1604 1971 plus
1651 1903 1889 1973 principe
1934 1905 2004 1959 ab

1848 1992 2004 2065 [ipsa

449 2100 559 2159 245
592 2100 819 2159 Tantum
852 2102 1022 2157 maius
1068 2100 1266 2157 habens
1326 2112 1580 2172 quantum
1623 2107 1797 2161 minus
1841 2104 2010 2161 ambit

1772 2195 2011 2269 [avarus.
2094 2194 2106 2218 ‘

592 2284 781 2341 Omnia
806 2293 929 2339 sunt
953 2285 1050 2340 soli
1070 2285 1157 2355 qui
1180 2285 1320 2339 nulla
1349 2287 1573 2355 requirit
1607 2287 1856 2343 habendi.

587 2377 726 2434 Hinc
752 2392 961 2448 quoque
985 2378 1293 2451 Romuleam
1322 2387 1533 2448 regeret
1578 2372 1697 2432 cum
1753 2379 2007 2435 Maximus

1784 2468 2016 2540 [arcem,.

595 2557 694 2613 Vir
720 2557 935 2626 capiens
952 2557 1152 2627 apicem
1180 2573 1274 2629 per
1292 2559 1496 2628 publica
1519 2567 1665 2630 gesta
1691 2559 2001 2629 triumphis:

597 2649 803 2718 Sepias
826 2649 911 2704 hic
932 2658 1171 2704 sanctum
1199 2664 1291 2718 per
1320 2650 1467 2705 celsa
1499 2651 1691 2719 palatia
1717 2649 1897 2715 duxit;

453 2760 557 2819 250
594 2759 707 2821 Hoc
729 2768 840 2827 toto
869 2776 1114 2817 sermone
1135 2761 1359 2831 loquens
1383 2762 1450 2817 de
1480 2763 1597 2817 luce
1627 2763 1797 2815 futura
1831 2781 1844 2815 :

585 2853 712 2921 Quis
738 2852 807 2907 sit
833 2852 1001 2908 honor
1026 2851 1182 2921 ’ustis
1232 2852 1347 2907 laus
1395 2853 1585 2922 gloria,
1617 2852 1812 2922 palma,
1847 2864 2006 2905 coro-
2044 2916 2053 2927 δ

1902 2953 2003 3006 na;

585 3035 692 3091 Nec
712 3037 891 3103 regina
913 3035 1074 3102 pedes
1098 3040 1273 3092 cessat
1307 3033 1601 3102 lacrymosa
1630 3031 1823 3101 rigare,
1878 2939 1901 3011 ἱ

593 3125 851 3181 Sternens
873 3124 1108 3178 membra
1127 3125 1263 3189 solo,
1287 3124 1615 3192 suspendens
1631 3123 1816 3193 gaudia
1846 3129 2005 3178 voto:
2032 3124 2081 3189 ο

593 3213 723 3271 Inde
745 3224 988 3284 precatur
1012 3229 1197 3280 ovans,
1229 3214 1468 3268 convivia
1496 3224 1553 3268 ut
1581 3215 1691 3283 ipsa
1719 3216 1958 3284 pararet;

450 3328 559 3387 355
592 3327 807 3384 Obtinet
833 3326 935 3380 hoc
960 3326 1166 3379 bonitas
1194 3300 1469 3394 quodnon
1498 3325 1639 3379 valet
1682 3326 1785 3380 alta
1822 3335 2002 3394 potes-
2094 3392 2095 3395 η

1218 3464 1219 3467 η
1857 3418 1958 3490 [tas
1985 3434 2002 3474 :

594 3514 710 3581 ipsa
739 3522 896 3563 manu
918 3507 1099 3563 sellam
1126 3507 1319 3577 posuit,
1361 3522 1707 3579 mensamque
1735 3512 1961 3579 paravit,

594 3601 736 3656 Dans
764 3599 1007 3655 manibus
1052 3586 1334 3669 lymphas,
1370 3614 1555 3655 rursus
1591 3601 1772 3670 regina
1812 3601 2000 3655 minis-

1878 3690 2003 3762 [ttat

592 3787 758 3851 Laeta,
780 3784 1017 3839 modesta
1040 3782 1150 3838 suis
1171 3781 1359 3851 palmis
1388 3796 1519 3851 quas
1545 3790 1757 3837 coxerat
1773 3795 1921 3837 escas
1948 3800 1961 3835 ε

593 3876 709 3944 Quo
729 3848 1005 3930 residente
1023 3848 1196 3938 sacro“,
1222 3870 1365 3926 stetit
1381 3848 1467 3925 illa
1497 3871 1770 3927 immobile
1791 3872 2001 3941 planta:

441 3984 553 4045 260
590 3982 813 4040 Fercula
837 3980 1157 4046 Subducens,
1180 3989 1235 4033 et
1256 3981 1440 4049 pocula
1470 3981 1693 4050 porrigit
1720 3983 1856 4049 ipsa,

590 4073 708 4131 Una
734 4074 977 4126 ministra
1003 4073 1120 4124 viro
1143 4069 1353 4123 suﬂ‘ecit
1377 4070 1442 4123 ad
1467 4069 1641 4123 omnia
1669 4071 1785 4123 soli.

590 4164 807 4221 Caenula
834 4161 1033 4228 finitur,
1058 4161 1150 4216 sed
1175 4161 1345 4214 adhuc
1368 4162 1543 4229 regina
1571 4160 1792 4227 satagit,

590 4255 895 4322 Fragmina,
907 4250 1180 4318 reliquias,
1195 4256 1419 4313 crustas,
1438 4259 1491 4302 et
1505 4249 1667 4302 frusta
1683 4245 2003 4311 recondens;

520 4410 647 4468 245.
680 4408 819 4463 Edit.
843 4388 1002 4472 Ven.,
1027 4400 1398 4475 tanta,'majus.

3437 1891 3688 1965 [dueunL

2260 1980 2493 2037 Divisere
2521 1981 2599 2035 sui
2623 1979 2925 2045 veneranda
2947 1980 3205 2034 stramina
3230 1979 3393 2047 lecti,

2184 2122 2192 2130 .
2253 2074 2426 2142 Atque
2452 2072 2597 2125 leves
2622 2070 2800 2139 paleas
2823 2069 3037 2124 virtutis
3066 2069 3300 2138 pondere
3326 2077 3572 2138 pensant,

2255 2163 2423 2229 Quam
2457 2160 2629 2232 tetigit
2661 2161 2907 2228 stipulam
2938 2170 3178 2225 sanctus,
3209 2174 3314 2214 non
3345 2146 3454 2214 ibat
3483 2160 3682 2217 inanis.

2258 2252 2501 2323 Denique
2528 2260 2647 2319 post
2670 2250 2869 2320 fragilis
2895 2249 3157 2318 confregit
3181 2249 3334 2303 fortia
3357 2250 3585 2304 culmus.

2118 2342 2225 2399 280
2266 2343 2395 2396 Nam
2424 2343 2656 2411 graviter
2683 2339 2964 2409 quemdam
2991 2339 3168 2394 rabies
3190 2338 3456 2394 inv-uerat
3481 2340 3682 2411 hostis,

2160 2492 2165 2505 ί
2257 2432 2324 2488 Et
2349 2428 2679 2487 truculentus
2703 2445 2864 2499 agens
2888 2432 3084 2485 erroris
3102 2431 3319 2499 spiritus
3343 2431 3460 2498 iret,

2253 2526 2385 2578 Dum
2412 2522 2667 2594 rapiendo
2692 2530 2832 2577 rotat
2853 2536 3052 2576 vesano
3071 2522 3287 2578 cardine
3312 2522 3559 2593 praedam,

2251 2614 2402 2669 Hunc
2423 2628 2685 2683 suspensa
2711 2611 2811 2666 viri
2839 2612 2983 2667 collo
3011 2610 3215 2667 festuca
3238 2612 3459 2683 fugavit,

2254 2704 2651 2772 lmmanetnque
2681 2704 2889 2758 hostem
2914 2702 3148 2772 palearis
3178 2694 3342 2758 arista
3366 2705 3616 2763 removit.

2109 2794 2216 2853 285
2256 2796 2428 2862 Tibia,
2462 2795 2613 2865 fruge
2640 2795 2806 2860 ferax,
2838 2796 3037 2848 larvam
3061 2794 3565 2869 iaculata,sagittat,

2261 2887 2330 2940 Et
2353 2887 2549 2955 stipula
2572 2886 2750 2950 exilis,
2778 2888 2926 2954 quasi
2950 2886 3080 2940 dura
3104 2887 3371 2955 phalarica
3394 2887 3529 2941 fixit.

2253 2974 2361 3029 Nec
2385 2977 2463 3029 sic
2488 2959 2652 3030 ullius
2670 2975 2799 3029 ferri
2823 2977 3125 3043 expavisset
3146 2990 3390 3043 acumen,
3446 3026 3449 3027 ν

2253 3068 2465 3137 Spicula
2492 3083 2589 3121 nec
2619 3077 2816 3121 tantum
2850 3067 3133 3133 timuisset,
3160 3069 3321 3123 missa
3349 3084 3443 3137 per
3464 3084 3680 3138 arcum,

2253 3158 2475 3214 Lubrica
2508 3161 2797 3227 pennigero
2827 3159 3096 3212 venientia
3124 3161 3227 3214 tela
3258 3160 3455 3225 volatu,

2105 3250 2212 3306 290
2250 3249 2495 3303 Parthica
2524 3264 2617 3303 seu
2651 3251 2893 3302 timidum
2920 3251 2964 3304 si
2995 3251 3365 3306 transfodisset
3388 3252 3612 3316 arundo,

2248 3339 2408 3408 Plaga
2443 3347 2497 3393 ut
2523 3338 2697 3394 vicino
2721 3340 2936 3409 gravius
2964 3341 3246 3398 lacerasset
3273 3343 3339 3397 ab
3366 3343 3493 3407 ictu,

2247 3427 2506 3484 Stramina
2521 3427 2598 3483 sic
2614 3431 2801 3483 metuit
2818 3428 3088 3497 trepidans
3101 3429 3467 3484 adamantinus
3478 3430 3675 3498 hostis,

2250 3518 2327 3573 Ac
2355 3518 2501 3572 velut
2536 3531 2600 3571 ex
2630 3519 2838 3586 stipulis
2863 3526 3115 3587 coqueret
3135 3534 3194 3574 se
3218 3520 3427 3574 ﬂamma
3453 3522 3675 3587 camini,

2255 3606 2347 3659 Vir
2372 3606 2520 3659 stetit
2546 3605 2845 3669 incolumis,
2871 3605 3107 3673 fugiente
3129 3607 3417 3664 volucriter
3441 3611 3628 3664 umbra
3655 3626 3672 3641 ·

2106 3695 2214 3752 295
2256 3695 2463 3752 Deserit
2479 3706 2535 3750 et
2552 3696 2783 3765 prtedam
2810 3696 2968 3766 lupus
2990 3701 3193 3767 ingens,
3215 3708 3269 3754 et
3291 3700 3375 3755 leo
3397 3700 3675 3757 frendens.

2325 3787 2453 3840 Inde
2481 3787 2768 3841 revertenti
2791 3787 3137 3843 Trevirorum
3164 3804 3227 3842 ex
3256 3790 3387 3863 urbe
3410 3791 3599 3856 beato,

2249 3875 2412 3930 Obvia
2443 3874 2578 3928 forte
2603 3875 2759 3927 datur
2783 3874 2960 3928 medio
2987 3875 3097 3929 fera
3126 3876 3344 3930 buccula
3370 3892 3598 3945 catnpo;

2249 3965 2414 4032 Quam
2442 3966 2648 4019 daemon
2676 3964 2842 4020 dorso
2867 3964 3175 4020 incumbens
3198 3967 3427 4037 agitabat
3450 3967 3669 4037 anhelo,

2256 4054 2523 4109 Pendulus
2547 4055 2693 4109 aerio
2718 4055 2962 4125 quatiens
2988 4057 3163 4129 auriga
3188 4057 3420 4127 ﬂagello,

2111 4144 2216 4199 500
2260 4143 2484 4197 PeStifer
2506 4153 2620 4198 arte
2649 4159 2783 4196 nova
2805 4183 2820 4208 ,
2849 4158 3005 4197 cursu
3032 4145 3165 4198 bove
3193 4161 3383 4215 nempe
3412 4148 3666 4219 verendo,

2251 4232 2519 4300 Cornigeri
2550 4232 2771 4301 pecudis
2796 4232 3077 4303 prouulsor
3104 4233 3267 4288 mulio
3293 4235 3456 4290 tristis

2113 4400 2237 4457 inde
2274 4403 2339 4457 ab
2377 4404 2557 4471 apside
2596 4404 2837 4459 solebant
2879 4406 3023 4469 poni.
3070 4405 3271 4461 Horum
3314 4422 3470 4461 usum
3512 4408 3669 4463 nobis

519 4464 647 4536 ἆιίθξ
670 4480 802 4533 (init.
840 4464 1025 4540 Vatici,
1052 4464 1243 4545 palatia
1265 4464 1420 4528 Jucit.
1453 4472 1666 4545 Maximi
1692 4474 1855 4543 pietas
1883 4464 1997 4527 lau-
2028 4465 2082 4528 D
2108 4473 2341 4527 ostendit
2385 4464 2632 4528 Paulinus
2672 4477 2828 4541 epist.
2856 4464 2966 4545 3‘2,
2991 4476 3042 4528 in
3075 4491 3177 4544 qua
3205 4478 3444 4533 scribens
3474 4480 3543 4531 ad
3570 4480 3670 4534 Se-

451 4554 606 4608 datur
631 4567 659 4604 a
687 4547 906 4616 Sulpic.,
938 4544 1069 4599 Dial.
1100 4560 1160 4616 tt,
1206 4558 1256 4598 c.
1291 4546 1343 4609 5,
1395 4544 1660 4611 excipiens
1709 4545 1896 4613 quibus
1944 4558 2003 4599 se

457 4622 739 4677 admiscuit
763 4614 931 4669 civilia
961 4614 1197 4667 dissidia.

522 4691 647 4743 ‘251.
672 4685 800 4740 Cod.
833 4685 974 4748 Vat.,
1006 4683 1139 4749 Quid
1161 4684 1226 4736 sit
1252 4682 1410 4736 honor
1418 4681 1567 4749 justi.

530 4759 654 4812 259.
689 4755 825 4809 Et‘lit.
854 4752 1013 4819 νειμ,
1034 4754 1167 4805 stetit
1198 4754 1287 4805 illa
1313 4752 1602 4815 immobilis,
1629 4758 1795 4819 atque.

522 4828 645 4883 262..
683 4827 822 4879 Edit.
858 4824 1013 4885 νειμ,
1040 4823 1212 4892 regina
1230 4824 1435 4892 sategit.

526 4899 651 4953 265.
668 4942 673 4947 .
688 4895 893 4947 Maximi
908 4891 1358 4960 etmjux’nimirnnt
1373 4892 1606 4944 ciborum
1623 4891 1868 4959 reliquias
1886 4905 2002 4959 qua:

460 4984 495 5024 e
524 4965 729 5021 Martini
771 4977 921 5015 cmna
952 4961 1315 5026 superfuerant
1347 4962 1417 5012 nti
1450 4963 1704 5025 [ll‘OllOStlS
1732 4962 1993 5013 recondit.

525 5035 653 5091 265.
687 5034 938 5087 Martinus
968 5044 1068 5081 non
1093 5034 1205 5082 sine
1228 5044 1383 5083 causa
1414 5044 1469 5081 se
1497 5043 1526 5080 a
1557 5027 1731 5095 regina
1759 5029 2002 5082 convivio

452 5109 624 5174 excipi
660 5116 847 5174 passiis
871 5108 980 5163 est,
1012 5102 1093 5150 vir
1121 5100 1439 5174 caelernqnin
1469 5107 1521 5151 et
1550 5101 1617 5149 nl)
1650 5099 1768 5151 vita:
1807 5100 2004 5174 sancti-

456 5171 615 5231 latent
639 5171 675 5238 ,⁷
703 5185 755 5226 et
803 5173 872 5225 ob
912 5178 1115 5222 multem
1157 5172 1315 5237 (nam
1360 5177 1465 5238 tntn
1509 5171 1941 5235 septuagenarius
1972 5182 2003 5221 a

455 5236 690 5313 Sulpicio
717 5242 877 5295 fuisse
898 5236 1419 5313 Scr-lbitur)all-()lllttl
1445 5238 1679 5313 criminis
1701 5239 2000 5313 suspicione

457 5304 661 5371 alienus
688 5330 701 5376 ;
732 5326 835 5378 quo
867 5308 1110 5360 nimirum
1143 5309 1228 5360 illa
1261 5304 1578 5378 indulgentia
1610 5309 1839 5368 miseris,
1873 5322 2001 5375 quo-

456 5402 575 5441 runt
608 5375 789 5438 saliuis
820 5379 1164 5442 deprecanda:
1195 5390 1349 5429 catts:i
1394 5376 1457 5427 ad
1504 5375 1874 5441 imperatorem
1917 5391 2004 5431 ac-

456 5466 720 5514 cesserat,
757 5451 953 5502 facilius
987 5454 1188 5501 veniam
1222 5448 1545 5513 impetraret.

528 5525 650 5576 270.
684 5521 1125 5587 Claudiomagum.
1168 5515 1316 5569 Hunc
1354 5516 1523 5568 vicum
1554 5514 2003 5568 ClaudiumM/tum

454 5595 681 5662 appellat
707 5589 1115 5662 Sulpicinscap.
1142 5588 1193 5640 8.
1312 5632 1315 5637 .

527 5653 651 5713 €2.72.
684 5653 845 5725 litem,
889 5658 1014 5711 dial.
1055 5653 1123 5719 ll,
1164 5671 1280 5722 cap.
1308 5655 1367 5721 f,
1409 5665 1587 5723 aperte
1627 5653 1857 5708 declarat
1898 5656 2003 5709 duo

458 5730 741 5789 secretaria
769 5730 819 5782 itt
847 5728 1083 5783 ecclesiis
1106 5726 1303 5783 exstrui
1327 5726 1664 5795 consucvisse
1688 5742 1703 5780 :
1728 5740 1844 5795 quae
1876 5726 2001 5781 hinc

2107 4557 2287 4596 verum
2320 4545 2607 4597 versiculos
2638 4545 2828 4610 mittit,
2863 4545 2913 4597 in
2958 4544 3176 4607 basilica
3219 4548 3385 4601 sancti
3433 4548 3629 4603 Felicis
3652 4589 3668 4613 ,

2107 4625 2136 4664 a
2167 4626 2223 4684 se
2248 4622 2568 4684 conStrueta,
2589 4613 2811 4684 diversis
2840 4613 3051 4668 inlocis
3080 4614 3359 4684 inscriptos
3385 4635 3397 4668 :
3426 4618 3479 4668 in
3507 4634 3673 4672 secre-

2107 4683 2251 4754 tarit’s
2273 4698 2397 4749 vero.
2420 4683 2639 4754 (Subtlit)
2660 4681 2876 4754 duobus,
2903 4700 3015 4754 qua:
3043 4701 3197 4754 supra
3225 4681 3329 4738 dixi
3368 4688 3503 4739 circa
3530 4690 3672 4753 apsi-

2080 4750 2218 4814 ,άεηι
2247 4768 2372 4817 esse,
2404 4753 2457 4804 lii
2485 4766 2654 4805 versus
2682 4750 3446 4822 indicuntb/‘ﬁciesingulorum
3467 4770 3487 4809 :

2630 4843 2672 4894 A
2711 4844 2887 4895 drxtra
2925 4844 3162 4909 apsidis:

2167 4930 2254 4996 llic
2273 4932 2405 4980 locus
2424 4940 2498 4982 est
2523 4932 2794 4996 veneranda
2818 4945 2989 4994 penus,
3008 4944 3102 4992 qua
3126 4933 3363 4996 conditur,
3389 4942 3441 4983 et
3456 4945 3554 4996 qua

2232 4994 2472 5042 Promitur
2492 4993 2612 5041 aluta
2632 4995 2753 5041 sacri
2777 4993 2947 5054 pompa
2970 4995 3237 5044 ministerii.

2586 5078 2630 5128 A
2662 5077 2865 5128 sinistra
2906 5078 3174 5142 cjusdem-:

2196 5168 2246 5230 Si
2271 5180 2419 5228 quem
2443 5176 2605 5217 sancta
2627 5171 2770 5230 tenet
2790 5166 3062 5214 meditanda
3083 5169 3146 5230 in
3172 5168 3285 5229 lege
3306 5168 3549 5230 voluntas,

2197 5228 2288 5277 Hic
2310 5233 2481 5290 poterit
2511 5228 2731 5279 residens
2749 5232 2898 5275 sacris
2925 5229 3188 5278 intendere
3209 5228 3360 5278 libris.

2175 5308 2299 5363 275.
2338 5311 2476 5383 Edit.
2509 5306 3221 5383 Ven_.,__Virgincique_t‘hori.
3252 5308 3442 5383 liarrat
3485 5313 3678 5383 Sulpi.

2107 5380 2240 5445 cius,
2266 5395 2382 5447 cap.
2410 5378 2464 5442 8,
2492 5379 2630 5447 quod
2666 5378 2736 5453 ibi
2768 5388 2917 5453 crat_:
2949 5377 3159 5453 ecclesia
3178 5377 3391 5439 celebris
3417 5377 3680 5453 religione

2106 5446 2424 5511 sauciorum,
2481 5446 2568 5500 nec
2626 5446 2785 5499 minus
2843 5446 3065 5515 gloriosa
3112 5461 3370 5503 sacrarum
3410 5446 3681 5522 uirginum

2108 5521 2397 5571 multitudo.
2430 5566 2433 5567 ,

2175 5587 2298 5641 2st).
2332 5588 2461 5641 Cod.
2497 5585 2639 5650 νειμ,
2670 5584 2934 5651 quemdam
2966 5594 3019 5639 ut
3046 5586 3226 5641 rabies.

2176 5657 2300 5710 28!.
2332 5656 2460 5709 Iret.
2495 5656 2649 5711 Forte
2676 5658 2798 5710 ibat.

2178 5728 2298 5783 295.
2335 5730 2469 5783 Edit.
2509 5726 2639 5782 Ven.
2666 5766 2683 5795 ,
2722 5726 2867 5796 lupus
2894 5744 3079 5799 egens;
3109 5727 3385 5787 mendose;
