3948 6218
504 279 604 337 ιον
980 354 985 359 _
1209 280 1521 338 VENANTH
1570 281 1725 338 "ON.
1767 280 2398 343 CLEM..FORTUNATI
2438 283 2720 341 OPERUM
2757 285 2950 344 PARS.
2991 285 3032 340 Ι.

2083 402 2140 461 Δ

639 397 740 461 Qui
770 403 916 464 potes
943 410 1053 463 ore,
1086 396 1186 450 mei
1214 395 1421 450 veniam
1452 397 1687 465 deposce
1716 396 1927 453 reatus:

648 484 716 539 Et
744 485 921 540 vitiata
944 485 1035 541 tibi
1061 485 1202 554 quod
1230 485 1405 556 lingua
1434 495 1810 554 remurmurat,
1839 487 1982 554 audi,

3613 283 3742 344 608

2307 397 2376 454 Ut
2402 399 2472 454 de
2499 399 2643 454 fonte
2669 400 2756 468 pio
2783 400 2909 453 fluat
2935 401 3254 470 indulgentia
3284 405 3431 468 laeso,

2303 489 2381 543 Ac
2411 499 2462 545 le
2487 498 2692 556 orante,
2719 503 2890 556 sacer,
2921 492 3103 546 redeat
3131 492 3389 546 medicata
3418 489 3666 546 cicatrix.

1679 747 1971 824 LIBER
2042 682 2555 835 QUARTUS.-

645 989 769 1045 Post
807 1000 952 1041 mare
989 983 1320 1054 ﬂuctivagam
1350 993 1598 1053 repetens
1622 980 1688 1036 ad
1717 980 1888 1040 littora
1921 993 2054 1046 por-

644 1169 889 1225 Floribus
919 1165 1196 1222 albicomis
1221 1164 1348 1218 dum
1378 1164 1487 1218 lilia
1524 1161 1713 1230 pollice
1751 1173 1931 1228 carpo,

643 1260 827 1327 Ungue
851 1256 1030 1311 recido
1062 1268 1214 1308 rosas
1251 1261 1306 1332 et
1341 1267 1435 1319 per
1464 1253 1679 1318 violaria
1705 1265 1882 1316 curro,

525 1341 546 1374 \
640 1351 803 1405 Ruris
828 1341 1121 1402 ainteniferi
1143 1346 1317 1398 varios
1341 1344 1474 1398 situs
1507 1344 1645 1398 inter
1669 1342 1882 1407 odores,

578 1441 610 1495 5
646 1440 852 1507 Obripit
877 1438 998 1492 inde
1025 1451 1184 1505 sopor
1209 1454 1223 1502 ;
1251 1437 1425 1491 fessus
1446 1450 1657 1506 quoque
1681 1436 1815 1489 colla
1842 1434 2058 1497 reclina,

652 1527 908 1596 Fultaque
937 1517 1212 1592 gramine’o
1239 1526 1518 1594 iacuerunt
1556 1524 1796 1579 membra
1822 1523 2062 1593 grabato,

643 1620 750 1676 Sed
775 1617 912 1674 redit
929 1631 1052 1671 ecce
1072 1611 1216 1680 dies,
1233 1625 1286 1668 et
1306 1614 1414 1682 jam
1445 1614 1684 1678 lucescit,
1706 1614 1936 1666 eundum
1959 1621 2058 1676 est,

650 1713 786 1765 Dum
814 1710 1072 1762 matutino
1104 1720 1204 1760 nos
1241 1719 1334 1758 ore
1363 1705 1559 1759 salutat
1597 1704 1841 1767 hirundo,

653 1803 737 1854 Ae
771 1813 829 1852 se
883 1805 1037 1852 nocte
1081 1795 1229 1850 brevi
1281 1795 1513 1848 celerata
1567 1793 1872 1862 crepuscula
1918 1806 2066 1845 rum-

1948 1894 2060 1949 unt,

547 1984 616 2042 10
651 1983 766 2052 Quo
805 1993 1020 2053 torpore
1057 1987 1239 2037 natent
1265 1976 1506 2047 quamvis
1538 1990 1654 2031 mea
1681 1884 2062 2038 luminaEpsur-

1885 2066 2058 2138 (sam;
2087 2077 2138 2140 Β

653 2167 1023 2237 Evigilansque
1048 2162 1215 2217 oculis
1233 2160 1504 2229 detergam
1535 2157 1728 2226 pollice
1758 2171 2024 2221 somnum,

654 2260 721 2312 Et
749 2258 891 2327 quod
931 2256 1033 2308 iter
1063 2253 1230 2321 repeti
1252 2250 1437 2306 Gallus
1459 2257 1633 2311 vocat,
1665 2248 1772 2310 ibo,
1801 2244 2027 2300 sodales.

650 2347 924 2400 Flumibus
957 2344 1009 2396 in
1032 2341 1222 2396 trifidis
1252 2341 1464 2410 ignarus
1491 2347 1647 2392 nauta
1679 2335 1889 2399 libellis,

653 2441 731 2492 Ac
762 2439 904 2492 velut
931 2436 1204 2503 ambiguas
1233 2433 1369 2486 inter
1394 2427 1760 2500 Symplegadis
1785 2426 1954 2480 undas

549 2527 618 2581 15
656 2526 792 2581 Jonii
825 2525 1000 2594 Egei,
1032 2523 1286 2591 Maleique
1315 2533 1539 2588 sequace
1569 2517 1824 2587 procella;

652 2617 734 2671 Me
764 2627 936 2668 tamen
961 2616 1012 2668 in
1041 2613 1234 2668 bibulis
1267 2627 1332 2665 ne
1364 2619 1626 2680 mergeret
1653 2609 1844 2662 Auster
1863 2605 2062 2672 arenis,

650 2704 868 2759 Summa
896 2703 1214 2772 gubernavit
1241 2699 1448 2756 Martini
1479 2699 1585 2754 vita
1627 2698 1851 2767 patroni,

653 2796 819 2860 Quam
861 2794 1002 2846 nitor
1029 2792 1288 2846 scabridis
1321 2791 1563 2857 indignus
1605 2787 2060 2852 carperevcrbis,

651 2886 924 2948 Rusticus,
955 2893 1073 2936 arte
1110 2879 1276 2944 rudis,
1307 2885 1517 2931 tentans
1555 2878 1783 2932 formare
1811 2876 2026 2940 monile,

544 2977 615 3032 ‘20
651 2975 799 3042 Quod
836 2988 932 3027 nec
962 2973 1084 3026 lima
1111 2971 1260 3040 polit,
1287 2983 1383 3023 nec
1405 2968 1626 3038 malleus
1645 2967 1790 3021 addit
1817 2981 2060 3035 acumen,

651 3068 766 3123 Non
797 3067 987 3122 incudo
1012 3065 1156 3131 terit,
1178 3063 1478 3130 fornaxque
1505 3059 1770 3114 examinat
1799 3060 1938 3127 igne,

653 3159 758 3212 Nec
791 3157 1009 3209 mordax
1038 3152 1252 3221 gemino
1286 3151 1493 3216 forceps
1527 3147 1795 3200 trutinavit
1832 3147 2058 3210 obunco,

658 3244 764 3302 Sed
794 3245 958 3313 magis
982 3244 1302 3310 incomptum
1335 3237 1535 3307 profert
1573 3251 1690 3292 mea
1739 3236 1914 3304 lingua
1951 3250 2065 3289 me-

1823 3327 2058 3400 [tallum;

654 3428 758 3485 Res
799 3437 975 3483 tamen
1003 3425 1090 3481 illa
1116 3424 1268 3495 juvat
1300 3423 1415 3477 sine
1443 3421 1678 3492 qualibet
1701 3421 1859 3476 ullius
1888 3431 2022 3485 arte,
2089 3410 2134 3472 C

549 3519 617 3574 25
652 3519 801 3586 Quod
830 3533 926 3587 per
950 3531 1007 3572 se
1037 3515 1304 3586 pulchram
1340 3512 1551 3582 praefert
1577 3525 1670 3566 sua
1714 3513 1880 3581 gratia
1913 3527 2060 3581 gem—

1877 3603 2059 3674 imam,

635 3706 901 3757 Attamen
929 3699 1086 3754 officii
1116 3712 1233 3767 quae
1261 3703 1463 3751 restant
1493 3695 1666 3749 debita
1693 3694 1931 3759 solvam;

654 3790 721 3848 Et
747 3793 830 3846 cui
854 3805 1036 3859 magna
1063 3789 1219 3841 nimis
1242 3787 1397 3841 modo
1417 3786 1609 3852 debeo,
1629 3800 1784 3854 parva
1808 3786 2058 3854 rependo.

654 3876 896 3931 Carnotis
928 3879 1126 3930 interea
1159 3876 1385 3945 genitam
1428 3885 1574 3941 pater
1610 3874 1800 3929 anxius
1843 3876 2058 3944 aegram,

649 3967 731 4020 'Ex
765 3977 914 4021 utero
943 3974 1140 4020 mutam
1165 3965 1385 4034 profert,
1411 3979 1562 4018 sacro
1583 3980 1675 4019 ore
1704 3965 2012 4020 medendam
2045 3983 2056 4017 :

549 4056 618 4112 50
658 4056 762 4110 Sex
801 4057 1039 4123 geminos
1083 4054 1312 4125 graviter
1357 4052 1599 4106 hebetem
1648 4052 1760 4106 sine
1803 4067 1928 4106 voce
1971 4067 2062 4121 per

1857 4143 2063 4213 [annos.

584 4264 637 4315 7.
683 4261 776 4316 Hic
805 4260 948 4313 locus
978 4257 1258 4319 respondet
1288 4256 1351 4310 iis
1370 4253 1583 4321 Sulpicii
1610 4254 1802 4319 verbis,
1832 4254 1963 4311 Dial.
1982 4272 2059 4322 nt,

514 4346 630 4398 cap.
663 4332 713 4395 ί,
741 4323 984 4398 ιιιεεεξξίι,
1009 4325 1562 4398 ολϐαιζςηευτςςῃιίαηι
1588 4335 1680 4386 est,
1713 4335 1860 4398 etc.___
1912 4391 1915 4395 ι

529 4395 538 4400 ’
584 4392 669 4453 15.
702 4392 833 4452 Cod.
870 4397 1013 4461 V'at.,
1041 4395 1092 4446 in
1121 4393 1302 4462 triﬁdis
1344 4392 1497 4446 tribus
1524 4405 1678 4446 nauta
1705 4392 1924 4456 libellis;
1944 4409 2059 4447 cor-

511 4480 681 4525 HINC.

716 4538 845 4592 Cod.
881 4533 1021 4598 Vah,
1055 4531 1226 4601 Neque
1256 4532 1485 4585 malleus.

587 4607 675 4657 51.
706 4607 893 4658 Narrat.
913 4599 1176 4668 Sulpicius
1203 4601 1338 4668 quod
1365 4600 1634 4668 Martinus,
1664 4614 1782 4653 cum
1812 4599 2057 4653 adessent

518 4675 744 4741 episcopi
779 4670 1169 4725 Valentinianus
1200 4667 1309 4741 sive
1336 4667 1644 4741 Valentinus
1674 4679 1726 4722 et
1765 4668 2058 4732 Victricius,

517 4739 676 4796 cessit
705 4745 814 4807 ipse
860 4741 925 4792 de
956 4741 1090 4801 luco,
1143 4747 1192 4791 ut
1245 4740 1276 4790 ii
1322 4739 1493 4807 potius
1532 4739 1754 4803 puellam
1794 4748 2060 4807 sanarent,

515 4805 767 4874 tanquam
809 4824 867 4861 se
913 4808 1212 4877 digniores;
1255 4805 1360 4877 sed
1391 4807 1730 4877 renuentibus
1769 4805 1849 4858 his
1887 4815 1939 4858 et
1967 4821 2063 4858 ex-

513 4883 786 4934 orantihus
817 4888 873 4928 ut
899 4878 1009 4941 ipse
1039 4876 1220 4934 puella:
1243 4875 1564 4934 mederetur,
1584 4875 1682 4926 non
1697 4884 1956 4925 cunctatus
1984 4877 2064 4925 ul-

512 4959 590 4999 tra
607 4949 890 5015 (utrumque
903 4945 1219 5015 prtvclarum,
1233 4954 1276 4994 et
1295 4943 1597 5015 ostendenth
1612 4943 1961 5007 humilitatem,
1977 4959 2063 4995 nec

518 5011 1077 5080 dtfferentfo'pietalem)
1110 5027 1304 5075 sperata
1334 5013 1582 5079 prwslilil.

587 5076 671 5137 39.
706 5076 832 5136 (lon
867 5084 1006 5143 ναι..
1037 5076 1212 5132 tinnile
1255 5076 1518 5145 plectrum.
1570 5080 1665 5132 Ed.
1703 5081 1853 5145 Vett.,
1888 5076 2064 5133 inutile

515 5155 776 5223 plectrum.
805 5153 868 5202 At
904 5151 1219 5223 Brt)\_\'et‘us_:
1252 5151 1383 5213 quod
1406 5151 1660 5223 mendose.
1680 5150 1769 5223 ait,
1789 5151 2062 5223 legebatur,

514 5219 692 5275 inutile
724 5224 986 5286 plé’t‘fl'lttlt,
1022 5221 1070 5269 ἰιι
1097 5219 1291 5284 nptime
1323 5220 1552 5286 curru-xit
1576 5219 1770 5271 Sidonii
1802 5221 2064 5285 interpres

517 5295 626 5359 lyra
690 5285 904 5343 tinnula.
965 5287 1102 5337 Ideni
1166 5288 1335 5359 Brow.
1371 5285 1594 5359 _profcrt
1645 5287 1818 5359 lucum
1881 5289 2065 5342 Alcimi

515 5355 673 5426 Aviti,
708 5375 862 5428 queui
891 5369 1102 5410 secutus
1132 5356 1338 5408 videtur
1370 5355 1712 5410 Fortunatus.
1755 5357 1801 5409 ls
1831 5372 1954 5411 vero
1984 5359 2068 5410 hic

510 5439 593 5483 est
626 5448 635 5480 :

636 5518 839 5565 Flexilis
854 5523 1067 5564 arctatur
1092 5525 1268 5562 recavo
1289 5514 1359 5561 sic
1387 5514 1546 5573 lingua
1573 5513 1746 5573 palato,

635 5579 840 5626 l’rcssns
865 5585 916 5623 ut
941 5580 988 5623 in
1011 5588 1268 5630 cameram,
1293 5573 1522 5635 pulsantis
1560 5576 1767 5622 verbere
1793 5576 1979 5635 plectri,

638 5639 904 5686 Percussus
923 5643 1140 5697 resonet,
1168 5633 1439 5684 modulatus
1464 5637 1509 5683 in
1534 5647 1668 5695 aera,
1694 5633 1871 5693 sermo,

1901 1069 2055 1140 [ιιιπιν
2105 1155 2152 1158 _.

2298 980 2404 1034 Nec
2432 979 2607 1036 differt
2647 981 2901 1038 Martinus
2927 997 3082 1052 opem
3110 985 3320 1054 pietatis
3349 989 3616 1055 amicam;

2299 1071 2566 1126 Sternitur
2587 1088 2714 1142 ergo
2731 1075 2872 1138 solo,
2897 1077 3086 1130 tacitus
3108 1092 3266 1145 prece
3285 1079 3458 1134 sidera
3482 1083 3736 1151 pulsans,

2299 1161 2530 1228 Corpore
2547 1163 2690 1218 fusus
2712 1163 2881 1230 humi,
2899 1166 3124 1221 volitans
3141 1182 3299 1235 super
3315 1170 3512 1224 aethera
3529 1187 3697 1227 sensu
3717 1188 3735 1238 ;

2301 1253 2474 1308 Sensit
2507 1262 2566 1309 ut
2589 1255 2834 1310 effectum
2863 1257 2985 1312 fidei
3025 1259 3280 1314 meruisse
3310 1273 3543 1330 precatu,

2199 1341 2268 1397 55
2303 1344 2761 1400 Sanctificaturum
2793 1347 2914 1401 ferri
2945 1349 3043 1402 sibi
3074 1353 3240 1416 poscit
3267 1352 3490 1416 olivum,

2305 1434 2641 1505 Infunditque
2665 1436 2746 1491 ori
2777 1438 3111 1494 benedictum
3140 1442 3288 1511 fruge
3315 1444 3577 1512 liquorem
3606 1463 3620 1509 ;

2303 1527 2470 1594 Atque
2496 1533 2685 1580 tenens
2710 1521 2875 1597 digito
2905 1528 3132 1596 linguam
3172 1533 3470 1588 miserando
3503 1535 3729 1602 puellm,

2307 1614 2420 1684 lpsc
2449 1618 2618 1683 patris
2652 1632 2842 1671 nomen
2871 1619 3078 1686 geniale
3105 1622 3326 1690 requirit
3350 1624 3618 1689 alumna;

2305 1702 2420 1758 Mox
2441 1706 2676 1759 resoluta
2697 1717 2874 1760 movet
2893 1707 3057 1761 faucis
3075 1709 3186 1779 lyra
3209 1709 3408 1767 tinnula
3437 1715 3734 1782 plectrum.

2200 1792 2270 1847 ιθ
2307 1791 2479 1861 Atque
2507 1796 2712 1849 insueta
2748 1798 2888 1849 canit
2919 1799 3170 1852 camerati
3199 1802 3400 1856 conclia
3431 1802 3619 1870 palati,

2273 1905 2275 1907 ·
2305 1886 2473 1941 Dente
2519 1886 2684 1941 relisa
2702 1903 2833 1942 cavo
2862 1889 3153 1956 producens
3182 1893 3342 1946 verba
3370 1889 3578 1956 filtillo,

2305 1975 2700 2046 Responditque
2729 1979 2890 2044 patris
2919 1994 3108 2033 nomen
3139 1980 3221 2050 pia
3253 1981 3356 2035 filia
3383 1981 3560 2039 dulce.

2305 2064 2499 2121 Ventre
2521 2067 2667 2136 prius
2690 2068 2888 2138 genita,
2915 2067 3000 2124 hic
3023 2069 3133 2124 visa
3173 2080 3256 2149 est
3280 2072 3433 2142 quasi
3460 2088 3595 2130 voce
3627 2089 3739 2129 re-

3543 2165 3698 2238 [nata
3713 2180 3734 2231 ;

2305 2245 2492 2300 Reddit
2517 2245 2714 2312 adulta,
2760 2256 2909 2303 vetus
2938 2249 3194 2305 lactantes
3222 2266 3316 2306 ore
3343 2267 3617 2322 susurros,

2304 2338 2562 2407 Incipiens
2593 2348 2774 2394 tenero
2800 2341 3141 2409 proscindere
3175 2346 3334 2397 verba
3362 2353 3569 2410 rotatu;

2305 2428 2446 2485 Motu
2477 2429 2619 2499 pigra
2647 2431 2764 2484 rudi
2798 2431 3083 2486 decurrens
3108 2433 3286 2503 lingua
3311 2435 3589 2504 gradatim,

2304 2521 2562 2590 lmplicito
2591 2522 2763 2577 sonitu
2783 2563 2800 2588 ,
2831 2528 2987 2578 rauca
3018 2526 3268 2591 novitate,
3297 2527 3487 2594 cicuta,

2305 2612 2482 2690 Donec
2508 2614 2660 2680 plena
2689 2628 2788 2667 suo
2815 2616 3009 2675 cecinit
3032 2617 3342 2686 symphonia
3371 2619 3521 2674 ﬂatu.

2304 2701 2438 2756 Tum
2461 2703 2663 2771 genitor
2684 2719 2852 2773 genua
2888 2705 3210 2775 amplectens
3232 2705 3528 2765 veneranda
3556 2711 3731 2777 beati,

2201 2791 2269 2843 50
2307 2790 2636 2856 Vociferans,
2666 2803 2720 2844 et
2768 2807 2896 2846 voce
2940 2794 3083 2857 data,
3114 2810 3208 2848 sua
3255 2798 3440 2865 gaudia
3486 2801 3732 2867 plorans,

2304 2878 2524 2932 Laetitia:
2549 2886 2672 2932 voto
2698 2879 2886 2933 reboat
2919 2882 3180 2949 praeconia
3210 2883 3439 2938 Christo.

2303 2967 2500 3022 Judicis
2524 2967 2644 3022 inde
2670 2967 2766 3022 feri
2796 2969 2986 3037 conjux
3012 2986 3150 3040 aegra
3181 2972 3428 3037 Avitiani,

2302 3058 2491 3134 Dirigit
2531 3060 2597 3112 ad
2641 3068 2905 3126 sanctum,
2934 3061 3100 3115 morbi
3128 3064 3389 3130 sperando
3414 3066 3727 3134 medellam,

2305 3131 2410 3202 Vas
2436 3148 2538 3203 ol'ei
2569 3150 2815 3214 vitreum,
2849 3150 2998 3203 lance
3026 3166 3172 3219 aequa
3203 3153 3557 3222 dimidiatum,

2203 3238 2271 3295 55
2309 3239 2463 3295 Unde
2491 3238 2757 3294 salutifero
2781 3239 3067 3308 depelleret
3099 3242 3324 3308 unguine
3346 3246 3609 3300 morbum.

2309 3331 2429 3385 Mox
2457 3344 2613 3398 super
2640 3329 2921 3396 ampullam
2971 3323 3095 3384 feeit
3122 3331 3297 3385 crucis
3323 3333 3434 3400 ipse
3460 3333 3724 3402 sigillum,

2310 3421 2488 3490 Surgit
2514 3419 2580 3474 ad
2622 3407 2714 3474 ora
2741 3421 2932 3490 liquor,
2955 3434 3309 3490 spumantique
3336 3433 3595 3479 exaestuat
3625 3441 3725 3479 un-

3514 3514 3721 3586 leuem.

2307 3599 2560 3655 Ubertate
2583 3612 2715 3653 nova
2746 3608 2914 3653 vrtreo
2941 3599 3039 3654 sub
3060 3601 3254 3655 cortice
3282 3602 3548 3669 obortum,

2308 3689 2372 3743 Et
2401 3703 2523 3743 vase
2557 3690 2608 3742 in
2640 3689 2782 3743 sicco
2809 3703 3096 3756 generosus
3122 3693 3352 3744 nascitur
3379 3693 3571 3748 humor
3595 3711 3610 3756 ;

2202 3783 2271 3837 60
2309 3782 2486 3836 Currit
2513 3780 2562 3832 in
2593 3793 2891 3844 ascensum,
2915 3781 3002 3848 qui
3027 3795 3243 3849 vergere
3265 3783 3409 3836 novit
3436 3786 3499 3837 ad
3524 3786 3718 3851 imum,

2310 3869 2562 3925 Fluxibus
2584 3878 2636 3922 et
2666 3868 2879 3938 liquidis
2906 3868 3007 3922 olei
3032 3869 3160 3938 petit
3186 3871 3366 3925 alveus
3393 3871 3555 3926 altum
3579 3891 3597 3935 ;

2306 3959 2408 4014 Sed
2440 3973 2591 4026 quem
2624 3939 2724 4012 non
2752 3960 2929 4027 genuit
2955 3960 3102 4013 radix
3139 3960 3376 4030 oleagina
3403 3976 3648 4027 succum,

2307 4048 2412 4101 Nec
2468 4047 2797 4114 Syrabracha
2848 4048 2989 4101 dedit
3042 4042 3230 4102 merito
3277 4050 3716 4118 virtutisadulto,

2307 4134 2507 4189 Crescit
2525 4145 2578 4190 et
2596 4137 2660 4188 ad
2687 4150 2971 4203 summum,
2997 4137 3174 4204 patulo
3195 4151 3296 4205 qua
3321 4140 3580 4192 clauditur
3599 4156 3713 4204 ore,

2170 4255 2334 4308 Porro
2364 4250 2589 4304 frixillus
2620 4249 2815 4318 (subdit
2836 4250 3003 4320 fidem)
3027 4264 3241 4319 pyrgus,
3268 4259 3362 4304 aut
3389 4253 3538 4320 pyxis
3568 4261 3709 4320 erat,

2168 4325 2220 4375 in
2246 4337 2399 4390 quam
2445 4328 2656 4390 tessera:
2685 4319 3028 4390 mittebantur
3051 4319 3458 4390 etjaciebantur
3487 4322 3540 4376 in
3581 4319 3713 4376 abaé

2167 4387 2285 4445 cum
2324 4405 2338 4444 :
2368 4390 2433 4442 de
2462 4387 2650 4456 quibus
2678 4387 2736 4440 C.
2773 4388 2967 4441 Sollius
2994 4388 3045 4440 in
3076 4388 3318 4442 Narbone
3347 4408 3358 4441 :

2284 4498 2373 4559 llic
2397 4508 2621 4559 promens
2642 4500 2829 4559 teretes
2853 4495 3324 4559 pilas,__trochosque,

2282 4558 2372 4608 llic
2397 4556 2517 4606 talos
2531 4558 2872 4616 crepitantibus
2897 4556 3086 4606 fritillis.

2091 4663 2139 4722 υ
2168 4641 2296 4722 lli‘nc
2321 4638 2474 4722 Jnan.
2502 4638 2568 4691 de
2588 4637 2864 4722 Ja‘nua,_.ut
2890 4639 3076 4705 legitur
3095 4641 3230 4706 apud
3263 4641 3562 4722 Dufresne‘:
3593 4643 3716 4722 Fris

2172 4711 2362 4780 tellum,
2394 4710 2484 4780 ait,
2516 4709 3004 4780 poniturcliam‘pro
3027 4725 3138 4780 uase
3166 4712 3444 4777 perforato,
3476 4730 3563 4775 per
3583 4715 3716 4780 quod

2169 4779 2327 4832 solent
2354 4777 2531 4843 projici
2575 4776 2756 4836 taxilli,
2782 4793 2842 4827 ne
2870 4777 2958 4841 ﬁat
2987 4778 3054 4827 ibi
3085 4776 3318 4843 [muti-3
3357 4794 3571 4835 rumore
3593 4776 3714 4834 vita-

2168 4861 2271 4916 que
2300 4845 2393 4916 il|o_
2414 4843 2755 4916 quemcdunt
2782 4855 3001 4916 tesserae
3041 4846 3091 4916 i_n
3133 4846 3271 4898 hunc
3301 4847 3561 4902 alveolum
3591 4864 3715 4905 cono

2165 4912 2322 4985 jecta}
2366 4913 2517 4985 ducta
2547 4912 2830 4985 similitudo
2870 4920 2950 4985 est
2997 4913 3058 4966 ad
3077 4929 3247 4985 _voces
3288 4916 3565 4981 humanas,
3592 4935 3706 4985 qua:

2104 5037 2111 5044 .
2170 4981 2588 5055 orefunduntur
2618 4991 2670 5033 et
2698 4981 2888 5055 lingua.
2914 4983 3057 5055 Quo,‘
3075 4983 3128 5036 in
3159 4997 3317 5036 sensu
3347 4985 3469 5038 Milo
3515 4986 3572 5039 in
3601 4981 3712 5040 Vita

2169 5054 2224 5107 S.
2257 5051 2478 5105 Amandi
2508 5051 2738 5119 episcopi
2770 5068 2783 5103 :

2293 5141 2380 5206 Qui
2400 5140 2560 5206 docuit
2583 5153 2800 5206 puerum,
2823 5142 2934 5200 quis
2954 5153 3145 5206 sensus,
3169 5153 3356 5206 quasso,
3381 5145 3556 5206 suasit,

2290 5201 2532 5249 Hebraico
2549 5202 2726 5256 sonitu,
2745 5201 2932 5262 ignotos
2954 5201 3170 5262 proferre
3189 5201 3412 5253 fritillus?

2233 5282 2326 5363 ⁸52.
2365 5286 2436 5337 De
2483 5284 2709 5337 Avitiani
2758 5283 2960 5338 feritate
3005 5295 3060 5338 et
3105 5284 3422 5341 crudelitate
3467 5273 3713 5362 deinceps

2170 5363 2271 5408 erit
2300 5368 2494 5409 seruio.

2203 5490 2213 5491 ί
2241 5422 2327 5475 63.
2357 5422 2698 5490 Syrubraclta.
2724 5421 2843 5484 Ms.,
2877 5421 3131 5491 Syrabara
3150 5441 3167 5485 ;
3189 5423 3322 5478 Cod.
3351 5426 3464 5480 Vat.
3493 5437 3547 5480 et
3574 5429 3708 5483 Edit.

2175 5490 2330 5556 Ven.,
2363 5507 2448 5560 nec
2490 5508 2607 5558 syra
2637 5494 2785 5542 bacca
2817 5490 2952 5543 dedit
3008 5493 3182 5545 merito
3209 5493 3406 5548 uirtutis
3450 5497 3725 5560 σάκκων..

2173 5561 2311 5625 quod
2346 5559 2537 5632 placet.
2603 5560 2793 5632 Veteres
2839 5561 2967 5632 litui
2992 5561 3085 5632 (ait
3113 5562 3418 5632 Browerus)
3455 5559 3711 5632 Syrobara

2177 5644 2274 5697 pro
2300 5629 2537 5696 unguenti
2564 5629 2743 5680 exotici
2767 5631 2969 5696 pretiosi
2994 5629 3202 5699 liquoris
3225 5629 3410 5701 specie,
3433 5629 3714 5704 accipiunn
