3822 6340
104 391 202 458 ’109
1095 398 1185 454 DE
1227 398 1380 456 VITA
1417 395 1659 456 SANCTI
1695 397 1997 458 ΜΔΙΠΙΝΙ.
2036 398 2166 457 LIB.
2196 400 2285 456 IV.

134 514 197 571 65
230 505 337 568 Nec
362 518 640 567 contentus
680 511 790 581 agit
830 511 999 582 liquor
1032 520 1095 567 ut
1123 528 1216 567 vas
1247 492 1453 585 exple‘at
1481 513 1631 579 illud,
1664 515 1721 573 Δ

228 603 358 660 Nam
400 604 677 659 cumulata.
692 603 797 658 olei
828 619 947 658 mox
976 604 1160 659 defluit
1188 607 1325 659 unda
1352 621 1600 677 superne,

228 694 335 751 Nec
359 709 480 750 sese
508 708 637 750 urna
665 695 832 764 capit;
882 703 1022 749 tanta
1052 701 1137 750 est
1174 696 1467 751 benedictio
1506 698 1638 753 dex-

1497 788 1636 861 [περ.

228 876 622 945 Exundausque
661 889 849 931 omnes
878 878 1030 946 pueri
1063 876 1342 932 madefecit
1368 877 1607 932 amictus.

226 967 293 1021 Et
320 967 464 1037 digiti
495 968 563 1023 de
587 968 729 1023 fonte
755 952 1192 1038 rigansmanavit
1216 970 1412 1024 olivum
1445 987 1457 1022 :

129 1060 191 1113 70
226 1058 302 1112 Ac
328 1067 601 1127 postquam
632 1058 829 1127 irrigue
856 1059 1050 1113 fluviali
1080 1073 1230 1115 more
1259 1060 1511 1126 cucurrit,

224 1148 331 1217 Vas
356 1149 563 1215 plenum
596 1149 718 1203 fidei
750 1150 938 1205 merito
967 1158 1204 1204 matrona
1234 1150 1453 1217 recepit.

294 1238 401 1292 Nec
442 1239 612 1292 minus
639 1238 764 1293 inde
798 1239 940 1292 subit
963 1253 1138 1292 rerum
1169 1238 1446 1292 admiratio
1487 1237 1628 1303 facti,

222 1328 363 1383 idem
401 1344 490 1382 vas
520 1330 751 1384 vitreum
797 1330 1129 1384 benedictum
1160 1329 1337 1385 nobile
1382 1328 1635 1392 reddens,

223 1421 352 1475 Cum
383 1436 513 1489 puer
540 1421 779 1475 incautus
822 1420 1088 1487 posuisset
1113 1418 1167 1472 in
1207 1433 1303 1474 ore
1330 1416 1596 1481 fenestra,

126 1510 190 1567 75
223 1510 292 1566 Ut
310 1520 433 1578 pote
460 1511 714 1565 carbasea
739 1526 997 1565 venerans
1024 1510 1285 1566 velamine
1304 1518 1525 1574 tectum,

218 1603 401 1657 Lintea
421 1586 551 1656 dum
578 1602 1077 1657 retr‘ahitﬂuitantia
1107 1602 1317 1657 nescius
1347 1602 1502 1666 alter,

219 1694 387 1762 Lapsa
420 1695 723 1763 pavimento
760 1694 989 1761 ampulla
1020 1701 1123 1747 stat
1150 1706 1419 1747 marmore
1460 1703 1633 1757 tonso,

220 1787 325 1843 Sed
354 1802 452 1843 nec
488 1800 614 1842 saxa
644 1784 837 1861 vitrum
883 1784 1110 1854 perdunt
1178 1796 1275 1838 nec
1304 1796 1424 1837 vasa
1465 1781 1636 1848 liquo-

1452 1872 1585 1944 [rem
1617 1890 1633 1926 :

220 1971 428 2041 integra
460 1977 724 2037 servatur,
772 1968 1001 2023 volitans
1026 1968 1177 2035 quasi
1208 1964 1410 2034 pensiie
1436 1964 1634 2032 pluma.

119 2062 185 2117 80
220 2065 321 2117 Aut
343 2064 592 2116 subvecta
625 2061 756 2114 levis
777 2059 1003 2129 geminis
1024 2057 1374 2113 descenderet
1396 2057 1529 2121 alis;
1590 2094 1591 2099 η

214 2152 475 2218 Nullaque
504 2151 638 2204 rima
661 2158 822 2217 patet,
849 2161 947 2202 nec
974 2148 1107 2201 facta
1138 2147 1193 2201 in
1218 2160 1342 2199 vase
1387 2146 1633 2213 cicatrix,

213 2238 302 2293 Sic
330 2238 507 2308 liquor
545 2235 771 2291 interius
817 2233 943 2290 facit
970 2235 1232 2290 exteriora
1260 2231 1417 2298 tueri,

216 2328 278 2382 Et
306 2336 461 2397 quem
495 2327 651 2380 tutari
684 2325 883 2388 decuit,
910 2320 1003 2380 sua
1042 2319 1271 2394 tegmina
1304 2324 1454 2387 texit,

215 2416 292 2474 Ne
319 2418 451 2472 vitra
477 2417 787 2485 depereant,
819 2416 922 2470 olei
951 2415 1415 2478 custodia‘servat,

116 2508 183 2563 85
217 2506 563 2572 Inclususque
584 2504 776 2559 humor
801 2504 1072 2574 proprium
1094 2503 1333 2559 defendit
1362 2504 1635 2569 amictum,

215 2598 289 2651 Ac
311 2596 547 2661 fragmen
563 2592 765 2663 fragile
792 2594 981 2653 statuit
1011 2593 1311 2648 benedictio
1331 2592 1485 2648 forte.

216 2684 380 2754 Cujus
410 2682 651 2750 discipuli
685 2685 884 2750 pariter
909 2682 1036 2737 dum
1065 2682 1363 2741 comminus
1386 2683 1545 2749 irent,

214 2774 280 2827 Et
299 2774 449 2828 cauis
478 2773 763 2827 horrificus
784 2773 975 2827 latratu
1020 2772 1290 2827 insisteret
1318 2772 1525 2840 amplo;

212 2862 363 2921 Unus
392 2879 575 2918 amore
602 2863 711 2932 pio,
745 2863 952 2917 Martini
975 2863 1027 2916 in
1075 2864 1309 2929 nomine,
1340 2863 1491 2929 dicit,

108 2954 175 3011 90
215 2954 494 3022 Praccipio,
528 2963 742 3019 taceas,
774 2968 875 3009 nec
901 2968 997 3008 nos
1030 2954 1263 3009 clamore
1285 2951 1495 3022 fatiges,

207 3046 328 3100 Mox
358 3045 578 3114 praecisa
602 3044 748 3097 canis
774 3043 941 3098 rabidi
968 3058 1065 3097 vox
1096 3058 1189 3097 ore
1211 3042 1483 3112 pependit,

208 3133 627 3227 Clamorentque
652 3146 852 3227 vagum
894 3130 1158 3227 media‘de
1184 3131 1334 3187 fauce
1360 3129 1630 3227 resorbet;
1660 3165 1706 3227 α

213 3222 279 3274 Et
300 3220 482 3288 fragor
512 3221 601 3272 ille
647 3218 794 3272 ferox
821 3219 981 3271 avido
1009 3219 1109 3271 sub
1142 3228 1359 3287 gutture
1386 3220 1632 3285 obhaesit,

210 3313 376 3368 Stans
410 3312 544 3365 rictu
566 3312 777 3379 stupido
804 3309 1005 3365 frenata
1031 3311 1464 3376 vocemolossus,

113 3399 197 3456 95.
215 3400 350 3457 Cum
375 3405 524 3455 furor
546 3409 775 3470 urgeret,
807 3402 929 3468 quia
956 3414 1015 3454 se
1044 3415 1143 3455 nec
1182 3399 1330 3456 hiare
1357 3402 1561 3468 liceret,

210 3493 299 3546 Sic
324 3491 464 3544 redit
482 3491 696 3550 incluso
727 3490 947 3542 tremula
984 3490 1099 3542 sine
1128 3504 1260 3543 voce
1290 3504 1531 3558 susurro,

208 3581 426 3636 Profuit
451 3589 505 3634 et
531 3594 725 3633 nomen
752 3579 944 3644 sancti,
978 3593 1083 3648 quo
1104 3579 1275 3633 defuit
1303 3594 1416 3635 ore.

275 3672 425 3741 Ergo
460 3670 560 3723 iter
590 3664 874 3769 incoeptum
912 3667 1055 3724 lento
1085 3669 1217 3738 pede
1265 3668 1483 3739 pergere
1522 3678 1634 3724 tcu-

1461 3758 1632 3829 idm.

207 3854 345 3911 Dum
367 3855 500 3910 licet
527 3854 605 3908 ire
626 3853 784 3919 viam,
843 3851 968 3906 dum
1018 3864 1101 3907 me
1132 3857 1286 3905 vocat
1322 3864 1447 3904 aura
1495 3851 1635 3904 salu-

1469 3942 1601 4014 [bris

76 4038 173 4093 100
212 4038 277 4092 Et
309 4038 477 4092 trahit
506 4038 633 4091 liora
666 4034 781 4089 dies
807 4034 1025 4102 vestigia
1050 4032 1197 4088 tarda
1229 4041 1550 4087 moventem.

207 4128 449 4195 Moribus
481 4137 535 4179 ut
560 4126 794 4179 tumidus
822 4138 1001 4176 comes
1051 4123 1326 4177 Avitianus
1356 4124 1562 4191 agebat,

205 4216 474 4270 Terribile
502 4214 673 4268 officio
704 4212 944 4267 Turonos
987 4211 1232 4266 sufiultus
1262 4211 1446 4265 adivit.

207 4306 443 4375 Agmina
474 4304 818 4368 conveniunt,
851 4312 903 4356 et
928 4302 1084 4371 longa
1112 4311 1299 4355 catena
1328 4316 1564 4370 reorum,

209 4400 578 4451 Accrescente
608 4409 789 4456 coma,
833 4407 1057 4460 quorum
1103 4406 1228 4445 caro
1259 4402 1365 4446 tota
1395 4378 1588 4447 ﬂuebat
1620 4410 1631 4445 :

74 4484 172 4539 105
211 4487 273 4539 Et
304 4490 628 4548 consumpta
677 4488 880 4534 arctum
912 4479 1117 4535 laxabat
1148 4480 1359 4536 brachia
1408 4480 1629 4549 ferrum,
1662 4503 1715 4563 ι)

110 4596 130 4629 /
206 4572 473 4627 Confecta
508 4572 676 4626 macie
704 4574 791 4625 vix
821 4572 1124 4626 declarante
1152 4571 1390 4640 figuram,

209 4672 501 4725 Poenarum
525 4682 690 4733 genus
715 4667 826 4735 ipse
854 4667 1149 4736 jubet/plus
1184 4680 1332 4719 more
1359 4668 1562 4734 parari;
1632 4702 1637 4707 -

207 4760 509 4814 Deflentem
548 4754 725 4808 videas
770 4756 1015 4821 populum
1042 4754 1272 4823 spatiare
1295 4769 1387 4821 per
1413 4756 1633 4821 urbem,

3172 408 3175 423 “
3191 406 3293 463 410

1879 514 2149 585 Comperit
2166 523 2225 569 ut
2249 522 2463 571 sanctus
2488 514 2669 572 feralia
2686 519 2834 588 jussa
2863 520 3027 589 satagi
3043 560 3060 586 ,

1879 607 2146 678 Tempore
2166 607 2267 663 sub
2288 607 2460 663 noctis
2480 621 2619 662 saeva
2649 609 2715 663 ad
2741 596 2986 679 praetoria
3012 613 3197 681 tendit,

1882 698 1946 752 Et
1970 698 2180 767 pietatis
2202 698 2302 754 iter
2330 699 2478 753 solus
2498 709 2649 767 parat
2674 700 2752 755 ire
2775 702 2966 761 viator.

1879 787 2123 843 Pervenit
2149 797 2208 843 ut
2236 790 2625 858 seniortgressu
2654 792 2969 848 miseranter
2997 794 3220 862 anhelo;

1746 879 1843 935 115
1880 880 2147 937 Sternitur
2173 890 2297 936 ante
2327 880 2491 948 fores,
2523 897 2615 949 per
2655 883 2837 938 limina
2872 876 2989 938 dira
3016 886 3295 959 benignus,

1879 974 1991 1038 Qua
2018 970 2434 1039 recubatjudex,
2467 980 2713 1040 torpente
2750 986 2942 1040 sopore
2967 976 3222 1041 sepultus.

1882 1060 2114 1130 Angelus
2142 1060 2345 1115 interea
2369 1071 2621 1131 penetrat
2641 1077 2765 1117 mox
2792 1064 2960 1133 aliger
2996 1065 3187 1129 aulam,

1876 1151 2085 1205 Intonat
2115 1159 2171 1206 et
2195 1152 2381 1206 comiti
2408 1153 2721 1210 dormitanti
2750 1170 2842 1210 ore
2890 1157 3122 1213 minaci:
3263 1223 3288 1237 ⁸

1876 1240 1953 1296 'l‘e
1978 1256 2143 1313 sopor
2164 1242 2250 1299 hic
2278 1244 2489 1317 retinet,
2514 1243 2767 1300 Martinus
2787 1256 2893 1301 stat
2922 1248 3071 1315 foris,
3104 1250 3295 1321 inquit,

1740 1330 1843 1387 120
1879 1331 1958 1386 Tu
1988 1333 2169 1400 requie
2198 1332 2412 1398 frueris,
2438 1342 2493 1387 et
2511 1336 2737 1388 sustinet
2762 1335 2852 1391 ille
2884 1337 3095 1392 labores
3118 1379 3133 1397 .

1878 1421 2105 1477 Molliter
2130 1422 2244 1493 ipse
2272 1432 2411 1483 toro.
2429 1424 2573 1492 jacet
2600 1424 2686 1480 ille
2711 1425 2766 1479 in
2787 1439 3052 1481 marmore
3072 1428 3207 1482 diro.

1880 1512 2163 1567 Excutitur
2195 1513 2432 1581 trepidus
2454 1529 2573 1568 mox
2594 1530 2661 1570 ex
2691 1530 2882 1571 somno
2925 1518 3222 1583 Avitianus,

1878 1603 2161 1657 Martinum
2219 1603 2521 1657 exclamans
2551 1639 2567 1666 ,
2626 1604 2827 1661 foribus
2894 1607 3151 1662 recubare
3213 1622 3295 1662 sa-

3034 1694 3293 1765 Emwm:

1879 1781 2107 1853 Imperat
2132 1792 2189 1837 et
2230 1783 2438 1838 famulis
2485 1793 2725 1838 reserent
2769 1793 2827 1839 ut
2859 1785 3088 1840 claustra
3117 1786 3293 1853 beato,

1774 1870 1848 1930 25
1882 1871 1960 1928 Ne
1984 1888 2198 1927 servum
2226 1872 2422 1928 Cbristi
2447 1874 2808 1928 venerandum
2830 1874 3017 1944 injuria
3047 1885 3221 1931 vexet.

1879 1963 2014 2019 Hinc
2061 1962 2245 2019 famuli
2295 1963 2523 2020 illudunt
2567 1964 2818 2033 domino,
2869 1968 3160 2035 crepitante
3200 1981 3291 2022 ca-

3074 2057 3265 2115 clunno

2384 2076 2387 2083 -
3074 2057 3265 2115 clunno

1820 2184 1821 2187 η
1877 2139 2122 2195 Dicentes
2143 2139 2337 2207 stupidi
2374 2154 2434 2194 se
2461 2143 2666 2195 somnia
2703 2157 2836 2196 vana
2865 2056 3082 2199 viderelz
3271 2095 3288 2126 ’

1874 2231 1979 2287 Pro
2007 2231 2208 2286 foribus
2231 2232 2431 2286 nullum
2454 2232 2688 2287 residere
2712 2232 2941 2287 vel—esse
2963 2235 3219 2291 virorum.
3286 2264 3293 2281 ι

1876 2321 2081 2379 RurSus
2101 2320 2355 2391 praecipiti
2385 2322 2639 2387 premitur
2665 2336 2876 2376 somno
2899 2322 3173 2378 Avitianus
3202 2341 3217 2391 ;

1737 2413 1841 2470 150
1877 2412 2107 2482 Angelus
2132 2410 2256 2465 inde
2280 2411 2448 2465 virutn
2471 2411 2749 2465 violentior
2778 2413 2971 2467 ercitat
3002 2420 3218 2483 urgens,

1872 2501 2118 2557 Concutit
2165 2509 2219 2555 et
2246 2501 2475 2571 graviter
2505 2516 2572 2556 ne
2597 2501 2811 2555 cederet
2839 2501 2952 2571 ipse
2980 2504 3186 2571 sopori;

1876 2592 2112 2646 Territus
2136 2588 2261 2644 hinc
2283 2591 2467 2658 judex,
2497 2591 2629 2643 ultra
2653 2605 2823 2659 neque
2842 2590 3087 2646 credulus
3107 2591 3220 2656 ulli,

1877 2678 2194 2747 Postpositis
2224 2677 2453 2741 famulis,
2485 2678 2627 2732 celer
2656 2679 2721 2733 ad
2747 2694 2842 2733 sua
2873 2680 3049 2734 limina
3079 2682 3245 2751 pergit
3274 2698 3313 2754 ε⁸

1836 2812 1843 2815 ,
1874 2769 2047 2839 Atque
2068 2768 2137 2822 ibi
2162 2766 2445 2822 Martinum
2480 2766 2698 2835 reperit,
2721 2780 2819 2821 ceu
2854 2779 3097 2823 senserat
3140 2773 3287 2837 olim,

1736 2859 1842 2917 155
1878 2860 2027 2916 Tunc
2077 2858 2224 2915 ferus
2270 2858 2556 2928 alloquitur
2603 2866 2865 2925 sanctum,
2918 2859 3000 2914 bis
3053 2864 3287 2924 vocibus.

3076 2950 3237 3023 [ultro
3266 2970 3279 3005 :

1872 3040 2009 3110 Quid
2038 3040 2281 3107 Martiae,
2334 3040 2466 3096 mihi
2509 3037 2638 3095 facis
2681 3040 2801 3107 hoc,
2860 3042 3153 3097 venerande
3199 3057 3287 3097 sa-

3033 3130 3239 3203 [cerdus
3265 3132 3286 3186 1

1877 3223 1989 3278 Non
2022 3236 2225 3276 mecum
2274 3219 2489 3289 aequali,
2523 3220 2708 3284 fateor,
2738 3221 3025 3276 certamine
3070 3237 3285 3290 pugnas,

1873 3313 2216 3369 Absolvendo
2241 3325 2365 3367 reos
2394 3306 2563 3377 venis,
2590 3315 2643 3366 e‘t
2671 3326 2757 3365 me
2784 3312 3006 3367 verbere
3056 3320 3283 3384 torques.

1873 3406 1955 3462 Au
1984 3421 2068 3461 me
2096 3420 2191 3473 pro
2218 3407 2420 3459 cunctis
2441 3416 2625 3471 poenas
2652 3402 2933 3458 absolvere
2961 3403 3146 3469 mavis,

1739 3496 1839 3551 HO
1878 3495 2039 3561 Eligis
2060 3502 2148 3545 aut
2176 3492 2399 3556 facinus,
2424 3506 2536 3544 mea
2567 3507 2662 3559 per
2691 3501 2949 3547 tormenta
2972 3494 3168 3561 pacisci
3198 3496 3216 3546 Ξ

1876 3580 1985 3636 Sub
2012 3587 2213 3633 tortore
2243 3592 2384 3631 novo
2414 3586 2687 3633 mutantur
2718 3590 2950 3647 tempora
2981 3582 3138 3635 credis
3170 3600 3181 3635 :

1874 3669 2037 3723 Pmna
2066 3668 2250 3720 diurna
2283 3681 2401 3721 reos
2429 3668 2651 3735 cruciat,
2676 3683 2761 3723 me
2796 3658 2953 3725 nocte
2979 3670 3179 3739 fatigas.

1873 3757 2039 3812 Serve
2065 3756 2181 3821 Dei,
2209 3758 2400 3825 patuit,
2433 3771 2587 3825 quam
2616 3757 2686 3811 sit
2719 3758 2812 3812 tibi
2842 3760 2985 3815 celsa
3033 3770 3286 3829 potestas,

1870 3846 2093 3913 Quando
2121 3846 2416 3921 flagellatur
2451 3848 2702 3914 graviter,
2734 3858 2784 3902 te
2806 3849 3005 3918 judice,
3037 3850 3214 3918 judex.

1736 3937 1838 3995 115
1873 3930 2007 3993 Hinc
2063 3946 2236 3990 tamen
2278 3938 2391 4004 ipse
2438 3938 2650 4004 probas,
2700 3955 2905 3995 mecum
2957 3944 3024 3997 sit
3065 3946 3287 4011 qualiter

3071 4046 3239 4085 aCllllll
3272 4050 3284 4084 ζ

3071 4046 3239 4085 aetum
3272 4050 3284 4084 :

1874 4115 2002 4170 Cum
2034 4128 2129 4185 per
2150 4128 2237 4170 me
2266 4114 2439 4179 venio,
2473 4128 2570 4170 nec
2597 4116 2849 4183 amicum,
2900 4132 2997 4173 nec
3024 4034 3146 4188 rlogo
3177 4138 3286 4175 ser-

3112 4212 3284 4284 {vnn};

1874 4294 1987 4349 Non
2010 4294 2204 4364 patitur
2230 4294 2441 4349 differre
2463 4298 2659 4361 meras,
2683 4313 2838 4367 quem
2869 4315 3019 4365 pugna
3042 4316 3247 4357 coercet
3272 4324 3285 4359 :

1873 4384 1955 4440 Nil
1978 4400 2111 4453 opus
2132 4394 2214 4439 est
2234 4386 2408 4440 verbis
2435 4388 2595 4441 tacito
2615 4397 2699 4455 te,
2745 4404 2907 4444 nosco
2936 4392 3075 4460 quod
3101 4406 3280 4462 optas;

1874 4474 2035 4541 Cede,
2070 4489 2277 4543 precor,
2307 4475 2521 4543 discede
2552 4477 2688 4545 loco,
2735 4482 2967 4536 concede
2993 4485 3131 4552 quod
3170 4501 3284 4552 oro,

1736 4582 1838 4637 150
1875 4581 1980 4635 Nec
2009 4590 2093 4633 tua
2123 4595 2209 4633 me
2236 4581 2463 4648 graviter
2490 4582 2592 4635 cito
2617 4586 2794 4650 puniat
2820 4587 2944 4640 ultio
2970 4590 3177 4653 vindex.

1877 4671 1997 4723 llazc
2026 4669 2120 4735 ait,
2150 4677 2202 4723 et
2231 4683 2459 4737 propero
2488 4670 2638 4739 pede,
2670 4673 2971 4729 discedente
3000 4687 3238 4745 patrono,

1876 4758 2172 4821 Avitianus,
2196 4757 2349 4824 ineps
2378 4759 2564 4824 animi,
2595 4772 2746 4815 vocat
2768 4764 3043 4830 ofﬁciales,

211 4853 522 4917 Indixitque
547 4848 694 4902 nefas
718 4860 963 4921 processu
993 4848 1057 4899 ad
1085 4848 1234 4900 triste
1251 4849 1495 4913 tribunal,

73 4940 169 4993 110
209 4938 367 4992 Unde
401 4947 586 4990 truces
614 4933 755 4990 oculi
781 4942 1085 5001 spectarent
1126 4934 1360 4996 membra
1389 4935 1634 5001 cremari,

138 5066 262 5121 100.
306 5066 456 5119 Dies.
492 5062 650 5117 Forte
676 5063 827 5116 diem.

139 5136 261 5189 101.
305 5134 609 5202 Avitianus.
632 5132 724 5202 Hic
752 5131 1023 5202 Avitianus
1051 5132 1353 5202 idemforte
1402 5132 1499 5185 fuit
1553 5132 1641 5202 qui

73 5206 171 5260 sub
195 5203 413 5258 Julianu
445 5199 677 5251 vicarius
704 5200 890 5251 Africae
914 5198 1072 5254 fuisse
1104 5200 1315 5261 dicitur,
1343 5209 1399 5252 ut
1436 5198 1642 5257 constat

75 5267 134 5325 ex
166 5272 299 5331 Cod.
331 5267 550 5325 Theod.
576 5266 635 5320 l..
672 5266 753 5328 l5,
787 5267 849 5317 de
878 5281 1013 5320 curs.
1038 5270 1199 5332 publ.,
1233 5268 1266 5318 Ι.
1300 5282 1336 5330 t,
1366 5270 1429 5321 de
1462 5269 1638 5325 lndul.

78 5341 313 5402 debitam,
339 5341 461 5393 etJ.
488 5334 549 5395 2,
580 5338 641 5388 de
665 5335 776 5387 itin.
804 5336 1092 5389 muniendo.
1146 5336 1269 5402 Ejus
1319 5340 1642 5394 mentiOuem

76 5408 268 5465 facitet
296 5407 573 5462 Ammian.
609 5403 938 5458 Marcellinus
967 5404 1055 5455 lib.
1094 5420 1234 5457 xxvu
1276 5406 1372 5457 sub
1408 5405 1646 5462 Valenti-

78 5481 231 5533 niano
254 5489 311 5533 et
346 5476 601 5533 Valente.
625 5488 779 5541 quem
825 5488 884 5524 ex
912 5472 1094 5525 vicario
1117 5474 1367 5539 appellat,
1394 5473 1439 5525 si
1486 5478 1644 5531 modo

78 5546 210 5602 idem
236 5558 319 5603 est
349 5545 447 5614 qui
476 5558 507 5596 a
549 5542 672 5597 Sev.
719 5541 920 5608 Sulpic.
954 5555 1134 5596 comes
1160 5543 1431 5596 Avitianus
1461 5547 1639 5615 appel-

126 5627 223 5669 IUI’.

77 5616 261 5741 1³11100.
308 5683 583 5752 Confecta.
607 5679 906 5747 Legendum
937 5679 1142 5752 videtur
1169 5681 1463 5752 confectam.

144 5756 265 5814 107.
308 5746 446 5810 Cod.
479 5746 625 5804 Vat"
653 5746 807 5819 genus
835 5765 979 5804 onme
995 5749 1159 5818 jubet.

1877 4848 1943 4902 Et
1969 4862 2208 4903 reserare
2229 4846 2382 4917 jubet
2412 4857 2694 4915 tormenta,
2724 4856 3006 4920 ergastula,
3035 4858 3285 4925 claustra,

1874 4941 2112 5008 Cumque
2148 4938 2462 5007 relaxasset,
2486 4942 2665 5008 procul
2694 4942 2805 5012 ipse
2822 4948 3035 5001 recessit
3059 4949 3125 5002 ab
3142 4950 3267 5003 urbe

1814 5073 1931 5127 109.
1973 5073 2095 5126 Haec
2124 5072 2445 5141 respondent
2489 5074 2551 5127 iis
2597 5089 2714 5138 quae
2745 5077 3044 5132 referuntur
3089 5096 3116 5132 a
3166 5082 3285 5138 Sev.

1742 5142 1913 5218 Sulp._,
1941 5158 1985 5194 c.
2006 5141 2064 5218 _5,
2095 5141 2223 5194 Dial.
2258 5141 2310 5218 5,
2338 5143 2607 5208 disponens
2628 5144 2943 5218 (Avitianus)
2971 5144 3166 5218 hostem
3186 5153 3287 5218 die,

1741 5213 1952 5263 attonita
1974 5212 2049 5281 ciu
2070 5219 2189 5281 tate.
2236 5213 2301 5261 ad
2331 5226 2453 5281 opus
2507 5222 2605 5263 tam
2642 5214 2784 5265 triste
2814 5212 3102 5281 prorcrlerc,
3149 5230 3247 5271 etc.

1744 5281 1953 5334 mallem
2002 5279 2088 5332 hic
2130 5278 2345 5349 legere:
2394 5278 2709 5346 Indixitque,
2754 5278 2931 5350 nefas!
2977 5278 3286 5355 processum,

1742 5359 1847 5404 CIC.

1815 5418 1933 5471 111.
1978 5416 2113 5470 Fdit.
2140 5415 2294 5485 Υρηη
2312 5418 2458 5485 jussu
2484 5419 2705 5484 tyranni.

1815 5485 1937 5541 121.
1979 5485 2110 5539 Cod.
2141 5483 2284 5549 νειμ,
2313 5483 2526 5537 reserent
2554 5497 2599 5537 et
2627 5488 2866 5540 claustra.

1815 5553 1936 5608 159.
1975 5553 2109 5607 Cod.
2135 5553 2281 5617 Vat.,
2314 5568 2483 5618 paruas
2504 5556 2773 5608 exsolvere.

1820 5623 1935 5677 Hi.
1981 5622 2113 5677 Cod.
2139 5620 2283 5687 Ἶρι,
2308 5622 2581 5689 multantur
2613 5635 2836 5689 tempora
2858 5628 3031 5683 credis.

1815 5691 1939 5748 154.
1979 5691 2108 5748 Cod.
2138 5690 2277 5756 γει..
2307 5688 2426 5761 Ipse
2450 5694 2632 5749 recedit
2654 5688 2719 5749 ab
2742 5694 2882 5750 urbe.
