3948 6218
541 335 649 405 ΗΒ

689 457 912 516 Credula
945 472 1049 520 quo
1077 459 1248 526 potius
1276 456 1460 511 tierent
1492 455 1742 516 miracula
1773 467 1973 508 rerum.
2139 450 2190 510 Α

695 551 788 605 Vir
815 552 967 612 simul
996 550 1112 620 ipse
1139 557 1325 618 potens
1354 563 1413 604 se
1438 557 1563 602 tunc
1591 545 1850 600 Arborius
1879 542 2070 610 inquit,

698 641 1036 698 Cemmarutu
1077 641 1313 708 gravium
1355 637 1702 708 crepitantem
1744 634 1958 690 audisse
1997 631 2113 686 fra-

1541 796 1545 800 η
1873 723 2073 795 [gorem
2093 737 2111 787 ;

604 869 606 872 .
701 823 787 878 Sic
815 821 1119 892 geminaute
1149 817 1252 872 lide
1279 817 1404 887 justi
1435 815 1521 874 via
1549 813 1765 884 dextera
1798 813 1967 882 fulsit,

555 915 659 972 320
697 913 858 979 Inque
890 915 1004 966 loco
1035 911 1252 995 manicae
1283 911 1466 967 micuit
1495 911 1745 968 translata
1780 909 2112 979 smaragdos.

699 1008 743 1060 0
772 1004 993 1059 Martine
1018 991 1227 1069 decens,
1262 1005 1491 1073 lapidum
1521 1003 1784 1058 velamine
1813 991 2046 1069 compte,

707 1099 875 1167 Quam
905 1110 1037 1166 nova
1067 1097 1199 1166 palla
1233 1096 1347 1162 tibi,
1380 1098 1530 1164 cujus
1559 1104 1766 1168 textura
1794 1107 2114 1161 coruscans,

538 1172 546 1181 ’
620 1183 626 1188 ’
705 1189 894 1242 Trama
925 1198 1140 1256 tepazus
1165 1197 1281 1242 erat
1311 1188 1534 1242 rutilans
1558 1227 1573 1252 ,
1607 1194 1660 1241 et
1686 1194 1888 1240 stamen
1911 1182 2078 1253 jaspis
2100 1223 2118 1250 ,

704 1283 768 1336 Et
792 1285 982 1338 tunica:
1010 1283 1241 1350 insignes
1267 1291 1488 1336 currunt
1518 1295 1613 1350 pro
1641 1279 1842 1335 vellere
1870 1292 2119 1348 genitum.

558 1369 678 1432 525'
699 1374 827 1441 Qua:
856 1389 1042 1427 manus
1078 1373 1297 1426 artificis
1323 1371 1642 1427 cataclistica
1672 1372 1762 1426 ﬁla
1787 1371 2026 1426 rotavit?

518 1459 521 1462 ”
700 1464 828 1532 Quis
857 1462 956 1516 fuit
973 1460 1058 1515 hic
1086 1461 1280 1530 opifex,
1306 1461 1394 1515 ubi
1420 1460 1533 1515 lana
1561 1460 1897 1531 hyacinthina
1922 1459 2125 1515 currit?

711 1551 842 1622 Quis
874 1547 1040 1622 potuit
1069 1553 1264 1622 rigidas
1295 1562 1540 1623 torquere
1566 1551 1630 1604 ad
1665 1551 1781 1607 licia
1810 1552 2088 1623 gemmas?

709 1645 830 1700 llme
885 1644 1188 1701 venerando
1251 1645 1420 1715 magis
1465 1652 1713 1714 poterunt
1769 1657 1925 1713 quam
1970 1643 2128 1698 fando

1181 1779 1226 1798 κ
1896 1734 2125 1798 [referri.
2158 1797 2188 1798 έν
2209 1784 2212 1786 ,

1181 1779 1226 1798 ,
1921 1734 2125 1790 referri.

711 1824 845 1890 Quid
876 1834 1078 1880 secreta
1106 1825 1263 1892 petis,
1291 1823 1388 1880 nec
1415 1824 1468 1878 in
1492 1823 1665 1878 abdita
1688 1733 2126 1878 luminis[intras?
2155 1797 2204 1857 Β

567 1911 675 1970 350
712 1914 826 1977 Est,
854 1914 1034 1979 homo,
1062 1915 1201 1981 qurd
1226 1925 1461 1980 stupeas,
1489 1913 1576 1968 ubi
1601 1913 1763 1968 nectit
1784 1913 1948 1982 gratia
1973 1916 2124 1969 telas.

789 2005 1032 2093 llistqria:
1061 2005 1213 2058 nobis
1241 2005 1408 2059 oritur
1435 2004 1520 2058 hic
1546 2005 1752 2073 longior
1779 2002 1910 2057 ordo
1934 2018 1950 2066 ;

668 2089 818 2148 "Sed
848 2089 1092 2148 breviore
1122 2095 1206 2147 via
1230 2097 1350 2148 data
1378 2109 1473 2164 per
1499 2093 1810 2163 compendia
1841 2107 2070 2149 curram.

712 2185 971 2246 Maximus
1019 2185 1228 2255 imperii
1275 2185 1561 2242 moderans
1614 2184 1767 2255 quasi
1816 2197 1993 2242 rector
2039 2185 2136 2242 ha-

876 2349 882 2354 ν,
1907 2277 2095 2350 [benas
2116 2315 2134 2345 ,

720 2369 963 2440 Praecipit
993 2369 1244 2423 ltachium
1275 2379 1385 2424 tum
1415 2383 1681 2422 armorum
1705 2368 1830 2437 jure
1855 2369 1988 2422 tueri
2013 2384 2029 2432 ;

577 2464 682 2521 355
716 2463 790 2518 Ne
821 2463 936 2530 quis
969 2477 1088 2516 eum
1119 2469 1323 2528 peteret
1357 2460 1714 2516 damnandum
1746 2461 1862 2530 lege
1892 2459 2134 2528 forensi,

719 2557 1093 2608 Accusatorent
1124 2551 1342 2605 veterati
1376 2549 1701 2616 Prisciliani;

721 2642 872 2698 Mittit
903 2644 966 2697 ad
999 2642 1255 2710 Hispanos
1285 2651 1486 2698 armata
1517 2651 1659 2698 sorte
1690 2643 1960 2711 tribunos,

637 2747 642 2749 ·
721 2736 991 2802 Reliquias
1021 2735 1224 2791 heresis
1253 2736 1343 2805 qui
1374 2744 1632 2802 quaerant,
1666 2744 1723 2790 et
1759 2720 1894 2790 bona
1926 2733 2140 2803 tollant,

726 2826 1076 2898 lnventosque
1109 2843 1261 2894 pares
1285 2829 1499 2897 capitali
1526 2828 2065 2900 criminedainnent;

582 2915 685 2972 540
723 2919 813 2974 Sic
842 2905 1039 2986 tamen,
1069 2926 1125 2971 ut
1151 2929 1369 2972 cunctos
1396 2916 1610 2969 Occasio
1631 2929 1769 2968 saeva
1797 2914 1996 2968 feriret.

724 3007 967 3063 Pluribus
989 3021 1116 3075 ergo
1143 3006 1297 3058 malis
1323 3003 1532 3058 bonitas
1555 3003 1781 3071 impulsa
1812 3003 1973 3070 hcati,

726 3099 989 3162 Leucadio
1013 3097 1206 3166 pariter
1227 3110 1320 3166 pro
1346 3093 1570 3163 praeside
1590 3102 1830 3163 prompta
1853 3099 2136 3164 precatrlx,

647 3190 769 3246 3l9.
816 3191 953 3244 Edit.
993 3189 1122 3245 Ven.
1154 3197 1208 3243 et
1243 3188 1376 3243 Cod.
1407 3187 1544 3250 Vat.,
1580 3189 1713 3258 justi
1760 3188 1846 3257 pia
1887 3187 2138 3254 dextera;

581 3262 1059 3334 qtttiil__tiziietttlum.

647 3330 773 3384 5:25.
815 3329 1152 3383 Catuclistica.
1185 3326 1340 3390 lbid..
1384 3327 1652 3398 Catac'ysa
1696 3329 1809 3397 fila.
1860 3328 1991 3383 Vide
2027 3343 2146 3397 quae

581 3402 995 3503 ΞῖἱίιιιΙιιῗυευρηι
1026 3400 1078 3454 in
1121 3399 1256 3454 notis
1285 3397 1349 3452 ad
1393 3398 1484 3452 lib.
1521 3414 1578 3452 ιιι
1613 3399 1743 3454 Vita:
1790 3399 1846 3455 S.
1889 3399 2140 3465 Martini,

617 3487 697 3539 ag.
732 3473 854 3526 405.

580 3488 1086 3596 3liae/tium.
1116 3540 1363 3604 ltbacins,
1397 3538 1676 3606 episcopus
1702 3541 1754 3593 in
1778 3541 2047 3609 Hispania,
2080 3539 2144 3594 ad

583 3613 888 3680 sanguinein
923 3627 1086 3676 usque
1113 3624 1162 3667 et
1185 3613 1381 3666 caedem
1415 3610 1800 3680 Priscillianuiu
1834 3610 2138 3664 haereticunt

585 3679 890 3750 persecutus
933 3683 1131 3747 fuerat;
1166 3697 1321 3746 quem
1366 3679 1582 3750 proinde
1626 3683 1698 3750 uti
1729 3681 2145 3748 sanguinarium,

586 3747 886 3807 deriiabaut
914 3753 1033 3816 alii,
1069 3763 1119 3805 et
1146 3753 1260 3816 ejus
1289 3747 1647 3802 communioni
1671 3765 1728 3803 se
1757 3747 1858 3801 nou
1889 3750 2148 3802 admisce-

592 3821 740 3882 baut,
777 3824 912 3875 inter
940 3836 1072 3888 quos
1102 3833 1155 3876 et
1183 3819 1440 3874 Martinus
1473 3833 1486 3872 :
1520 3818 1608 3870 alii
1635 3833 1762 3872 vero
1790 3817 2148 3888 defendebant

587 3906 651 3943 ac
681 3887 1070 3955 sequebantur,
1106 3891 1336 3944 Ecclesia
1389 3889 1439 3942 in
1483 3899 1658 3956 partes
1696 3890 1936 3943 discissa.
1983 3887 2149 3941 Maxi-

590 3977 706 4014 mus
737 3961 861 4029 imp.
915 3963 1177 4029 praecipue
1205 3960 1628 4028 patrocinabatur
1677 3959 1873 4014 ltltacio
1901 4002 1912 4024 ,
1945 3958 2034 4028 qui
2067 3958 2149 4012 vel

596 4030 834 4098 ejusdem
883 4045 1038 4086 suasu
1065 4040 1117 4085 ct
1145 4045 1303 4100 opera
1331 4029 1716 4086 Priscillianum
1745 4031 1915 4099 capite
1959 4029 2150 4083 multa-

583 4115 702 4156 VGI‘H
715 4111 748 4155 ί.

660 4173 788 4225 Ibid.
832 4170 979 4224 Tum.
1020 4169 1341 4234 Edit.'Ven.,
1374 4185 1508 4223 cum.

662 4243 787 4294 '54:).
829 4233 1093 4306 Sulpicius
1126 4241 1238 4291 hinc
1287 4233 1466 4290 narrat
1493 4251 1608 4304 cap.
1656 4236 1721 4288 15
1753 4252 1768 4289 z
1802 4233 1910 4288 Nec
1943 4233 2162 4288 dubium-

589 4313 710 4379 quin
741 4305 1027 4361 sanctorum
1055 4309 1206 4360 etiam
1235 4313 1510 4379 maximam
1529 4305 1732 4379 turbant
1760 4313 2028 4379 tempestas
2053 4306 2152 4358 ista

593 4374 1115 4450 depopulatur-rtesset
1140 4419 1154 4440 ,
1195 4392 1347 4450 parvo
1384 4375 1673 4450 dldtrlltllt‘lc
1705 4374 1847 4450 inter
1893 4375 2154 4450 hominum

595 4444 797 4515 gent-ru.
833 4446 1028 4499 Etenim
1057 4458 1160 4500 tum
1187 4444 1305 4500 solis
1333 4448 1503 4518 oculis
1510 4444 1862 4518 judicabatur,
1894 4461 2009 4497 cum
2027 4445 2146 4518 quis

593 4518 787 4588 pallore
815 4521 979 4584 potius
1001 4531 1097 4576 _(tltl
1128 4526 1450 4588 vesleitquant
1474 4515 1595 4586 ﬁde,
1637 4515 1898 4588 ltwreticus
1928 4516 2146 4569 (estima-

594 4585 750 4650 rctur;
771 4603 820 4643 et
857 4592 986 4640 ltist.
1015 4589 1102 4640 lib.
1133 4603 1168 4640 ιι
1201 4605 1212 4639 ;
1240 4585 1341 4640 llic
1364 4586 1633 4652 (ltltacius)
1658 4587 1886 4641 stultitia:
1911 4602 1967 4638 eo
1994 4601 2148 4650 usque

595 4669 920 4725 processerat.
953 4671 1004 4711 ut
1032 4673 1198 4710 omnes
1233 4658 1383 4708 etiam
1411 4667 1610 4710 sanctos
1639 4661 1792 4722 viros,
1838 4657 2019 4725 quibus
2061 4665 2149 4708 aut

593 4731 811 4783 studium
856 4732 1014 4781 inerat
1047 4728 1304 4787 lectionis,
1351 4739 1437 4777 aut
1466 4729 1777 4794 propositum
1813 4738 1918 4779 erat
1957 4737 2149 4780 certare

589 4801 816 4869 jejunus,
851 4811 1090 4868 tanquam
1132 4796 1444 4848 Priscilliani
1474 4797 1634 4848 socios
1671 4808 1760 4848 aut
1789 4797 2067 4864 discipulos
2095 4797 2148 4848 in

595 4871 778 4922 crimen
812 4878 1096 4922 accusaret.

666 4939 788 4994 ΞΗ.
831 4939 880 4992 Id
913 4941 1068 4990 etiam
1112 4935 1299 5004 agebat
1330 4935 1581 4990 Martinus
1609 4976 1622 4998 ,
1668 4949 1735 4988 ne
1777 4933 2006 4988 haeretici
2053 4948 2146 4988 su-

599 5024 783 5078 premo
815 5010 998 5078 Sttpplit
1020 5007 1069 5078 i9
1098 5008 1488 5078 tltttlt_:t_rettttlt;:
1524 5006 1728 5060 Scilicet
1884 5006 1958 5058 ait
1991 5004 2149 5055 Baro—

597 5073 714 5133 iiiits
745 5079 807 5130 ad
839 5073 929 5131 an;
956 5075 1056 5129 586
1077 5117 1091 5140 ,
1122 5094 1174 5129 ιι.
1209 5073 1302 5143 55)
1330 5077 1381 5127 in
1414 5075 1637 5129 Ecclesia
1667 5073 1913 5126 catholica
1945 5089 2039 5124 usu
2068 5089 2150 5126 re-

597 5161 792 5213 ceplum
823 5163 894 5201 est
915 5191 929 5213 ,
960 5163 1073 5200 cum
1106 5147 1216 5216 quis
1247 5147 1429 5214 expetit
1459 5163 1489 5198 a
1518 5146 1846 5216 sucularibus
1885 5146 2150 5216 magistra-

599 5221 726 5272 tibus
758 5236 901 5286 opem
932 5214 1169 5270 adversus
1219 5216 1475 5269 hmreticos
1498 5255 1514 5280 ,
1556 5233 1619 5269 ne
1662 5215 1745 5268 Illi
1783 5217 1942 5267 cianw
1988 5214 2149 5282 partis

599 5305 822 5350 consors,
855 5299 897 5339 et
926 5297 1138 5340 sectator
1169 5303 1274 5341 esse
1300 5287 1545 5347 rideatur,
1573 5290 1976 5338 contrstatiouem
2006 5285 2150 5337 illam

597 5362 818 5412 consulto
860 5361 1197 5426 prietnittere;
1227 5356 1458 5408 nimirum
1489 5355 1558 5406 sic
1585 5372 1635 5406 se
1664 5356 2022 5421 correptionem
2060 5367 2150 5426 ex-

601 5440 762 5495 petere
812 5424 1222 5494 incorrigibilinm
1264 5426 1673 5494 delinquentium,
1725 5437 1776 5476 ut
1815 5434 1977 5478 tanien
2025 5424 2149 5477 citra

599 5514 792 5566 pinnam
823 5502 1079 5563 sanguinis
1107 5499 1398 5564 puniantur.

672 5567 789 5618 54:2.
836 5568 1012 5621 lli-fert
1068 5563 1332 5636 Sulpicius
1380 5567 1516 5636 quod
1579 5565 1826 5621 Martinus
1875 5563 2150 5618 laborabat

604 5639 862 5704 ιιιίιιι-ἱιιιιω
903 5655 989 5700 pro
1037 5635 1248 5690 Nais’ele
1287 5648 1465 5690 ronnte
1503 5645 1548 5690 et
1595 5635 1848 5689 Leucadio
1893 5636 2144 5704 prmside,

603 5721 816 5773 quorum
845 5709 985 5757 ambo
1014 5707 1242 5760 Gratiani
1269 5713 1486 5776 partium
1511 5712 1710 5776 fuerant
1734 5705 2148 5774 pertinacioribus

605 5776 892 5832 δικαιῶν...
930 5777 1056 5828 iram
1087 5781 1281 5830 victoris
1307 5779 1518 5832 emeriti.

1253 336 1575 396 γιῑΝιΝτιι
1609 334 1766 392 llON.
1807 332 2021 391 οιειι.
2065 329 2148 388 F0

2257 325 2456 386 UNATI
2485 321 2773 381 OPERUM
2815 320 2989 379 PARS
3023 312 3066 377 ἰ.

2176 4489 2224 4550 D

3707 307 3825 371 “8

2355 441 2593 498 Occurrit
2627 438 2899 502 Treviros,
2930 436 3051 490 aliis
3079 413 3290 505 quoque
3317 440 3462 489 mota
3487 431 3781 505 querelis.

2359 533 2644 590 Pontiﬁces
2668 530 2874 585 adeunt
2902 526 3140 598 praedicti
3181 523 3438 595 principis
3463 532 3640 592 aures,

2213 646 2318 701 545
2357 621 2433 702 Ne
2462 645 2720 701 Martinus
2748 651 2855 709 eat,
2884 641 3073 712 synodi
3103 638 3205 694 nisi
3235 653 3365 708 pace
3393 647 3627 707 recepta.

2299 745 2302 752 ‘
2355 739 2460 793 Sed
2489 753 2643 792 sacer
2670 735 2900 790 asseruit
2924 733 3122 788 Christi
3149 747 3210 788 se
3248 732 3303 786 in
3331 746 3461 801 pace
3489 743 3751 796 manete,

2247 831 2278 851 ί
2314 890 2324 903 Ι
2355 829 2469 897 Qua
2500 827 2647 895 prius
2672 822 2928 879 abstinuit
2953 831 3168 877 sanctus
3197 822 3274 877 sic
3301 819 3526 884 coetibus
3552 819 3686 876 mis-

2356 921 2643 976 Pontilices
2674 919 2865 972 iterum
2910 924 3198 972 occurrunt
3225 914 3294 969 ad
3333 913 3564 971 Caesaris
3589 911 3814 979 ηιξ-ν

2357 1012 2524 1084 Cogat
2550 1007 2609 1066 'ut
2637 1011 2928 1065 innocuum
2954 1023 3016 1064 se
3044 1006 3366 1078 participare
3395 1004 3622 1060 nocivis.

2217 1128 2323 1188 350
2359 1128 2620 1183 Provocat
2652 1125 2884 1194 alloquio
2912 1138 3070 1193 quem
3103 1117 3338 1198 mulliter
3367 1121 3747 1205 induperator,

2362 1217 2429 1272 Ut
2456 1216 2750 1270 sociaretur
2776 1214 2990 1282 reliquis
3016 1212 3322 1268 communio
3338 1210 3468 1280 justi
3495 1229 3510 1278 ;
3537 1253 3542 1257 .

2363 1291 2457 1366 llis
2481 1309 2828 1365 Theonistum
2855 1308 3052 1362 etenim
3077 1307 3248 1362 solum
3274 1302 3512 1360 descisse
3535 1302 3814 1373 querens,

2365 1403 2461 1461 Cui
2492 1418 2597 1458 non
2623 1402 2938 1472 complacuit
2963 1400 3266 1456 communio
3291 1399 3449 1455 noxia
3477 1398 3728 1454 fratrum.

2365 1496 2496 1551 liinc
2524 1495 2648 1566 quia
2675 1509 2778 1554 non
2808 1493 2970 1547 valuit
3003 1491 3145 1548 ﬂecti
3169 1490 3509 1547 vehementia
3537 1490 3742 1580 sensti,

2227 1606 2330 1663 555
2371 1606 2576 1674 Abripit
2601 1622 2665 1660 es
2701 1590 2872 1659 oculis
2900 1617 2958 1659 se
2993 1601 3246 1672 principis
3275 1604 3382 1658 alla
3414 1609 3676 1672 potestas,

2371 1699 2489 1753 illo:
2516 1713 2880 1766 percussores,
2909 1695 3084 1766 gladio
3124 1696 3425 1760 minitInte,
3457 1695 3694 1759 relaxat,
3751 1741 3754 1743 _

2377 1791 2475 1858 Qui
2505 1791 2672 1844 semel
2702 1789 2954 1855 offensos,
2981 1789 3158 1856 jaculo
3184 1787 3398 1858 ligente,
3428 1788 3718 1843 trucideut.

2319 1863 2352 1881 ⁴
2373 1878 2644 1948 Comperit
2663 1888 2721 1932 ut
2741 1888 2958 1933 sanctus
2979 1877 3280 1934 reseranda:
3301 1877 3504 1932 fraudis
3521 1877 3818 1942 amictum,

2377 1967 2646 2026 Pollicitus”
2668 1970 2809 2040 regis
2837 1985 2897 2025 se
2928 1970 3242 2040 participare
3267 1969 3546 2035 ministris,
3701 1959 3704 1961 Α

2235 2080 2340 2136 360
2379 2081 2444 2136 Et
2473 2083 2670 2161 pietate
2695 2081 2908 2147 calens,
2926 2081 3143 2150 deponit
3170 2095 3354 2136 amore
3381 2080 3643 2152 rigorem,

2376 2176 2525 2231 Mens
2554 2190 2641 2248 rea
2679 2175 2832 2244 cujus
2861 2174 3029 2240 abest,
3063 2188 3159 2244 par
3193 2173 3253 2226 lit
3279 2171 3590 2228 communio
3615 2171 3832 2242 culpae.

2377 2266 2510 2322 Hinc
2539 2280 2599 2320 se
2627 2265 2925 2332 proripiens
2954 2277 3180 2332 propere
3215 2265 3473 2317 Martinus
3499 2262 3705 2334 abegit,

2379 2358 2590 2413 Estuat
2613 2354 2815 2410 interea
2833 2354 3106 2424 gradiens,
3133 2355 3328 2424 gravis,
3352 2356 3564 2420 anxius,
3586 2367 3830 2426 augens,

2379 2449 2487 2504 Cur
2511 2450 2594 2504 vel
2620 2449 2686 2502 ad
2711 2449 2894 2503 horale
2923 2448 3154 2518 spatium
3185 2449 3460 2504 consensit
3487 2447 3712 2520 iniquis.

2239 2558 2346 2616 565
2381 2558 2508 2614 Inde
2539 2560 2640 2614 iter
2665 2574 2942 2614 emensum
2970 2573 3065 2628 per
3101 2568 3250 2615 vasta
3279 2560 3488 2615 silentia
3517 2558 3751 2625 ducens,

2384 2652 2686 2723 Progressis
2713 2650 2874 2707 sociis
2902 2650 2970 2705 ibi
2998 2665 3060 2706 se
3085 2648 3438 2706 Audetbanna
3469 2650 3829 2722 prapiuquat.

2384 2743 2522 2798 Ecce
2547 2744 2660 2796 viro
2689 2742 2896 2811 insigni
2929 2757 3080 2796 sacer
3107 2743 3296 2797 obvius
3330 2741 3550 2811 angelus
3577 2749 3751 2808 astat,

2385 2831 2640 2886 Praesenti
2673 2831 2904 2897 alloquio
2932 2830 3208 2884 confessus
3231 2831 3442 2898 publice
3475 2829 3681 2895 vultus,

2385 2924 2556 2987 Atque
2586 2919 2815 2972 revelata
2842 2918 2975 2972 facie
3000 2920 3078 2971 sic
3102 2912 3400 2972 comminus
3429 2915 3582 2970 inllt:

2243 3011 2348 3069 370
2386 3010 2550 3078 Quam
2583 3009 2792 3074 merito,
2831 3009 3058 3063 Martiae
3081 3051 3097 3075 ,
3128 3009 3246 3062 loco
3277 3007 3660 3078 compungeris
3690 3005 3831 3078 isto,

2383 3103 2491 3159 Nec
2523 3117 2774 3173 properas
2800 3101 2946 3155 exire
2973 3101 3149 3165 aliter,
3186 3099 3284 3154 nisi
3306 3098 3454 3169 jussa
3487 3099 3714 3154 lacessis
3737 3115 3758 3154 :

2320 3193 2446 3250 3M.
2489 3193 2731 3262 Episcopi
2761 3190 2943 3245 lthacii
2974 3190 3212 3262 partibus
3261 3190 3498 3262 faventes
3547 3205 3831 3247 convene-

2247 3275 2365 3322 rant
2402 3261 2655 3317 Treviris.
2687 3261 2930 3331 L‘oguito
2965 3261 3174 3316 Martini
3211 3261 3276 3314 ad
3321 3261 3504 3331 urbem
3546 3275 3781 3317 accessu
3806 3305 3826 3330 ,

2245 3335 2498 3390 adversus
2541 3335 2683 3386 illum
2723 3329 2844 3385 cum
2886 3329 3113 3384 Maximo
3153 3331 3430 3384 consilium
3472 3330 3682 3394 ineunt,
3733 3343 3828 3399 ut,-

2247 3406 2424 3460 missis
2454 3401 2770 3458 ofﬁcialibus
2789 3441 2804 3468 ,
2837 3409 3106 3454 vetaretur
3139 3401 3396 3454 accedere
3426 3401 3640 3468 propius
3661 3445 3677 3467 ,
3713 3401 3828 3458 nisi

2245 3491 2305 3532 se
2335 3475 2479 3543 prius
2508 3488 2688 3540 pacem
2731 3486 2850 3526 cum
2878 3471 3143 3543 episcopis
3192 3470 3494 3524 habiturum
3528 3473 3825 3538 pollicere-

2249 3539 2354 3612 tur;
2381 3545 2472 3614 qui
2495 3539 2849 3614 Trevirispro
2875 3539 3236 3614 ltltaciiicausa
3261 3550 3636 3596 Cottvetterant.
3668 3543 3828 3608 Quos

2248 3610 2348 3671 ille.
2374 3610 2658 3682 deludens,
2707 3610 2843 3668 sein
2887 3610 3076 3665 Christi
3103 3627 3228 3680 pace
3271 3627 3568 3665 mansurum
3597 3625 3827 3668 assere-

2249 3686 2402 3741 ravit.
3195 3706 3200 3711 ·

2319 3755 2449 3824 547.
2485 3753 2625 3824 Edit.
2658 3752 2812 3817 νειμ,
2842 3768 2948 3824 quo
2972 3751 3156 3824 priu8.__
3231 3809 3233 3816 λ

2321 3819 2448 3877 552.
2483 3823 2769 3888 Imperator
2816 3822 3059 3875 videlicet
3107 3821 3313 3875 dixerat
3355 3819 3424 3873 ad
3480 3820 3768 3875 Martinam
3807 3839 3822 3875 :

2253 3893 2610 3962 Theognistum
2654 3891 2774 3945 odio
2798 3892 2962 3959 potius
2981 3930 3002 3958 ,
3038 3906 3190 3962 quam
3215 3905 3370 3943 causa
3394 3928 3424 3962 ,Α
3455 3892 3629 3959 fecisse
3657 3890 3824 3943 dissi-

2251 3959 2426 4027 dium',
2460 3964 2978 4028 eamdemque-tamen
3006 3961 3172 4013 solum
3204 3977 3312 4015 esse
3337 3959 3425 4029 qui
3455 3975 3507 4012 se
3531 3977 3566 4012 α
3591 3975 3824 4029 conatuu-

2252 4035 2401 4088 uione
2428 4034 2625 4086 interim
2649 4033 2930 4099 separarit;
2959 4047 2990 4082 a
3018 4031 3225 4100 reliquis
3255 4028 3385 4084 nihil
3411 4040 3669 4083 uocatum.
3695 4028 3823 4086 Sul-

2256 4107 2361 4172 pic.
2395 4119 2512 4172 cap.
2538 4105 2629 4157 lli.
2663 4103 2757 4156 llic
2783 4102 3138 4172 Theognistus
3168 4104 3314 4168 prius
3339 4101 3641 4172 absolverat
3671 4101 3818 4156 Itha-

2254 4169 2417 4238 cium,
2451 4169 2630 4239 postea
2659 4171 3058 4224 condemnarat.
3101 4169 3304 4235 Sulpic.
3337 4171 3468 4222 ibid.

2323 4243 2446 4296 556.
2488 4241 2700 4294 Scilicet
2739 4239 3029 4306 imperator
3073 4251 3193 4290 cum
3244 4251 3350 4290 non
3400 4239 3738 4304 impetrasset
3783 4253 3815 4293 ι

2255 4309 2480 4364 Martino
2505 4319 2559 4363 ut
2578 4305 2999 4374 communicaret
3021 4305 3324 4371 lthacianis,
3353 4306 3586 4374 iusserat
3611 4317 3670 4360 ut
3693 4322 3818 4373 per-

2256 4395 2500 4436 cursores
2545 4381 2877 4433 mitterentur
2923 4378 2977 4432 in
3032 4391 3124 4431 eos
3174 4391 3270 4445 pro
3316 4378 3507 4447 quibus
3554 4374 3813 4432 Martinus

2255 4452 2462 4507 veniam
2493 4461 2546 4504 et
2577 4449 2936 4504 liberationem
2973 4456 3270 4517 rogaverat.

2319 4523 2439 4576 36L
2485 4522 2623 4574 Edit.
2661 4519 2789 4574 Ven.
2821 4529 2874 4573 et
2899 4517 3030 4572 Cod.
3067 4517 3209 4583 ναι..
3241 4533 3358 4586 pars
3385 4518 3464 4587 ﬁt.

2318 4593 2441 4645 565.
2481 4591 2609 4644 Cod.
2644 4590 2787 4654 Vat.,
2816 4590 3018 4659 anxius,
3051 4604 3240 4659 angens
3265 4588 3463 4659 ,{quod
3494 4588 3805 4659 tenendum.

2247 4661 2460 4716 Postero
2487 4662 2566 4713 die
2593 4662 2611 4723 l
2621 4660 2788 4728 inquit
2815 4656 3409 4726 SulpiciusfMartiuus
3438 4675 3491 4710 se
3519 4659 3636 4710 inde
3662 4656 3811 4726 (τη-

2227 4733 2396 4800 .viris)
2445 4727 2745 4800 proripiens,
2788 4743 2901 4780 cum
2943 4738 3187 4800 reuertens
3216 4727 3269 4780 in
3299 4729 3382 4781 via
3426 4738 3632 4800 "uestris
3669 4729 3811 4800 inge-

2248 4796 2471 4854 miscerét
2491 4841 2506 4863 ,
2537 4817 2588 4853 se
2633 4797 2707 4851 vel
2750 4801 2815 4850 ad
2845 4799 3022 4849 lteram
3065 4797 3233 4849 noxia:
3268 4796 3614 4862 communioni
3661 4797 3811 4864 fuisse

2247 4870 2547 4938 permixtum
2570 4905 2588 4932 ,
2625 4867 2761 4920 haud
2790 4868 2991 4938 (augeo
3018 4867 3155 4938 vico,
3199 4865 3282 4938 cui
3321 4875 3605 4917 nomen'cst
3637 4867 3814 4920 Aude-

2251 4933 2446 4992 thauna
2471 4976 2485 5000 ,
2529 4953 2630 5004 qua
2672 4945 2837 5006 uastas
2861 4933 3161 5006 solitudines
3185 4933 3446 5006 sylvarum
3485 4947 3677 5006 secreta
3718 4953 3811 5006 pu—

2249 5001 2560 5060 tiuntur.....
2601 5005 2858 5065 subsedit,
2890 5013 2992 5071 etc.
3031 5001 3312 5057 Browe'rus
3362 5001 3570 5059 laborat
3599 5001 3814 5060 massi-

2248 5077 2456 5144 gnando
2478 5076 2696 5142 hujusce
2717 5074 2938 5144 vicisitu
2960 5090 2975 5138 ;
2998 5072 3279 5128 deducitur
3298 5089 3424 5127 vero
3443 5089 3510 5128 eo
3531 5085 3587 5128 ut
3607 5071 3811 5138 credat,

2249 5142 2634 5200 Audet/tamtam
2684 5146 2735 5197 in
2784 5142 3068 5215 Epteruaco
3123 5144 3451 5211 ponendam,
3489 5144 3629 5211 quod
3677 5146 3812 5214 apud

2249 5217 2461 5282 Surum,
2491 5220 2596 5277 ait,
2623 5219 2865 5284 inclytum
2895 5227 2965 5268 est
2993 5217 3047 5268 in
3075 5215 3298 5268 Treviris
3338 5215 3584 5284 σκιηνυίοο
3613 5229 3813 5270 mm-

2249 5287 2462 5351 terium,
2513 5283 2748 5341 tredecim
2787 5287 3008 5340 millibus
3055 5300 3299 5355 passuum
3345 5283 3548 5335 circiter
3592 5287 3660 5337 ab
3695 5286 3813 5340 urbe

2247 5359 2480 5428 dissitum
2510 5373 2527 5412 :
2558 5359 2696 5427 facili
2727 5359 2996 5428 mutatione
3028 5354 3247 5428 (subdit)
3273 5393 3288 5418 ,
3322 5363 3376 5405 ut
3422 5367 3487 5428 es:
3505 5356 3814 5428 primum

2248 5427 2437 5500 factum
2469 5422 2882 5491 Abiturum/tum,
2925 5422 3374 5479 itaAttdethanna
3417 5422 3471 5476 in
3501 5422 3772 5483 Echterua
3794 5467 3813 5500 ,

2251 5510 2303 5550 ut
2320 5499 2381 5568 _in
2411 5501 2616 5568 proprio
2646 5501 2886 5552 idiomate
2912 5506 3078 5561 sonat,
3129 5507 3386 5568 conversa.

2248 5636 2282 5692 ὁ
2318 5564 2441 5623 διι.
2481 5564 2608 5622 Cod.
2665 5568 2805 5634 Vat.,
2848 5583 2938 5621 nec
2977 5575 3178 5635 poteras
3215 5564 3354 5620 exire
3382 5581 3395 5594 ·
3440 5566 3586 5636 quod
3633 5575 3818 5628 tenen-

2289 5654 2392 5692 ιιιιι.

2289 5654 2392 5694 ιιιιι.

2252 5708 2450 5834 angui.
2491 5703 2628 5764 Edit.
2659 5707 2817 5778 νειμ,
2847 5705 2945 5762 nisi
2979 5707 3129 5779 jussu
3156 5709 3372 5778 facesses
3393 5723 3416 5777 ;
3443 5708 3589 5780 quod
3635 5717 3800 5769 talen

2290 5791 2396 5833 um.
