3948 6218
128 284 233 351 lii

1074 288 1177 346 ns
1213 287 1372 347 Vl‘l‘A
1408 286 1653 365 ssnon
1688 284 1996 375 uanum.
2032 307 2104 331 -ι
2139 288 2267 345 LIB.
2310 282 2389 347 tv.

3241 276 3359 369 “ﬁ:

274 402 385 461 Cu'r
409 401 600 459 anima;
627 366 861 485 nimium,
883 404 1021 460 dulci
1053 414 1131 461 tot
1153 415 1327 462 amara
1357 407 1651 462 ministrat?
1929 402 2129 474 Iugiter
2150 386 2393 483 amplexu
2413 401 2683 457 Christum
2704 404 2887 469 corde,
2910 416 3026 471 ore,
3046 364 3343 484 retentans,

126 495 236 550 545
276 495 1226 566 [Nondecethaecaudirepiummeque
1239 498 1690 566 ferrebenignum.

280 588 477 643 Errant
500 587 553 640 h‘i
581 589 813 658 graviter
849 582 941 656 qui
968 590 1109 642 melli
1136 588 1414 658 absynthia
1443 589 1687 643 miscent.

277 677 372 732 Ille
395 688 590 742 tamen,
624 678 821 747 pietate
841 666 1040 741 calens,
1072 678 1201 731 nihil
1224 669 1398 731 infitlit
1420 678 1583 747 hosti,

276 768 487 834 Excipit
511 769 703 821 iratum
729 769 965 836 placatus
988 778 1231 821 amanter
1253 781 1513 832 amarum,

273 856 839 927 Oblectansrapidum,
858 866 913 912 et
926 872 1019 921 per
1037 857 1210 911 mollia
1226 856 1419 911 famina
1432 856 1689 926 mulcens,

123 946 238 1004 550
268 948 333 1002 Et
356 947 525 1002 nescit
558 955 669 1003 nen’
690 961 809 1003 esse
837 948 1123 1019 pater’fsine
1146 946 1266 1001 felle
1290 947 1371 1001 vel
1403 947 1541 1001 hosti
1570 963 1583 1001 :

272 1039 374 1104 Qui
396 1034 596 1105 tamen,
628 1048 882 1095 exorante
911 1038 1048 1104 viro,
1078 1037 1345 1108 larvisque
1372 1037 1584 1108 fugatis,

276 1126 409 1182 Dum
432 1130 571 1183 redit
598 1129 663 1183 ad
692 1117 921 1184 mentem
948 1127 1174 1182 furiosus
1204 1128 1398 1182 Brictio
1430 1128 1629 1197 pridem
1670 1146 1684 1183 :

273 1213 516 1272 Pontifici
548 1219 780 1273 occurrit
816 1229 959 1283 voto,
989 1233 1165 1286 prece,
1197 1232 1420 1288 corpore
1444 1218 1679 1287 supplex.

275 1304 381 1361 Sed
404 1306 639 1363 bonitate
654 1307 725 1376 pii
756 1308 899 1363 celer
928 1307 1250 1379 indulgentia
1278 1291 1449 1363 flexit.

117 1393 231 1451 555
270 1394 386 1483 Non
408 1397 545 1466 apud
569 1398 707 1452 hunc
724 1412 856 1467 opus
870 1412 987 1453 esse
1013 1396 1101 1451 diu
1119 1384 1463 1477 Ilacrymando.
1479 1398 1650 1468 rogari
1670 1415 1683 1451 :

166 1508 175 1511 λ
274 1490 381 1543 Ant
410 1502 568 1557 prece
595 1488 870 1559 multiplici
900 1487 1106 1543 veniam
1136 1502 1354 1558 sperare
1380 1490 1614 1564 nocenti,

271 1575 369 1643 Qui
397 1576 563 1643 magis
592 1575 813 1644 expetiit
836 1576 1020 1643 culpas
1050 1577 1252 1631 donare
1281 1587 1480 1642 reatus,

268 1662 575 1721 Crediditet
590 1666 863 1730 damnum,
878 1665 1128 1735 quidquid
1146 1680 1249 1719 non
1264 1652 1509 1734 praestitit
1524 1667 1683 1733 ultro;

273 1756 397 1810 llaec
419 1770 517 1811 sua
544 1757 686 1832 lucra
718 1765 909 1825 putans
932 1744 1199 1813 dimittere
1224 1755 1398 1811 debita
1428 1771 1614 1823 noxas,

118 1842 233 1901 560
273 1847 473 1902 Obvius
500 1861 789 1902 occurrens
815 1846 1070 1915 quaerenti
1104 1860 1320 1901 munera
1345 1847 1509 1916 pacis,
1630 1878 1657 1911 ι

270 1937 431 1991 irasci
462 1935 589 1991 nulli
614 1938 849 2007 cupiens,
879 1922 1407 2009 ignoscerecunetis,

267 2027 495 2084 Ftedera
517 2028 629 2081 sola
656 2026 825 2095 ligans
848 2025 1010 2090 celer,
1040 2033 1094 2079 et
1123 2027 1312 2080 delicta
1352 2025 1618 2089 relaxans;

271 2113 546 2186 Elfugiens
578 2130 645 2169 ne
672 2113 883 2183 quando
910 2113 1009 2168 sibi
1039 2114 1188 2168 daret
1215 2113 1345 2166 ultio
1373 2112 1658 2177 damnum;

266 2203 402 2260 Rem
435 2204 648 2274 pietatis
679 2215 876 2273 agens;
908 2204 1038 2258 satis
1065 2208 1148 2258 e‘st
1175 2202 1455 2258 clementia
1491 2202 1687 2257 vindex

117 2296 227 2356 565
264 2297 395 2365 Quae
423 2298 505 2365 pia
539 2297 675 2351 dona
709 2307 938 2361 metens,
988 2293 1101 2349 lleri
1132 2308 1238 2349 non
1267 2293 1469 2363 indiget
1496 2293 1676 2359 ultrix,

264 2387 525 2443 Omnibus
553 2394 707 2440 aucta
738 2383 915 2449 bonis,
953 2382 1035 2438 cui
1066 2384 1163 2437 dos
1188 2391 1239 2437 et
1265 2384 1432 2451 gloria
1461 2398 1561 2452 pax
1582 2390 1686 2438 est.

266 2475 365 2531 Vir
387 2483 560 2529 tamen
591 2475 706 2541 ipse
734 2486 904 2537 sacer,
938 2472 1146 2541 pietatis
1173 2472 1238 2527 ab
1272 2470 1481 2547 agmine
1511 2472 1686 2538 miles,

269 2568 493 2625 Foedera
522 2580 733 2635 semper
759 2578 965 2632 amans,
998 2566 1051 2619 et
1077 2565 1221 2632 pacis
1248 2563 1302 2617 in
1329 2578 1476 2617 arma
1506 2558 1693 2617 trium-

1489 2652 1686 2707 Tohans.

1062 2650 1067 2654 ’
1489 2701 1492 2705 ,
1535 2652 1594 2706 ba

269 2749 538 2822 Supplicis
558 2749 623 2805 ad
654 2763 834 2805 vocem
860 2748 1165 2823 miserantis
1200 2747 1402 2802 viscera
1434 2650 1594 2810 la‘xpat,

122 2841 229 2903 570
264 2842 433 2914 Inque
469 2844 587 2901 sinu
614 2841 780 2897 venite
812 2840 1077 2909 trepidum
1119 2838 1397 2894 mulcendo
1444 2834 1685 2901 reduxit,

269 2938 443 3006 Atque
466 2949 615 2989 reum
641 2933 793 2988 solita
828 2933 992 3001 patria
1014 2928 1236 3001 pietate,
1268 2929 1493 2999 recepit.

270 3026 395 3080 Haec
433 3033 544 3089 tua,
584 3022 774 3088 dulcis,
834 3029 983 3075 erant
1031 3019 1365 3083 holocausta,
1414 3016 1684 3092 sacraria,

1900 544 1907 553 .
1929 497 2158 551 Necsine
2179 505 2228 549 te
2249 494 2452 562 patiens
2471 493 2736 548 dominum
2759 492 3034 549 discedere
3052 508 3343 565 quoquam,

1933 588 2124 643 Tecum
2142 601 2352 654 semper
2367 584 2564 639 habens
2574 584 2806 639 vinctum
2820 586 3015 653 pietate
3026 585 3342 654 Tonantem;

1881 672 1886 675 Α
1932 681 2189 735 Astrictus
2218 679 2458 748 precibus
2479 693 2651 746 neque
2673 692 2735 733 se
2766 677 3003 732 solvebat
3048 687 3272 747 amatur,

1933 767 2095 838 Cujus
2120 767 2284 822 amica
2315 766 2446 821 fides
2475 776 2679 831 tantum
2709 766 2802 819 tibi
2831 766 3053 821 contulit
3079 767 3237 831 arcis,

1792 857 1897 913 590
1936 858 2004 913 Ut
2032 858 2202 913 solem
2231 857 2394 911 radiis
2422 865 2475 911 et
2505 855 2681 910 lunam
2712 849 2952 910 cursibus
2978 870 3175 925 eques,

1929 946 2055 1013 Quis
2082 947 2367 1016 splendore
2395 947 2575 1001 nitens
2598 986 2615 1012 ,
2665 946 2881 1015 pulcher
2901 987 2917 1013 ,
2959 948 3109 1016 quasi
3163 946 3348 1003 lucifer

3183 1036 3343 1111 μεὶς,

1932 1126 2011 1181 Ab
2031 1126 2230 1195 fulgore
2257 1127 2349 1181 Dei
2374 1128 2451 1181 vir
2474 1127 2699 1197 tulgidus
2724 1126 2837 1196 ipse
2862 1141 3131 1194 coruscas,

1931 1202 2186 1286 Tegmine
2210 1219 2289 1273 vir
2315 1222 2497 1273 niveus
2516 1259 2531 1284 ,
2564 1218 2699 1273 miro
2726 1218 3024 1274 diademate
3054 1218 3225 1275 fulvus
3258 1236 3273 1273 :

1932 1308 2191 1377 Supplicis
2217 1324 2344 1379 ergo
2372 1322 2605 1374 memor,
2639 1308 2817 1365 famuli
2841 1309 3120 1365 exauditur
3148 1295 3363 1379 opime,

1794 1395 1897 1452 595
1938 1396 2207 1452 Fortunati
2239 1400 2431 1468 inopis,
2464 1391 2652 1467 trepidi
2678 1399 2775 1452 sibi
2817 1408 2960 1454 sorte
3007 1410 3206 1469 reatus,

1930 1476 2167 1561 Morbida
2187 1488 2270 1542 cui
2301 1488 2447 1542 rabie
2468 1489 2669 1543 circum
2692 1504 2784 1544 sua
2808 1489 3032 1544 crimina
3058 1493 3270 1557 latrant,

1932 1566 1999 1630 Et
2026 1575 2136 1630 fera
2167 1576 2343 1631 deliCIi
2374 1577 2716 1645 penetraliter
2753 1580 2929 1633 ulcera
2961 1581 3241 1648 mordent;

1930 1663 2218 1729 lntercede,
2249 1679 2458 1733 precor,
2486 1667 2722 1730 veniam,
2743 1666 2822 1721 vir
2849 1668 3037 1737 adepte
3072 1683 3344 1727 coronam.

1933 1751 2124 1823 Eripe,
2173 1764 2387 1824 pastor,
2428 1770 2580 1812 ovem
2604 1798 2620 1825 ,
2663 1772 2731 1812 ne
2780 1758 3002 1827 clauda,
3040 1761 3125 1815 vel
3166 1771 3347 1818 extera

3132 1851 3313 1925 [restet
3328 1870 3346 1922 ;

1789 1930 1896 1987 600
1934 1932 2179 2004 Porrige,
2210 1936 2385 2011 celse,
2421 1952 2666 2006 manum,
2705 1954 2830 2010 rege
2867 1955 3102 2011 gressum
3124 1984 3140 2009 ,
3182 1943 3347 2016 dirige

3085 2030 3317 2103 [sensum
3324 2074 3342 2102 ,

1931 2112 2297 2181 Escessusque
2322 2129 2509 2183 graves
2537 2116 2720 2171 leviori
2745 2119 2987 2186 examine
3014 2133 3237 2189 penses,

1926 2202 2004 2257 Ac
2033 2204 2206 2271 potius
2236 2205 2399 2273 pietas
2427 2206 2571 2261 dives
2600 2209 2902 2264 miserando
2941 2222 3201 2278 precetur.

1929 2294 2073 2368 Mitis,
2110 2304 2164 2350 et
2214 2306 2452 2352 exsortes
2498 2299 2757 2368 placident
2803 2299 3033 2357 fomenta
3084 2305 3343 2374 medelas;

1928 2383 2069 2439 lnter
2094 2394 2146 2439 et
2169 2382 2281 2454 ipse
2303 2385 2666 2456 Deum,atque
2695 2405 2840 2452 reum
2867 2393 3121 2448 mediator
3140 2395 3341 2465 adesto,

1790 2469 1895 2527 605
1931 2473 2123 2527 Deﬁxis
2144 2475 2384 2543 genibus,
2419 2478 2579 2530 tensis
2604 2477 2670 2531 ad
2698 2480 2870 2535 sidera
2921 2483 3129 2550 palmis,

1936 2562 2166 2617 Vocibus
2193 2564 2441 2629 inclusis,
2463 2566 2651 2620 animis
2679 2572 3072 2636 penetrantibus
3102 2564 3275 2642 auras,

1930 2652 2178 2707 Obtineas
2209 2653 2439 2719 meritis;
2467 2654 2627 2722 judex
2649 2669 2767 2711 cum
2796 2662 2995 2715 venerit
3023 2662 3189 2730 orbis,

1929 2741 2007 2797 Tu
2036 2746 2245 2812 quoque
2269 2743 2445 2811 jussus
2470 2745 2577 2799 eris
2608 2745 2796 2802 dextro
2820 2748 3053 2807 residere
3078 2754 3248 2819 sedili,

1933 2831 2142 2910 Arbiter
2184 2833 2235 2887 in
2268 2834 2519 2902 populos,
2551 2837 2783 2905 tribuum
2811 2853 2976 2906 pavor
3015 2852 3138 2898 ante
3178 2844 3347 2900 tribu-

3183 2934 3290 3006 [nal
3330 2956 3343 2992 :

1791 3010 1893 3091 610
1930 3012 2165 3079 Qualiter
2193 3012 2454 3082 en‘ugiam,
2479 3016 2690 3072 flamma
2740 3020 3016 3088 stridente,
3049 3027 3346 3096 caminum;

1437 3082 1685 3177 [fempm
1713 3077 1761 3139 C
1822 3086 1853 3111 ν’
1928 3101 2313 3170 Tuneprecor,
2341 3112 2398 3157 ut
2426 3104 2663 3174 fragilem
2690 3122 2843 3163 sacro
2872 3077 3133 3169 velamine
3178 3077 3339 3188 celes,

269 3203 397 3259 Haec
427 3204 522 3257 tibi
550 3195 766 3270 divitia,
802 3201 1061 3266 thesauri,
1084 3214 1268 3280 regna,
1297 3199 1511 3264 talenta,

269 3294 411 3360 Flos,
436 3295 586 3361 odor,
610 3292 1409 3363 esca,sapor,mera,cinnama,
1432 3290 1687 3357 balsama,

468 3424 473 3429 .
569 3384 572 3388 ’
1479 3376 1687 3449 [titura;

120 3470 231 3527 575
272 3470 396 3526 Haec
412 3484 564 3523 sacer
585 3469 759 3524 omnis
778 3476 913 3532 erat,
940 3479 1052 3521 haec
1073 3475 1204 3531 tota,
1231 3467 1343 3520 haec
1366 3465 1517 3519 unica
1541 3472 1687 3518 cura.

266 3560 537 3617 Christum
569 3560 725 3615 corde
752 3560 839 3627 pio
861 3596 877 3624 ,
908 3554 1174 3611 Christum
1206 3555 1512 3611 meditarier
1544 3565 1685 3623 actu,

268 3653 515 3708 Reddere
545 3650 684 3705 nolle
698 3651 888 3713 vicem,
923 3648 1166 3702 misereri
1194 3657 1246 3702 et
1269 3660 1485 3716 parcere
1500 3646 1688 3715 culpte,

230 3753 240 3757 ’
267 3739 517 3794 Criminis
542 3739 794 3803 indultur,
825 3737 995 3793 venite
1023 3752 1229 3815 memor
1250 3777 1266 3800 ,
1298 3752 1389 3791 ara
1420 3750 1652 3791 reorum.

267 3831 402 3901 Spes
418 3832 823 3901 miserabilium,
844 3830 961 3899 fuga
975 3830 1267 3896 larvarum,
1284 3843 1428 3882 arma
1451 3842 1688 3895 sequen-

674 3918 686 3930 '
898 3994 902 3997 Δ
1114 3983 1125 3997 Δ
1532 3914 1689 3987 [tum,

119 4012 230 4070 580
269 4002 457 4068 Praeda
488 4015 839 4072 catervarum,
871 3994 1140 4061 errantum
1180 4002 1283 4069 via,
1316 4016 1439 4058 cura
1470 4001 1688 4058 meden-

1084 4113 1088 4117 ·
1279 4141 1282 4145 .
1529 4095 1684 4167 [tum,

1929 3189 1994 3245 Et
2023 3200 2108 3244 tua
2128 3204 2214 3245 me
2244 3193 2501 3261 trepidum
2532 3194 2782 3250 defendat
2809 3198 2876 3253 ab
2902 3201 3019 3270 igne
3048 3204 3275 3261 lacerna.
3313 3226 3316 3228 ‘

1933 3278 2064 3334 Nam
2094 3280 2205 3361 scio
2234 3294 2389 3351 posse
2419 3297 2565 3338 reum
2592 3288 2830 3355 quemvis
2856 3289 2949 3345 tibi
2980 3292 3169 3349 cedere
3194 3295 3344 3350 Chri-

3190 3393 3326 3440 stum

3190 3393 3326 3440 stum

1929 3453 2097 3519 Quem
2147 3455 2316 3510 sociat
2371 3458 2627 3526 proprio,
2686 3475 2936 3520 mansura
2995 3466 3048 3521 in
3104 3383 3294 3525 sa2[cula

3121 3556 3309 3629 [regno
3332 3578 3359 3628 ί

1791 3630 1895 3707 615
1931 3632 2018 3721 Sis
2043 3650 2230 3704 precor
2271 3640 2323 3694 in
2361 3637 2581 3696 Domino
2606 3641 2787 3698 famuli
2831 3659 3066 3714 memor,
3096 3652 3233 3705 alme
3257 3667 3350 3722 per

2632 3794 2661 3805 α
2799 3796 2809 3811 .
2948 3744 2951 3745 ⁷
3137 3742 3351 3814 lituum,

1930 3820 2092 3888 Cujus
2120 3822 2221 3876 erit
2248 3822 2450 3877 tibimet
2473 3824 2650 3879 lumen
2677 3825 2790 3881 sine
2816 3826 2918 3881 fine
2940 3828 3244 3887 videndum.

1930 3910 2005 3965 Da
2029 3912 2258 3976 veniam,
2282 3913 2469 3977 dulcis,
2495 3915 2597 3983 pie,
2624 3916 2832 3983 blande,
2856 3916 3080 3987 benigne
3105 3930 3345 3991 patrone,

1934 3999 2175 4056 Condere
2203 4002 2323 4055 dum
2354 4002 2513 4070 volui,
2541 4004 2662 4072 quia
2691 4004 2799 4059 laesi
2825 4007 3056 4063 carmine
3086 4008 3261 4065 flores.

1934 4090 2036 4144 Sed
2064 4088 2147 4144 tua
2177 4090 2290 4143 laus
2318 4094 2466 4146 nullo
2487 4093 2811 4148 breviabitur
2842 4098 3016 4165 ampla
3041 4090 3206 4154 relatu
3227 4140 3242 4167 ,

267 4184 526 4247 Omnith
548 4148 824 4252 unasalus,
849 4203 995 4242 amor
1015 4186 1279 4253 omnibus,
1300 4148 1685 4249 unus’amtator,
1790 4177 2100 4265 620quam
2152 4181 2290 4259 Det.
2344 4180 2397 4235 in
2458 4183 2613 4237 terris
2676 4148 3247 4255 pariterque—tetendi;
3301 4200 3352 4249 et

270 4280 404 4351 Quis
440 4279 531 4335 tibi
560 4280 717 4350 digna
760 4278 902 4348 loqui
924 4279 1108 4342 valeat,
1131 4291 1287 4346 quem
1328 4273 1557 4332 mundus
1586 4275 1685 4328 ho-

643 4395 649 4400 -
972 4365 977 4370 ’
1476 4364 1688 4418 lnorat?

643 4395 649 4400 -
972 4365 977 4370 ’
1502 4364 1688 4418 norat?

270 4459 432 4526 Quid,
462 4458 547 4527 pie
568 4459 668 4523 vir,
698 4458 827 4513 satis
841 4466 945 4540 est,
965 4458 1045 4511 cui
1070 4456 1235 4511 laudis
1263 4363 1640 4510 debitor[orbis
1661 4456 1689 4510 τ

274 4552 510 4619 Quasque
539 4549 740 4605 referre
766 4550 981 4618 volens,
1013 4563 1182 4618 neque
1215 4558 1356 4603 totus
1384 4548 1433 4601 hi
1466 4546 1691 4613 explicat

1530 4636 1689 4708 [axis.

194 4747 329 4804 528.
370 4749 583 4823 Brictio.
605 4750 699 4805 llic
727 4749 919 4804 Brictio
947 4762 974 4799 a
1007 4747 1064 4801 S.
1098 4745 1319 4823 Martino
1350 4746 1618 4823 educatus’
1637 4749 1688 4803 in

126 4820 457 4876 Ilonasterio
486 4836 515 4871 a
549 4834 745 4886 puero,
773 4827 829 4874 et
865 4826 1054 4885 .postea
1083 4820 1335 4870 sacerdos
1366 4815 1533 4869 factus
1570 4831 1685 4871 cum

134 4890 240 4943 sibi
273 4900 609 4955 compararet
632 4903 815 4957 equos,
846 4898 900 4943 et
930 4900 1143 4957 pueros,
1175 4895 1225 4957 et
1254 4886 1450 4957 puellas
1481 4886 1687 4957 elegan-

127 4959 321 5024 tiores,
350 4954 582 5025 graviter
603 4954 874 5025 prtipterea
901 4954 1012 5025 a'S.
1042 4955 1259 5008 Martino
1285 4954 1681 5025 objttrgabatur.

128 5027 178 5081 is
210 5022 711 5094 ergo—quodatn’die
739 5029 882 5080 venit
912 5024 981 5079 ad
1008 5025 1286 5078 Martintnn
1320 5031 1502 5094 plenus
1540 5022 1685 5076 furo-

126 5096 206 5150 ris
236 5093 296 5148 et
326 5096 564 5159 insaniat,
594 5108 747 5163 atque
771 5097 915 5147 illum
950 5094 1159 5162 probris
1187 5104 1239 5163 ct
1271 5093 1564 5163 maledictis
1594 5108 1686 5160 pe-

130 5174 273 5233 tens,
310 5178 496 5231 parum
541 5162 707 5220 abfuit
731 5162 853 5233 quin
881 5173 933 5215 et
963 5178 1144 5215 manus
1194 5162 1636 5233 eitleurinjiceret
1670 5182 1682 5217 :

128 5247 191 5288 se
240 5229 453 5301 iactans
507 5236 689 5288 eodem
744 5229 1055 5286 sanctiorem
1101 5229 1492 5301 essetquippe
1522 5233 1606 5298 qui
1661 5248 1689 5287 a

157 5299 303 5371 tuero
328 5304 548 5357 vixisset
577 5305 626 5357 in
656 5304 994 5362 monasterio,
1020 5314 1133 5371 nec,
1166 5300 1240 5351 ttti
1269 5299 1523 5353 Martinus
1546 5340 1560 5364 ,
1590 5303 1688 5353 mi-

151 5368 285 5441 ttite
306 5373 552 5441 sordibus
595 5372 802 5441 juvenis
829 5370 1199 5441 obsolevisset,
1236 5384 1331 5441 nec
1369 5383 1536 5441 senex
1567 5371 1690 5441 visis
1792 5369 1929 5440 q'uod
1952 5370 2297 5441 sequendum.

132 5438 668 5509 etifahulisantlibus
696 5442 1051 5509 distineretur.
1089 5439 1217 5491 Vide
1247 5439 1445 5506 Sulpic.
1486 5438 1685 5505 Dialng.

128 5511 165 5563 Ι.
533 5576 678 5643 Vat,
707 5540 1125 5641 intolerabiliter;
1165 5576 1303 5645 quad
1337 5578 1527 5646 placet.

200 5644 332 5700 556.
382 5645 561 5701 Vento.
597 5647 773 5715 Forte,
803 5660 993 5705 ventos.

3141 4282 3346 4354 [astris.

1938 4364 2100 4427 Pone,
2123 4362 2318 4430 lihelle,
2352 4368 2587 4433 modum,
2622 4365 2798 4444 tepido
2827 4371 3125 4426 verecunde
3161 4374 3351 4443 relatu,

1941 4456 2249 4523 Multiplices
2279 4455 2474 4510 faciens
2494 4456 2686 4517 din‘uso
2714 4457 2943 4513 stamine
2969 4462 3144 4527 rugas,

1938 4547 2046 4600 Nec
2073 4546 2206 4599 bene
2230 4544 2314 4597 illa
2345 4545 2527 4613 ligans,
2562 4547 2698 4622 nodo
2736 4548 2875 4602 subit
2904 4563 3088 4618 aspera
3122 4551 3240 4615 tela,

1943 4635 2149 4704 llispida
2173 4676 2187 4700 ,
2212 4632 2394 4688 cameli
2427 4638 2595 4706 rigido
2624 4638 2772 4705 quasi
2802 4639 2999 4696 vellere
3029 4650 3200 4708 texta,

1862 4748 1987 4804 537.
2034 4747 2175 4799 Edit.
2206 4746 2364 4811 Ven.,
2409 4746 2606 4799 levitate
2632 4749 2887 4803 rebellem.

1863 4816 1984 4871 558.
2026 4816 2163 4870 Edil.
2197 4814 2333 4886 _\_’en.
2378 4814 2514 4886 Rede
2532 4817 2731 4886 juncta.
2948 4833 2961 4842 ‘

1862 4886 1985 4940 545.
2029 4887 2160 4956 ιβιὶιῄι.
2196 4883 2353 4956 Ϋθιιη
2396 4883 2829 4956 ραὶά’1ιωηὶιεηι,
2859 4890 3279 4956 placidumflam.

2028 4954 2157 5028 Cod.
2187 4954 2334 5028 _\_lat.,
2369 4955 2509 5028 dirus
2537 4966 2650 5028 erat
2671 4954 2888 5024 graviter
2917 4962 3024 5028 qui.
3074 4972 3085 4988 *
3169 4980 3173 4984 '

1861 5024 1984 5099 551.
2026 5024 2152 5077 Cod.
2179 5012 2397 5099 _Vat.'et
2437 5023 2566 5078 Ven.
2615 5012 2786 5089 Ed'it.,
2826 5012 3145 5099 indulgentia
3173 5031 3354 5098 ﬂuxit;

1792 5096 1931 5164 quod
1963 5094 2306 5164 sequendum.

1862 5165 1983 5218 555.
2027 5162 2155 5234 Cod.
2192 5163 2330 5234 Yat.,
2357 5164 2682 5234 lacrymando
2709 5164 2887 5234 rigari.
2919 5189 2924 5194 ε

1865 5234 1989 5286 577.
2034 5232 2170 5284 Edit.
2203 5231 2355 5295 Ven.,
2386 5231 2538 5285 vicem
2568 5231 2787 5295 miseris,
2813 5246 2919 5301 etc.

1862 5301 1981 5375 59f.
2023 5300 2345 5375 Cod._Vat.,
2419 5304 2619 5367 pulcher
2666 5319 2820 5371 quam
2874 5305 2917 5357 si
2988 5304 3163 5375 lucifer
3220 5306 3358 5372 exis;

1865 5441 1986 5495 602.
2029 5440 2157 5507 Cod:
2194 5439 2329 5503 Vat.,
2358 5442 2518 5507 pietas
2544 5439 2753 5507 opulens
2782 5443 3083 5501 miserando.

1863 5510 1983 5564 6H.
2027 5509 2155 5561 (20d.
2187 5509 2325 5572 Vah,
2351 5509 2445 5574 Tn,
2463 5510 2679 5576 pt‘ecor/

1864 5578 1986 5633 615.
2025 5578 2153 5631 Cod.
2184 5577 2488 5641 Vat.,deest
2517 5577 2657 5641 uani.

1864 5646 1984 5703 621.
2024 5646 2301 5713 Cod.Vat.,
2316 5650 2512 5717 trepido
2533 5652 2809 5705 verecunde
2823 5666 2843 5717 ;
2858 5651 2997 5722 quod
3013 5652 3336 5723 sequendum
