  <div class='ocr_page' id='page_1' title='image "/cluster/home/n/w/nwhite01/storage/ocr_20150623/87-88/uva.x000827073/978.png"; bbox 0 0 3948 6218; ppageno 0'>
   <div class='ocr_carea' id='block_1_1' title="bbox 186 260 350 313">
    <p class='ocr_par' dir='ltr' id='par_1_1' title="bbox 186 260 350 313">
     <span class='ocr_line' id='line_1_1' title="bbox 186 260 350 313; baseline 0.006 -1"><span class='ocrx_word' id='word_1_1' title='bbox 186 260 350 313; x_wconf 41' lang='grc' dir='ltr'><strong>ηεξ</strong></span> 
     </span>
    </p>
   </div>
   <div class='ocr_carea' id='block_1_2' title="bbox 236 366 1651 441">
    <p class='ocr_par' dir='ltr' id='par_1_2' title="bbox 236 366 1651 441">
     <span class='ocr_line' id='line_1_2' title="bbox 236 366 1651 441; baseline 0.002 -18"><span class='ocrx_word' id='word_1_2' title='bbox 236 368 350 423; x_wconf 75' lang='lat'><strong>650</strong></span> <span class='ocrx_word' id='word_1_3' title='bbox 385 368 463 425; x_wconf 84' lang='lat' dir='ltr'><strong>Ac</strong></span> <span class='ocrx_word' id='word_1_4' title='bbox 490 367 759 423; x_wconf 82' lang='lat' dir='ltr'><strong>Fortunati</strong></span> <span class='ocrx_word' id='word_1_5' title='bbox 790 366 1114 423; x_wconf 90' lang='lat' dir='ltr'><strong>benedictam</strong></span> <span class='ocrx_word' id='word_1_6' title='bbox 1143 371 1389 441; x_wconf 72' lang='lat' dir='ltr'><strong>martyris</strong></span> <span class='ocrx_word' id='word_1_7' title='bbox 1420 386 1607 426; x_wconf 92' lang='lat' dir='ltr'><strong>urnam</strong></span> <span class='ocrx_word' id='word_1_8' title='bbox 1638 389 1651 425; x_wconf 87' lang='lat'>:</span> 
     </span>
    </p>
   </div>
   <div class='ocr_carea' id='block_1_3' title="bbox 388 454 1767 527">
    <p class='ocr_par' dir='ltr' id='par_1_3' title="bbox 388 454 1767 527">
     <span class='ocr_line' id='line_1_3' title="bbox 388 454 1767 527; baseline 0.001 -14"><span class='ocrx_word' id='word_1_9' title='bbox 388 457 799 526; x_wconf 69' lang='lat' dir='ltr'><strong>Pondﬁcemque</strong></span> <span class='ocrx_word' id='word_1_10' title='bbox 822 458 961 524; x_wconf 88' lang='lat' dir='ltr'><strong>pium</strong></span> <span class='ocrx_word' id='word_1_11' title='bbox 997 458 1210 512; x_wconf 87' lang='lat' dir='ltr'><strong>Paulum</strong></span> <span class='ocrx_word' id='word_1_12' title='bbox 1240 454 1525 527; x_wconf 70' lang='lat' dir='ltr'><strong>cupienter</strong></span> <span class='ocrx_word' id='word_1_13' title='bbox 1543 462 1700 514; x_wconf 90' lang='lat' dir='ltr'><strong>adora</strong></span> <span class='ocrx_word' id='word_1_14' title='bbox 1756 482 1767 499; x_wconf 49' lang='grc' dir='ltr'><strong>τη</strong></span> 
     </span>
    </p>
   </div>
   <div class='ocr_carea' id='block_1_4' title="bbox 386 547 1667 617">
    <p class='ocr_par' dir='ltr' id='par_1_4' title="bbox 386 547 1667 617">
     <span class='ocr_line' id='line_1_4' title="bbox 386 547 1667 617; baseline 0.005 -18"><span class='ocrx_word' id='word_1_15' title='bbox 386 547 487 613; x_wconf 87' lang='lat' dir='ltr'><strong>Qui</strong></span> <span class='ocrx_word' id='word_1_16' title='bbox 516 562 601 600; x_wconf 89' lang='lat' dir='ltr'><strong>me</strong></span> <span class='ocrx_word' id='word_1_17' title='bbox 632 548 895 613; x_wconf 70' lang='lat' dir='ltr'><strong>primmvis</strong></span> <span class='ocrx_word' id='word_1_18' title='bbox 924 550 1158 602; x_wconf 89' lang='lat' dir='ltr'><strong>converti</strong></span> <span class='ocrx_word' id='word_1_19' title='bbox 1187 551 1400 617; x_wconf 88' lang='lat' dir='ltr'><strong>optabat</strong></span> <span class='ocrx_word' id='word_1_20' title='bbox 1421 551 1488 604; x_wconf 88' lang='lat' dir='ltr'><strong>ab</strong></span> <span class='ocrx_word' id='word_1_21' title='bbox 1512 552 1667 605; x_wconf 86' lang='lat' dir='ltr'><strong>annis</strong></span> 
     </span>
    </p>
   </div>
   <div class='ocr_carea' id='block_1_5' title="bbox 388 635 1636 710">
    <p class='ocr_par' dir='ltr' id='par_1_5' title="bbox 388 635 1636 710">
     <span class='ocr_line' id='line_1_5' title="bbox 388 635 1636 710; baseline 0.002 -19"><span class='ocrx_word' id='word_1_22' title='bbox 388 635 444 691; x_wconf 90' lang='lat' dir='ltr'><strong>Si</strong></span> <span class='ocrx_word' id='word_1_23' title='bbox 472 635 606 704; x_wconf 87' lang='lat' dir='ltr'><strong>petis</strong></span> <span class='ocrx_word' id='word_1_24' title='bbox 630 635 756 689; x_wconf 91' lang='lat' dir='ltr'><strong>illud</strong></span> <span class='ocrx_word' id='word_1_25' title='bbox 785 636 904 701; x_wconf 89' lang='lat' dir='ltr'><strong>iter,</strong></span> <span class='ocrx_word' id='word_1_26' title='bbox 929 652 1031 706; x_wconf 90' lang='lat' dir='ltr'><strong>qua</strong></span> <span class='ocrx_word' id='word_1_27' title='bbox 1054 653 1112 692; x_wconf 91' lang='lat' dir='ltr'><strong>se</strong></span> <span class='ocrx_word' id='word_1_28' title='bbox 1139 638 1431 693; x_wconf 92' lang='lat' dir='ltr'><strong>Concordia</strong></span> <span class='ocrx_word' id='word_1_29' title='bbox 1459 642 1636 710; x_wconf 77' lang='lat' dir='ltr'><strong>cingit,</strong></span> 
     </span>
    </p>
   </div>
   <div class='ocr_carea' id='block_1_6' title="bbox 385 724 1551 799">
    <p class='ocr_par' dir='ltr' id='par_1_6' title="bbox 385 724 1551 799">
     <span class='ocr_line' id='line_1_6' title="bbox 385 724 1551 799; baseline 0.003 -20"><span class='ocrx_word' id='word_1_30' title='bbox 385 724 714 794; x_wconf 78' lang='lat' dir='ltr'><strong>AuguSIinus</strong></span> <span class='ocrx_word' id='word_1_31' title='bbox 738 726 893 779; x_wconf 84' lang='lat' dir='ltr'><strong>adest</strong></span> <span class='ocrx_word' id='word_1_32' title='bbox 916 728 1176 799; x_wconf 80' lang='lat' dir='ltr'><strong>pretiosus</strong></span> <span class='ocrx_word' id='word_1_33' title='bbox 1207 729 1551 797; x_wconf 87' lang='lat' dir='ltr'><strong>Basiliusqne.</strong></span> 
     </span>
    </p>
   </div>
   <div class='ocr_carea' id='block_1_7' title="bbox 236 812 1703 883">
    <p class='ocr_par' dir='ltr' id='par_1_7' title="bbox 236 812 1703 883">
     <span class='ocr_line' id='line_1_7' title="bbox 236 812 1703 883; baseline 0.001 -13"><span class='ocrx_word' id='word_1_34' title='bbox 236 812 349 870; x_wconf 77' lang='lat'><strong>665</strong></span> <span class='ocrx_word' id='word_1_35' title='bbox 384 815 501 880; x_wconf 87' lang='lat' dir='ltr'><strong>Qua</strong></span> <span class='ocrx_word' id='word_1_36' title='bbox 529 828 642 866; x_wconf 86' lang='lat' dir='ltr'><strong>mea</strong></span> <span class='ocrx_word' id='word_1_37' title='bbox 671 813 921 881; x_wconf 83' lang='lat' dir='ltr'><strong>Tarvisus</strong></span> <span class='ocrx_word' id='word_1_38' title='bbox 946 815 1159 882; x_wconf 85' lang='lat' dir='ltr'><strong>residet,</strong></span> <span class='ocrx_word' id='word_1_39' title='bbox 1187 817 1230 868; x_wconf 69' lang='lat' dir='ltr'><strong>isi</strong></span> <span class='ocrx_word' id='word_1_40' title='bbox 1256 817 1490 870; x_wconf 76' lang='lat' dir='ltr'><strong>molliter</strong></span> <span class='ocrx_word' id='word_1_41' title='bbox 1514 818 1703 883; x_wconf 88' lang='lat' dir='ltr'><strong>intras,</strong></span> 
     </span>
    </p>
   </div>
   <div class='ocr_carea' id='block_1_8' title="bbox 388 900 1635 975">
    <p class='ocr_par' dir='ltr' id='par_1_8' title="bbox 388 900 1635 975">
     <span class='ocr_line' id='line_1_8' title="bbox 388 900 1635 975; baseline 0.002 -17"><span class='ocrx_word' id='word_1_42' title='bbox 388 905 650 958; x_wconf 87' lang='lat' dir='ltr'><strong>lilustrem</strong></span> <span class='ocrx_word' id='word_1_43' title='bbox 681 906 883 958; x_wconf 78' lang='lat' dir='ltr'><strong>socium</strong></span> <span class='ocrx_word' id='word_1_44' title='bbox 912 905 1160 972; x_wconf 75' lang='lat' dir='ltr'><strong>Felicem,</strong></span> <span class='ocrx_word' id='word_1_45' title='bbox 1184 919 1381 975; x_wconf 60' lang='lat' dir='ltr'><strong>quaso,</strong></span> <span class='ocrx_word' id='word_1_46' title='bbox 1408 900 1635 974; x_wconf 74' lang='lat' dir='ltr'><strong>require,</strong></span> 
     </span>
    </p>
   </div>
   <div class='ocr_carea' id='block_1_9' title="bbox 382 986 1600 1050">
    <p class='ocr_par' dir='ltr' id='par_1_9' title="bbox 382 986 1600 1050">
     <span class='ocr_line' id='line_1_9' title="bbox 382 986 1600 1050; baseline 0.002 -4"><span class='ocrx_word' id='word_1_47' title='bbox 382 992 477 1046; x_wconf 92' lang='lat' dir='ltr'><strong>Cui</strong></span> <span class='ocrx_word' id='word_1_48' title='bbox 506 1007 709 1046; x_wconf 88' lang='lat' dir='ltr'><strong>mecum</strong></span> <span class='ocrx_word' id='word_1_49' title='bbox 733 986 904 1047; x_wconf 82' lang='lat' dir='ltr'><strong>lumen</strong></span> <span class='ocrx_word' id='word_1_50' title='bbox 938 993 1186 1048; x_wconf 73' lang='lat' dir='ltr'><strong>Martinus</strong></span> <span class='ocrx_word' id='word_1_51' title='bbox 1210 995 1439 1049; x_wconf 72' lang='lat' dir='ltr'><strong>reddidit</strong></span> <span class='ocrx_word' id='word_1_52' title='bbox 1474 996 1600 1050; x_wconf 77' lang='lat' dir='ltr'><strong>olim</strong></span> 
     </span>
    </p>
   </div>
   <div class='ocr_carea' id='block_1_10' title="bbox 383 1082 1794 1153">
    <p class='ocr_par' dir='ltr' id='par_1_10' title="bbox 383 1082 1794 1153">
     <span class='ocr_line' id='line_1_10' title="bbox 383 1082 1794 1153; baseline 0.004 -17"><span class='ocrx_word' id='word_1_53' title='bbox 383 1082 481 1136; x_wconf 81' lang='lat' dir='ltr'><strong>Per</strong></span> <span class='ocrx_word' id='word_1_54' title='bbox 502 1084 749 1138; x_wconf 85' lang='lat' dir='ltr'><strong>Cenetam</strong></span> <span class='ocrx_word' id='word_1_55' title='bbox 775 1083 1041 1152; x_wconf 83' lang='lat' dir='ltr'><strong>gradiens,</strong></span> <span class='ocrx_word' id='word_1_56' title='bbox 1056 1094 1108 1140; x_wconf 91' lang='lat' dir='ltr'><strong>et</strong></span> <span class='ocrx_word' id='word_1_57' title='bbox 1134 1087 1334 1138; x_wconf 89' lang='lat' dir='ltr'><strong>amicos</strong></span> <span class='ocrx_word' id='word_1_58' title='bbox 1349 1084 1794 1153; x_wconf 82' lang='lat' dir='ltr'><strong>Duplaveucnses,</strong></span> 
     </span>
    </p>
   </div>
   <div class='ocr_carea' id='block_1_11' title="bbox 382 1174 1799 1251">
    <p class='ocr_par' dir='ltr' id='par_1_11' title="bbox 382 1174 1799 1251">
     <span class='ocr_line' id='line_1_11' title="bbox 382 1174 1799 1251; baseline 0.004 -25"><span class='ocrx_word' id='word_1_59' title='bbox 382 1174 496 1240; x_wconf 84' lang='lat' dir='ltr'><strong>Qua</strong></span> <span class='ocrx_word' id='word_1_60' title='bbox 523 1174 699 1229; x_wconf 81' lang='lat' dir='ltr'><strong>natale</strong></span> <span class='ocrx_word' id='word_1_61' title='bbox 719 1175 893 1229; x_wconf 90' lang='lat' dir='ltr'><strong>solum</strong></span> <span class='ocrx_word' id='word_1_62' title='bbox 922 1184 1000 1231; x_wconf 87' lang='lat' dir='ltr'><strong>est</strong></span> <span class='ocrx_word' id='word_1_63' title='bbox 1029 1175 1178 1242; x_wconf 91' lang='lat' dir='ltr'><strong>milti,</strong></span> <span class='ocrx_word' id='word_1_64' title='bbox 1206 1177 1460 1246; x_wconf 73' lang='lat' dir='ltr'><strong>sanguine</strong></span> <span class='ocrx_word' id='word_1_65' title='bbox 1482 1215 1497 1242; x_wconf 87' lang='lat'><strong>,</strong></span> <span class='ocrx_word' id='word_1_66' title='bbox 1540 1178 1667 1231; x_wconf 87' lang='lat' dir='ltr'><strong>sede</strong></span> <span class='ocrx_word' id='word_1_67' title='bbox 1707 1194 1799 1251; x_wconf 88' lang='lat' dir='ltr'><strong>pa-</strong></span> 
     </span>
    </p>
   </div>
   <div class='ocr_carea' id='block_1_12' title="bbox 1545 1266 1795 1338">
    <p class='ocr_par' dir='ltr' id='par_1_12' title="bbox 1545 1266 1795 1338">
     <span class='ocr_line' id='line_1_12' title="bbox 1545 1266 1795 1338; baseline 0.004 -19"><span class='ocrx_word' id='word_1_68' title='bbox 1545 1266 1795 1338; x_wconf 81' lang='lat' dir='ltr'><strong>[rentum,</strong></span> 
     </span>
    </p>
   </div>
   <div class='ocr_carea' id='block_1_13' title="bbox 233 1353 1795 1426">
    <p class='ocr_par' dir='ltr' id='par_1_13' title="bbox 233 1353 1795 1426">
     <span class='ocr_line' id='line_1_13' title="bbox 233 1353 1795 1426; baseline 0.002 -17"><span class='ocrx_word' id='word_1_69' title='bbox 233 1353 349 1410; x_wconf 75' lang='lat'><strong>870</strong></span> <span class='ocrx_word' id='word_1_70' title='bbox 384 1353 553 1410; x_wconf 88' lang='lat' dir='ltr'><strong>Prolis</strong></span> <span class='ocrx_word' id='word_1_71' title='bbox 565 1356 711 1423; x_wconf 88' lang='lat' dir='ltr'><strong>origo</strong></span> <span class='ocrx_word' id='word_1_72' title='bbox 721 1363 951 1423; x_wconf 81' lang='lat' dir='ltr'><strong>patrum,</strong></span> <span class='ocrx_word' id='word_1_73' title='bbox 975 1355 1155 1420; x_wconf 77' lang='lat' dir='ltr'><strong>frater,</strong></span> <span class='ocrx_word' id='word_1_74' title='bbox 1190 1370 1361 1419; x_wconf 88' lang='lat' dir='ltr'><strong>soror,</strong></span> <span class='ocrx_word' id='word_1_75' title='bbox 1374 1357 1506 1411; x_wconf 84' lang='lat' dir='ltr'><strong>ordo</strong></span> <span class='ocrx_word' id='word_1_76' title='bbox 1526 1368 1795 1426; x_wconf 86' lang='lat' dir='ltr'><strong>nepotum,</strong></span> 
     </span>
    </p>
   </div>
   <div class='ocr_carea' id='block_1_14' title="bbox 376 1436 1798 1517">
    <p class='ocr_par' dir='ltr' id='par_1_14' title="bbox 376 1436 1798 1517">
     <span class='ocr_line' id='line_1_14' title="bbox 376 1436 1798 1517; baseline 0.003 -19"><span class='ocrx_word' id='word_1_77' title='bbox 376 1446 522 1514; x_wconf 81' lang='lat' dir='ltr'><strong>Quos</strong></span> <span class='ocrx_word' id='word_1_78' title='bbox 565 1446 685 1499; x_wconf 88' lang='lat' dir='ltr'><strong>colo</strong></span> <span class='ocrx_word' id='word_1_79' title='bbox 734 1446 927 1511; x_wconf 90' lang='lat' dir='ltr'><strong>corde,</strong></span> <span class='ocrx_word' id='word_1_80' title='bbox 961 1446 1065 1501; x_wconf 75' lang='lat' dir='ltr'><strong>fido</strong></span> <span class='ocrx_word' id='word_1_81' title='bbox 1086 1488 1100 1511; x_wconf 94' lang='lat'><strong>,</strong></span> <span class='ocrx_word' id='word_1_82' title='bbox 1150 1436 1418 1515; x_wconf 79' lang='lat' dir='ltr'><strong>breviter,</strong></span> <span class='ocrx_word' id='word_1_83' title='bbox 1452 1458 1610 1517; x_wconf 88' lang='lat' dir='ltr'><strong>peto,</strong></span> <span class='ocrx_word' id='word_1_84' title='bbox 1635 1449 1798 1503; x_wconf 83' lang='lat' dir='ltr'><strong>redde</strong></span> 
     </span>
    </p>
   </div>
   <div class='ocr_carea' id='block_1_15' title="bbox 1529 1537 1795 1609">
    <p class='ocr_par' dir='ltr' id='par_1_15' title="bbox 1529 1537 1795 1609">
     <span class='ocr_line' id='line_1_15' title="bbox 1529 1537 1795 1609; baseline -0.004 -18"><span class='ocrx_word' id='word_1_85' title='bbox 1529 1537 1795 1609; x_wconf 89' lang='lat' dir='ltr'><strong>[salutem,</strong></span> 
     </span>
    </p>
   </div>
   <div class='ocr_carea' id='block_1_16' title="bbox 379 1620 1719 1694">
    <p class='ocr_par' dir='ltr' id='par_1_16' title="bbox 379 1620 1719 1694">
     <span class='ocr_line' id='line_1_16' title="bbox 379 1620 1719 1694; baseline 0.002 -18"><span class='ocrx_word' id='word_1_86' title='bbox 379 1622 435 1677; x_wconf 76' lang='lat' dir='ltr'><strong>Si</strong></span> <span class='ocrx_word' id='word_1_87' title='bbox 465 1622 714 1676; x_wconf 80' lang='lat' dir='ltr'><strong>Patavina</strong></span> <span class='ocrx_word' id='word_1_88' title='bbox 746 1620 837 1676; x_wconf 89' lang='lat' dir='ltr'><strong>tibi</strong></span> <span class='ocrx_word' id='word_1_89' title='bbox 865 1632 1039 1690; x_wconf 77' lang='lat' dir='ltr'><strong>pateat</strong></span> <span class='ocrx_word' id='word_1_90' title='bbox 1064 1624 1169 1691; x_wconf 90' lang='lat' dir='ltr'><strong>via,</strong></span> <span class='ocrx_word' id='word_1_91' title='bbox 1201 1626 1376 1694; x_wconf 89' lang='lat' dir='ltr'><strong>pergis</strong></span> <span class='ocrx_word' id='word_1_92' title='bbox 1404 1626 1469 1679; x_wconf 86' lang='lat' dir='ltr'><strong>ad</strong></span> <span class='ocrx_word' id='word_1_93' title='bbox 1500 1626 1680 1681; x_wconf 87' lang='lat' dir='ltr'><strong>urbem</strong></span> <span class='ocrx_word' id='word_1_94' title='bbox 1705 1643 1719 1690; x_wconf 91' lang='lat'><strong>;</strong></span> 
     </span>
    </p>
   </div>
   <div class='ocr_carea' id='block_1_17' title="bbox 378 1699 1867 1782">
    <p class='ocr_par' dir='ltr' id='par_1_17' title="bbox 378 1699 1867 1782">
     <span class='ocr_line' id='line_1_17' title="bbox 378 1699 1867 1782; baseline 0.005 -21"><span class='ocrx_word' id='word_1_95' title='bbox 378 1711 477 1765; x_wconf 58' lang='lat' dir='ltr'><strong>:lic</strong></span> <span class='ocrx_word' id='word_1_96' title='bbox 503 1725 651 1765; x_wconf 88' lang='lat' dir='ltr'><strong>sacra</strong></span> <span class='ocrx_word' id='word_1_97' title='bbox 680 1711 921 1775; x_wconf 68' lang='lat' dir='ltr'><strong>Justinus,</strong></span> <span class='ocrx_word' id='word_1_98' title='bbox 953 1725 1103 1781; x_wconf 91' lang='lat' dir='ltr'><strong>rogo,</strong></span> <span class='ocrx_word' id='word_1_99' title='bbox 1132 1712 1304 1768; x_wconf 89' lang='lat' dir='ltr'><strong>lambe</strong></span> <span class='ocrx_word' id='word_1_100' title='bbox 1329 1715 1567 1782; x_wconf 87' lang='lat' dir='ltr'><strong>sepulcra</strong></span> <span class='ocrx_word' id='word_1_101' title='bbox 1598 1715 1787 1780; x_wconf 72' lang='lat' dir='ltr'><strong>beatte,</strong></span> <span class='ocrx_word' id='word_1_102' title='bbox 1824 1699 1867 1758; x_wconf 78' lang='grc' dir='ltr'><strong><em>Β</em></strong></span> 
     </span>
    </p>
   </div>
   <div class='ocr_carea' id='block_1_18' title="bbox 371 1799 1572 1873">
    <p class='ocr_par' dir='ltr' id='par_1_18' title="bbox 371 1799 1572 1873">
     <span class='ocr_line' id='line_1_18' title="bbox 371 1799 1572 1873; baseline 0.002 -17"><span class='ocrx_word' id='word_1_103' title='bbox 371 1802 534 1869; x_wconf 81' lang='lat' dir='ltr'><strong>Cujus</strong></span> <span class='ocrx_word' id='word_1_104' title='bbox 558 1800 716 1856; x_wconf 86' lang='lat' dir='ltr'><strong>habet</strong></span> <span class='ocrx_word' id='word_1_105' title='bbox 744 1799 915 1870; x_wconf 88' lang='lat' dir='ltr'><strong>paries</strong></span> <span class='ocrx_word' id='word_1_106' title='bbox 944 1800 1149 1855; x_wconf 68' lang='lat' dir='ltr'><strong>Martini</strong></span> <span class='ocrx_word' id='word_1_107' title='bbox 1173 1812 1317 1872; x_wconf 87' lang='lat' dir='ltr'><strong>gesta</strong></span> <span class='ocrx_word' id='word_1_108' title='bbox 1347 1802 1529 1873; x_wconf 80' lang='lat' dir='ltr'><strong>ﬁguris</strong></span> <span class='ocrx_word' id='word_1_109' title='bbox 1559 1822 1572 1857; x_wconf 92' lang='lat'><strong>:</strong></span> 
     </span>
    </p>
   </div>
   <div class='ocr_carea' id='block_1_19' title="bbox 223 1890 1635 1967">
    <p class='ocr_par' dir='ltr' id='par_1_19' title="bbox 223 1890 1635 1967">
     <span class='ocr_line' id='line_1_19' title="bbox 223 1890 1635 1967; baseline 0.004 -26"><span class='ocrx_word' id='word_1_110' title='bbox 223 1891 335 1947; x_wconf 66' lang='grc' dir='ltr'><strong>οἶδ</strong></span> <span class='ocrx_word' id='word_1_111' title='bbox 373 1892 556 1956; x_wconf 85' lang='lat' dir='ltr'><strong>Quove</strong></span> <span class='ocrx_word' id='word_1_112' title='bbox 584 1891 767 1944; x_wconf 85' lang='lat' dir='ltr'><strong>salutis</strong></span> <span class='ocrx_word' id='word_1_113' title='bbox 792 1904 925 1959; x_wconf 87' lang='lat' dir='ltr'><strong>opus</strong></span> <span class='ocrx_word' id='word_1_114' title='bbox 951 1890 1094 1946; x_wconf 85' lang='lat' dir='ltr'><strong>celso</strong></span> <span class='ocrx_word' id='word_1_115' title='bbox 1123 1892 1363 1961; x_wconf 90' lang='lat' dir='ltr'><strong>depende</strong></span> <span class='ocrx_word' id='word_1_116' title='bbox 1401 1891 1635 1967; x_wconf 75' lang='lat' dir='ltr'><strong>Joanni,</strong></span> 
     </span>
    </p>
   </div>
   <div class='ocr_carea' id='block_1_20' title="bbox 374 1981 1716 2051">
    <p class='ocr_par' dir='ltr' id='par_1_20' title="bbox 374 1981 1716 2051">
     <span class='ocr_line' id='line_1_20' title="bbox 374 1981 1716 2051; baseline 0.002 -15"><span class='ocrx_word' id='word_1_117' title='bbox 374 1984 545 2048; x_wconf 83' lang='lat' dir='ltr'><strong>Atque</strong></span> <span class='ocrx_word' id='word_1_118' title='bbox 568 1981 680 2035; x_wconf 86' lang='lat' dir='ltr'><strong>suis</strong></span> <span class='ocrx_word' id='word_1_119' title='bbox 707 1981 899 2049; x_wconf 85' lang='lat' dir='ltr'><strong>genitis</strong></span> <span class='ocrx_word' id='word_1_120' title='bbox 926 1981 1085 2036; x_wconf 85' lang='lat' dir='ltr'><strong>sociis</strong></span> <span class='ocrx_word' id='word_1_121' title='bbox 1105 1996 1198 2051; x_wconf 86' lang='lat' dir='ltr'><strong>per</strong></span> <span class='ocrx_word' id='word_1_122' title='bbox 1225 1983 1460 2051; x_wconf 83' lang='lat' dir='ltr'><strong>carmina</strong></span> <span class='ocrx_word' id='word_1_123' title='bbox 1502 1985 1716 2040; x_wconf 84' lang='lat' dir='ltr'><strong>nostris.</strong></span> 
     </span>
    </p>
   </div>
   <div class='ocr_carea' id='block_1_21' title="bbox 376 2066 1789 2139">
    <p class='ocr_par' dir='ltr' id='par_1_21' title="bbox 376 2066 1789 2139">
     <span class='ocr_line' id='line_1_21' title="bbox 376 2066 1789 2139; baseline 0.001 -12"><span class='ocrx_word' id='word_1_124' title='bbox 376 2072 475 2127; x_wconf 77' lang='lat' dir='ltr'><strong>Hic</strong></span> <span class='ocrx_word' id='word_1_125' title='bbox 521 2072 611 2126; x_wconf 82' lang='lat' dir='ltr'><strong>tibi</strong></span> <span class='ocrx_word' id='word_1_126' title='bbox 659 2072 837 2126; x_wconf 87' lang='lat' dir='ltr'><strong>Brinta</strong></span> <span class='ocrx_word' id='word_1_127' title='bbox 879 2071 1087 2139; x_wconf 80' lang='lat' dir='ltr'><strong>ﬂuens,</strong></span> <span class='ocrx_word' id='word_1_128' title='bbox 1137 2068 1239 2125; x_wconf 61' lang='lat' dir='ltr'><strong>item</strong></span> <span class='ocrx_word' id='word_1_129' title='bbox 1280 2074 1363 2126; x_wconf 86' lang='lat' dir='ltr'><strong>est</strong></span> <span class='ocrx_word' id='word_1_130' title='bbox 1405 2066 1675 2129; x_wconf 78' lang='lat' dir='ltr'><strong>RetcnOne</strong></span> <span class='ocrx_word' id='word_1_131' title='bbox 1700 2088 1789 2128; x_wconf 88' lang='lat' dir='ltr'><strong>se-</strong></span> 
     </span>
    </p>
   </div>
   <div class='ocr_carea' id='block_1_22' title="bbox 1559 2162 1788 2233">
    <p class='ocr_par' dir='ltr' id='par_1_22' title="bbox 1559 2162 1788 2233">
     <span class='ocr_line' id='line_1_22' title="bbox 1559 2162 1788 2233; baseline 0.004 -17"><span class='ocrx_word' id='word_1_132' title='bbox 1559 2162 1751 2233; x_wconf 82' lang='lat' dir='ltr'><strong>[cun‘do</strong></span> <span class='ocrx_word' id='word_1_133' title='bbox 1772 2182 1788 2229; x_wconf 89' lang='lat'><strong>;</strong></span> 
     </span>
    </p>
   </div>
   <div class='ocr_carea' id='block_1_23' title="bbox 374 2242 1788 2322">
    <p class='ocr_par' dir='ltr' id='par_1_23' title="bbox 374 2242 1788 2322">
     <span class='ocr_line' id='line_1_23' title="bbox 374 2242 1788 2322; baseline 0.002 -16"><span class='ocrx_word' id='word_1_134' title='bbox 374 2253 679 2321; x_wconf 86' lang='lat' dir='ltr'><strong>Ingrediens</strong></span> <span class='ocrx_word' id='word_1_135' title='bbox 705 2242 942 2308; x_wconf 82' lang='lat' dir='ltr'><strong>Athesim</strong></span> <span class='ocrx_word' id='word_1_136' title='bbox 967 2243 1141 2308; x_wconf 83' lang='lat' dir='ltr'><strong>Padus</strong></span> <span class='ocrx_word' id='word_1_137' title='bbox 1179 2244 1372 2322; x_wconf 66' lang='lat' dir='ltr'><strong>excipit</strong></span> <span class='ocrx_word' id='word_1_138' title='bbox 1399 2251 1521 2309; x_wconf 90' lang='lat' dir='ltr'><strong>inde</strong></span> <span class='ocrx_word' id='word_1_139' title='bbox 1551 2257 1788 2322; x_wconf 89' lang='lat' dir='ltr'><strong>phaselo,</strong></span> 
     </span>
    </p>
   </div>
   <div class='ocr_carea' id='block_1_24' title="bbox 375 2340 1645 2411">
    <p class='ocr_par' dir='ltr' id='par_1_24' title="bbox 375 2340 1645 2411">
     <span class='ocr_line' id='line_1_24' title="bbox 375 2340 1645 2411; baseline 0.007 -19"><span class='ocrx_word' id='word_1_140' title='bbox 375 2340 582 2395; x_wconf 67' lang='lat' dir='ltr'><strong>ﬂebilis</strong></span> <span class='ocrx_word' id='word_1_141' title='bbox 610 2343 749 2397; x_wconf 89' lang='lat' dir='ltr'><strong>unde</strong></span> <span class='ocrx_word' id='word_1_142' title='bbox 780 2344 872 2397; x_wconf 88' lang='lat' dir='ltr'><strong>tibi</strong></span> <span class='ocrx_word' id='word_1_143' title='bbox 899 2344 1103 2411; x_wconf 84' lang='lat' dir='ltr'><strong>rapitur</strong></span> <span class='ocrx_word' id='word_1_144' title='bbox 1135 2344 1260 2397; x_wconf 89' lang='lat' dir='ltr'><strong>ratis</strong></span> <span class='ocrx_word' id='word_1_145' title='bbox 1288 2358 1444 2398; x_wconf 90' lang='lat' dir='ltr'><strong>amne</strong></span> <span class='ocrx_word' id='word_1_146' title='bbox 1466 2344 1645 2401; x_wconf 86' lang='lat' dir='ltr'><strong>citato.</strong></span> 
     </span>
    </p>
   </div>
   <div class='ocr_carea' id='block_1_25' title="bbox 231 2423 1785 2499">
    <p class='ocr_par' dir='ltr' id='par_1_25' title="bbox 231 2423 1785 2499">
     <span class='ocr_line' id='line_1_25' title="bbox 231 2423 1785 2499; baseline 0.005 -21"><span class='ocrx_word' id='word_1_147' title='bbox 231 2425 347 2482; x_wconf 82' lang='lat'><strong>680</strong></span> <span class='ocrx_word' id='word_1_148' title='bbox 383 2427 508 2482; x_wconf 90' lang='lat' dir='ltr'><strong>Inde</strong></span> <span class='ocrx_word' id='word_1_149' title='bbox 533 2423 898 2482; x_wconf 79' lang='lat' dir='ltr'><strong>Ravennatum</strong></span> <span class='ocrx_word' id='word_1_150' title='bbox 930 2430 1177 2497; x_wconf 85' lang='lat' dir='ltr'><strong>placitam</strong></span> <span class='ocrx_word' id='word_1_151' title='bbox 1204 2440 1323 2499; x_wconf 83' lang='lat' dir='ltr'><strong>pete</strong></span> <span class='ocrx_word' id='word_1_152' title='bbox 1352 2429 1555 2487; x_wconf 88' lang='lat' dir='ltr'><strong>dulcius</strong></span> <span class='ocrx_word' id='word_1_153' title='bbox 1582 2432 1785 2498; x_wconf 88' lang='lat' dir='ltr'><strong>urbem,</strong></span> 
     </span>
    </p>
   </div>
   <div class='ocr_carea' id='block_1_26' title="bbox 376 2514 1642 2583">
    <p class='ocr_par' dir='ltr' id='par_1_26' title="bbox 376 2514 1642 2583">
     <span class='ocr_line' id='line_1_26' title="bbox 376 2514 1642 2583; baseline 0.002 -14"><span class='ocrx_word' id='word_1_154' title='bbox 376 2514 579 2583; x_wconf 83' lang='lat' dir='ltr'><strong>Pulpita</strong></span> <span class='ocrx_word' id='word_1_155' title='bbox 604 2525 904 2568; x_wconf 83' lang='lat' dir='ltr'><strong>sanctorum</strong></span> <span class='ocrx_word' id='word_1_156' title='bbox 937 2520 1029 2582; x_wconf 90' lang='lat' dir='ltr'><strong>per</strong></span> <span class='ocrx_word' id='word_1_157' title='bbox 1058 2517 1299 2583; x_wconf 87' lang='lat' dir='ltr'><strong>religiosa</strong></span> <span class='ocrx_word' id='word_1_158' title='bbox 1336 2522 1642 2582; x_wconf 79' lang='lat' dir='ltr'><strong>recurrens,</strong></span> 
     </span>
    </p>
   </div>
   <div class='ocr_carea' id='block_1_27' title="bbox 379 2602 1545 2672">
    <p class='ocr_par' dir='ltr' id='par_1_27' title="bbox 379 2602 1545 2672">
     <span class='ocr_line' id='line_1_27' title="bbox 379 2602 1545 2672; baseline 0.002 -16"><span class='ocrx_word' id='word_1_159' title='bbox 379 2603 624 2672; x_wconf 74' lang='lat' dir='ltr'><strong>Martyris</strong></span> <span class='ocrx_word' id='word_1_160' title='bbox 643 2602 841 2672; x_wconf 87' lang='lat' dir='ltr'><strong>egregii</strong></span> <span class='ocrx_word' id='word_1_161' title='bbox 869 2603 1124 2656; x_wconf 88' lang='lat' dir='ltr'><strong>tumulum</strong></span> <span class='ocrx_word' id='word_1_162' title='bbox 1153 2603 1336 2657; x_wconf 76' lang='lat' dir='ltr'><strong>Vitalis</strong></span> <span class='ocrx_word' id='word_1_163' title='bbox 1361 2603 1545 2670; x_wconf 82' lang='lat' dir='ltr'><strong>adora,</strong></span> 
     </span>
    </p>
   </div>
   <div class='ocr_carea' id='block_1_28' title="bbox 377 2690 1564 2759">
    <p class='ocr_par' dir='ltr' id='par_1_28' title="bbox 377 2690 1564 2759">
     <span class='ocr_line' id='line_1_28' title="bbox 377 2690 1564 2759; baseline 0.001 -15"><span class='ocrx_word' id='word_1_164' title='bbox 377 2690 519 2746; x_wconf 71' lang='lat' dir='ltr'><strong>Mitis</strong></span> <span class='ocrx_word' id='word_1_165' title='bbox 538 2700 595 2745; x_wconf 90' lang='lat' dir='ltr'><strong>et</strong></span> <span class='ocrx_word' id='word_1_166' title='bbox 620 2691 882 2759; x_wconf 87' lang='lat' dir='ltr'><strong>Urcisini;</strong></span> <span class='ocrx_word' id='word_1_167' title='bbox 914 2692 1058 2745; x_wconf 84' lang='lat' dir='ltr'><strong>Pauli</strong></span> <span class='ocrx_word' id='word_1_168' title='bbox 1089 2692 1185 2746; x_wconf 89' lang='lat' dir='ltr'><strong>sub</strong></span> <span class='ocrx_word' id='word_1_169' title='bbox 1206 2702 1371 2757; x_wconf 86' lang='lat' dir='ltr'><strong>sorte,</strong></span> <span class='ocrx_word' id='word_1_170' title='bbox 1399 2690 1564 2759; x_wconf 78' lang='lat' dir='ltr'><strong>beati;</strong></span> 
     </span>
    </p>
   </div>
   <div class='ocr_carea' id='block_1_29' title="bbox 383 2781 1598 2860">
    <p class='ocr_par' dir='ltr' id='par_1_29' title="bbox 383 2781 1598 2860">
     <span class='ocr_line' id='line_1_29' title="bbox 383 2781 1598 2860; baseline 0.002 -25"><span class='ocrx_word' id='word_1_171' title='bbox 383 2783 581 2836; x_wconf 80' lang='lat' dir='ltr'><strong>Rursus</strong></span> <span class='ocrx_word' id='word_1_172' title='bbox 604 2781 922 2852; x_wconf 83' lang='lat' dir='ltr'><strong>Apollinaris</strong></span> <span class='ocrx_word' id='word_1_173' title='bbox 949 2782 1167 2849; x_wconf 86' lang='lat' dir='ltr'><strong>pretiosi</strong></span> <span class='ocrx_word' id='word_1_174' title='bbox 1194 2782 1374 2837; x_wconf 89' lang='lat' dir='ltr'><strong>limina</strong></span> <span class='ocrx_word' id='word_1_175' title='bbox 1390 2782 1598 2860; x_wconf 75' lang='lat' dir='ltr'><strong>lambe,</strong></span> 
     </span>
    </p>
   </div>
   <div class='ocr_carea' id='block_1_30' title="bbox 234 2866 1782 2941">
    <p class='ocr_par' dir='ltr' id='par_1_30' title="bbox 234 2866 1782 2941">
     <span class='ocr_line' id='line_1_30' title="bbox 234 2866 1782 2941; baseline 0.001 -16"><span class='ocrx_word' id='word_1_176' title='bbox 234 2873 349 2930; x_wconf 80' lang='lat'><strong>685</strong></span> <span class='ocrx_word' id='word_1_177' title='bbox 388 2866 559 2927; x_wconf 81' lang='lat' dir='ltr'><strong>Fusus</strong></span> <span class='ocrx_word' id='word_1_178' title='bbox 576 2870 719 2924; x_wconf 89' lang='lat' dir='ltr'><strong>humi</strong></span> <span class='ocrx_word' id='word_1_179' title='bbox 740 2872 980 2940; x_wconf 82' lang='lat' dir='ltr'><strong>supplex,</strong></span> <span class='ocrx_word' id='word_1_180' title='bbox 1005 2872 1059 2925; x_wconf 89' lang='lat' dir='ltr'><strong>et</strong></span> <span class='ocrx_word' id='word_1_181' title='bbox 1085 2873 1276 2940; x_wconf 84' lang='lat' dir='ltr'><strong>templa</strong></span> <span class='ocrx_word' id='word_1_182' title='bbox 1298 2887 1393 2941; x_wconf 91' lang='lat' dir='ltr'><strong>per</strong></span> <span class='ocrx_word' id='word_1_183' title='bbox 1412 2873 1586 2926; x_wconf 81' lang='lat' dir='ltr'><strong>omnia</strong></span> <span class='ocrx_word' id='word_1_184' title='bbox 1609 2887 1782 2927; x_wconf 88' lang='lat' dir='ltr'><strong>curre.</strong></span> 
     </span>
    </p>
   </div>
   <div class='ocr_carea' id='block_1_31' title="bbox 381 2955 1603 3032">
    <p class='ocr_par' dir='ltr' id='par_1_31' title="bbox 381 2955 1603 3032">
     <span class='ocr_line' id='line_1_31' title="bbox 381 2955 1603 3032; baseline -0.005 -14"><span class='ocrx_word' id='word_1_185' title='bbox 381 2963 447 3019; x_wconf 83' lang='lat' dir='ltr'><strong>Et</strong></span> <span class='ocrx_word' id='word_1_186' title='bbox 473 2971 595 3032; x_wconf 88' lang='lat' dir='ltr'><strong>pete</strong></span> <span class='ocrx_word' id='word_1_187' title='bbox 621 2959 825 3015; x_wconf 78' lang='lat' dir='ltr'><strong>Martini</strong></span> <span class='ocrx_word' id='word_1_188' title='bbox 856 2960 1107 3025; x_wconf 83' lang='lat' dir='ltr'><strong>idculum,</strong></span> <span class='ocrx_word' id='word_1_189' title='bbox 1138 2974 1241 3029; x_wconf 85' lang='lat' dir='ltr'><strong>quo</strong></span> <span class='ocrx_word' id='word_1_190' title='bbox 1260 2955 1381 3030; x_wconf 84' lang='lat' dir='ltr'><strong>jure</strong></span> <span class='ocrx_word' id='word_1_191' title='bbox 1404 2960 1603 3027; x_wconf 83' lang='lat' dir='ltr'><strong>sacelli,</strong></span> 
     </span>
    </p>
   </div>
   <div class='ocr_carea' id='block_1_32' title="bbox 312 3106 1782 3201">
    <p class='ocr_par' dir='ltr' id='par_1_32' title="bbox 312 3106 1782 3201">
     <span class='ocr_line' id='line_1_32' title="bbox 312 3106 1782 3201; baseline -0.001 -12"><span class='ocrx_word' id='word_1_192' title='bbox 312 3134 440 3189; x_wconf 74' lang='lat' dir='ltr'><strong>est.</strong></span> <span class='ocrx_word' id='word_1_193' title='bbox 482 3131 724 3187; x_wconf 78' lang='lat' dir='ltr'><strong>Paulum.</strong></span> <span class='ocrx_word' id='word_1_194' title='bbox 753 3131 885 3187; x_wconf 84' lang='lat' dir='ltr'><strong>Vide</strong></span> <span class='ocrx_word' id='word_1_195' title='bbox 911 3147 1026 3201; x_wconf 71' lang='lat' dir='ltr'><strong>qua:</strong></span> <span class='ocrx_word' id='word_1_196' title='bbox 1051 3133 1118 3187; x_wconf 84' lang='lat' dir='ltr'><strong>de</strong></span> <span class='ocrx_word' id='word_1_197' title='bbox 1144 3132 1306 3187; x_wconf 86' lang='lat' dir='ltr'><strong>Paulo</strong></span> <span class='ocrx_word' id='word_1_198' title='bbox 1334 3106 1581 3201; x_wconf 77' lang='lat' dir='ltr'><strong>pontiﬁce</strong></span> <span class='ocrx_word' id='word_1_199' title='bbox 1608 3132 1782 3201; x_wconf 79' lang='lat' dir='ltr'><strong>Aquit.</strong></span> 
     </span>
    </p>
   </div>
   <div class='ocr_carea' id='block_1_33' title="bbox 226 3201 1143 3265">
    <p class='ocr_par' dir='ltr' id='par_1_33' title="bbox 226 3201 1143 3265">
     <span class='ocr_line' id='line_1_33' title="bbox 226 3201 1143 3265; baseline -0.003 -6"><span class='ocrx_word' id='word_1_200' title='bbox 226 3204 470 3259; x_wconf 77' lang='lat' dir='ltr'><strong>diximus</strong></span> <span class='ocrx_word' id='word_1_201' title='bbox 492 3206 541 3255; x_wconf 89' lang='lat' dir='ltr'><strong>in</strong></span> <span class='ocrx_word' id='word_1_202' title='bbox 568 3201 679 3255; x_wconf 82' lang='lat' dir='ltr'><strong>Vita</strong></span> <span class='ocrx_word' id='word_1_203' title='bbox 708 3201 947 3265; x_wconf 89' lang='lat' dir='ltr'><strong>Fortun.,</strong></span> <span class='ocrx_word' id='word_1_204' title='bbox 974 3220 1026 3253; x_wconf 91' lang='lat' dir='ltr'><strong>n.</strong></span> <span class='ocrx_word' id='word_1_205' title='bbox 1054 3203 1143 3256; x_wconf 81' lang='grc'><strong>15.</strong></span> 
     </span>
    </p>
   </div>
   <div class='ocr_carea' id='block_1_34' title="bbox 307 3269 1783 3340">
    <p class='ocr_par' dir='ltr' id='par_1_34' title="bbox 307 3269 1783 3340">
     <span class='ocr_line' id='line_1_34' title="bbox 307 3269 1783 3340; baseline -0.001 -16"><span class='ocrx_word' id='word_1_206' title='bbox 307 3273 430 3325; x_wconf 78' lang='lat'><strong>666.</strong></span> <span class='ocrx_word' id='word_1_207' title='bbox 470 3270 710 3325; x_wconf 82' lang='lat' dir='ltr'><strong>Felicem.</strong></span> <span class='ocrx_word' id='word_1_208' title='bbox 752 3271 890 3340; x_wconf 77' lang='lat' dir='ltr'><strong>Lege</strong></span> <span class='ocrx_word' id='word_1_209' title='bbox 934 3284 1051 3339; x_wconf 71' lang='lat' dir='ltr'><strong>qua:</strong></span> <span class='ocrx_word' id='word_1_210' title='bbox 1096 3272 1163 3325; x_wconf 90' lang='lat' dir='ltr'><strong>de</strong></span> <span class='ocrx_word' id='word_1_211' title='bbox 1207 3269 1380 3325; x_wconf 85' lang='lat' dir='ltr'><strong>Felice</strong></span> <span class='ocrx_word' id='word_1_212' title='bbox 1408 3270 1657 3337; x_wconf 77' lang='lat' dir='ltr'><strong>diximus,</strong></span> <span class='ocrx_word' id='word_1_213' title='bbox 1709 3269 1783 3325; x_wconf 86' lang='lat' dir='ltr'><strong>ib.</strong></span> 
     </span>
    </p>
   </div>
   <div class='ocr_carea' id='block_1_35' title="bbox 221 3340 398 3395">
    <p class='ocr_par' dir='ltr' id='par_1_35' title="bbox 221 3340 398 3395">
     <span class='ocr_line' id='line_1_35' title="bbox 221 3340 398 3395; baseline -0.011 0"><span class='ocrx_word' id='word_1_214' title='bbox 221 3356 281 3395; x_wconf 80' lang='lat' dir='ltr'><strong>st.</strong></span> <span class='ocrx_word' id='word_1_215' title='bbox 311 3340 398 3394; x_wconf 72' lang='grc'><strong>26.</strong></span> 
     </span>
    </p>
   </div>
   <div class='ocr_carea' id='block_1_36' title="bbox 290 3404 1784 3472">
    <p class='ocr_par' dir='ltr' id='par_1_36' title="bbox 290 3404 1784 3472">
     <span class='ocr_line' id='line_1_36' title="bbox 290 3404 1784 3472; baseline 0 -14"><span class='ocrx_word' id='word_1_216' title='bbox 290 3409 430 3460; x_wconf 70' lang='grc'><strong>668.</strong></span> <span class='ocrx_word' id='word_1_217' title='bbox 468 3407 723 3459; x_wconf 65' lang='lat' dir='ltr'><strong>Cerretani.</strong></span> <span class='ocrx_word' id='word_1_218' title='bbox 747 3406 865 3467; x_wconf 81' lang='lat' dir='ltr'><strong>Ms.,</strong></span> <span class='ocrx_word' id='word_1_219' title='bbox 895 3404 1179 3467; x_wconf 67' lang='lat' dir='ltr'><strong>Cenedam;</strong></span> <span class='ocrx_word' id='word_1_220' title='bbox 1207 3406 1333 3459; x_wconf 90' lang='lat' dir='ltr'><strong>edit.</strong></span> <span class='ocrx_word' id='word_1_221' title='bbox 1376 3405 1530 3465; x_wconf 85' lang='lat' dir='ltr'><strong>Ven.,</strong></span> <span class='ocrx_word' id='word_1_222' title='bbox 1570 3410 1660 3472; x_wconf 72' lang='lat' dir='ltr'><strong>per</strong></span> <span class='ocrx_word' id='word_1_223' title='bbox 1704 3416 1784 3458; x_wconf 76' lang='lat' dir='ltr'><strong>se-</strong></span> 
     </span>
    </p>
   </div>
   <div class='ocr_carea' id='block_1_37' title="bbox 220 3472 1780 3545">
    <p class='ocr_par' dir='ltr' id='par_1_37' title="bbox 220 3472 1780 3545">
     <span class='ocr_line' id='line_1_37' title="bbox 220 3472 1780 3545; baseline -0.001 -18"><span class='ocrx_word' id='word_1_224' title='bbox 220 3476 411 3545; x_wconf 52' lang='lat' dir='ltr'><strong>[sitam</strong></span> <span class='ocrx_word' id='word_1_225' title='bbox 426 3476 661 3544; x_wconf 82' lang='lat' dir='ltr'><strong>gradiens</strong></span> <span class='ocrx_word' id='word_1_226' title='bbox 685 3482 997 3545; x_wconf 34' lang='lat' dir='ltr'><strong>;Acorrupte.</strong></span> <span class='ocrx_word' id='word_1_227' title='bbox 1048 3472 1254 3526; x_wconf 78' lang='lat' dir='ltr'><strong>Vidcsis</strong></span> <span class='ocrx_word' id='word_1_228' title='bbox 1295 3487 1411 3538; x_wconf 70' lang='lat' dir='ltr'><strong>qua:</strong></span> <span class='ocrx_word' id='word_1_229' title='bbox 1454 3473 1681 3543; x_wconf 83' lang='lat' dir='ltr'><strong>diximus</strong></span> <span class='ocrx_word' id='word_1_230' title='bbox 1727 3474 1780 3526; x_wconf 88' lang='lat' dir='ltr'><strong>itt</strong></span> 
     </span>
    </p>
   </div>
   <div class='ocr_carea' id='block_1_38' title="bbox 217 3541 746 3597">
    <p class='ocr_par' dir='ltr' id='par_1_38' title="bbox 217 3541 746 3597">
     <span class='ocr_line' id='line_1_38' title="bbox 217 3541 746 3597; baseline -0.008 -1"><span class='ocrx_word' id='word_1_231' title='bbox 217 3542 348 3597; x_wconf 74' lang='lat' dir='ltr'><strong>Vita</strong></span> <span class='ocrx_word' id='word_1_232' title='bbox 372 3541 586 3596; x_wconf 77' lang='lat' dir='ltr'><strong>Fortun.</strong></span> <span class='ocrx_word' id='word_1_233' title='bbox 616 3557 669 3595; x_wconf 82' lang='grc' dir='ltr'><strong>ιι.</strong></span> <span class='ocrx_word' id='word_1_234' title='bbox 694 3541 746 3593; x_wconf 89' lang='grc'><strong>6.</strong></span> 
     </span>
    </p>
   </div>
   <div class='ocr_carea' id='block_1_39' title="bbox 302 3607 1780 3677">
    <p class='ocr_par' dir='ltr' id='par_1_39' title="bbox 302 3607 1780 3677">
     <span class='ocr_line' id='line_1_39' title="bbox 302 3607 1780 3677; baseline -0.001 -13"><span class='ocrx_word' id='word_1_235' title='bbox 302 3611 427 3664; x_wconf 82' lang='grc'><strong>675.</strong></span> <span class='ocrx_word' id='word_1_236' title='bbox 464 3609 675 3676; x_wconf 80' lang='lat' dir='ltr'><strong>Joanni.</strong></span> <span class='ocrx_word' id='word_1_237' title='bbox 703 3609 776 3662; x_wconf 90' lang='lat' dir='ltr'><strong>De</strong></span> <span class='ocrx_word' id='word_1_238' title='bbox 799 3608 897 3677; x_wconf 84' lang='lat' dir='ltr'><strong>hoe</strong></span> <span class='ocrx_word' id='word_1_239' title='bbox 917 3607 1142 3672; x_wconf 78' lang='lat' dir='ltr'><strong>Joanne,</strong></span> <span class='ocrx_word' id='word_1_240' title='bbox 1165 3608 1208 3661; x_wconf 89' lang='lat' dir='ltr'><strong>si</strong></span> <span class='ocrx_word' id='word_1_241' title='bbox 1228 3607 1389 3677; x_wconf 90' lang='lat' dir='ltr'><strong>modo</strong></span> <span class='ocrx_word' id='word_1_242' title='bbox 1409 3607 1460 3677; x_wconf 84' lang='lat' dir='ltr'><strong>is</strong></span> <span class='ocrx_word' id='word_1_243' title='bbox 1505 3607 1780 3677; x_wconf 88' lang='lat' dir='ltr'><strong>episcopus</strong></span> 
     </span>
    </p>
   </div>
   <div class='ocr_carea' id='block_1_40' title="bbox 224 3672 1778 3745">
    <p class='ocr_par' dir='ltr' id='par_1_40' title="bbox 224 3672 1778 3745">
     <span class='ocr_line' id='line_1_40' title="bbox 224 3672 1778 3745; baseline -0.002 -13"><span class='ocrx_word' id='word_1_244' title='bbox 224 3678 543 3742; x_wconf 82' lang='lat' dir='ltr'><strong>Patavinus,</strong></span> <span class='ocrx_word' id='word_1_245' title='bbox 575 3672 651 3732; x_wconf 82' lang='lat' dir='ltr'><strong>uti</strong></span> <span class='ocrx_word' id='word_1_246' title='bbox 684 3672 912 3741; x_wconf 84' lang='lat' dir='ltr'><strong>videtur,</strong></span> <span class='ocrx_word' id='word_1_247' title='bbox 942 3679 1059 3742; x_wconf 82' lang='lat' dir='ltr'><strong>iuit,</strong></span> <span class='ocrx_word' id='word_1_248' title='bbox 1085 3677 1215 3731; x_wconf 85' lang='lat' dir='ltr'><strong>nihil</strong></span> <span class='ocrx_word' id='word_1_249' title='bbox 1242 3676 1377 3742; x_wconf 77' lang='lat' dir='ltr'><strong>apud</strong></span> <span class='ocrx_word' id='word_1_250' title='bbox 1407 3672 1698 3745; x_wconf 39' lang='lat' dir='ltr'><strong>Ugltellnm’</strong></span> <span class='ocrx_word' id='word_1_251' title='bbox 1726 3694 1778 3730; x_wconf 87' lang='lat' dir='ltr'><strong>tn</strong></span> 
     </span>
    </p>
   </div>
   <div class='ocr_carea' id='block_1_41' title="bbox 218 3746 1530 3803">
    <p class='ocr_par' dir='ltr' id='par_1_41' title="bbox 218 3746 1530 3803">
     <span class='ocr_line' id='line_1_41' title="bbox 218 3746 1530 3803; baseline -0.003 -1"><span class='ocrx_word' id='word_1_252' title='bbox 218 3748 382 3803; x_wconf 76' lang='lat' dir='ltr'><strong>Italia</strong></span> <span class='ocrx_word' id='word_1_253' title='bbox 407 3747 589 3803; x_wconf 80' lang='lat' dir='ltr'><strong>Sacra.</strong></span> <span class='ocrx_word' id='word_1_254' title='bbox 628 3747 674 3801; x_wconf 90' lang='lat' dir='ltr'><strong>ls</strong></span> <span class='ocrx_word' id='word_1_255' title='bbox 701 3747 903 3801; x_wconf 79' lang='lat' dir='ltr'><strong>videtur</strong></span> <span class='ocrx_word' id='word_1_256' title='bbox 931 3749 1132 3801; x_wconf 86' lang='lat' dir='ltr'><strong>sedisse</strong></span> <span class='ocrx_word' id='word_1_257' title='bbox 1159 3746 1530 3801; x_wconf 72' lang='lat' dir='ltr'><strong>interi’etrutn</strong></span> 
     </span>
    </p>
   </div>
   <div class='ocr_carea' id='block_1_42' title="bbox 220 3814 1773 3885">
    <p class='ocr_par' dir='ltr' id='par_1_42' title="bbox 220 3814 1773 3885">
     <span class='ocr_line' id='line_1_42' title="bbox 220 3814 1773 3885; baseline -0.004 -12"><span class='ocrx_word' id='word_1_258' title='bbox 220 3833 361 3873; x_wconf 84' lang='lat' dir='ltr'><strong>num</strong></span> <span class='ocrx_word' id='word_1_259' title='bbox 391 3828 445 3871; x_wconf 91' lang='lat' dir='ltr'><strong>et</strong></span> <span class='ocrx_word' id='word_1_260' title='bbox 472 3816 980 3885; x_wconf 81' lang='lat' dir='ltr'><strong>Virgilium,quian.</strong></span> <span class='ocrx_word' id='word_1_261' title='bbox 1006 3817 1107 3869; x_wconf 75' lang='grc'><strong>579</strong></span> <span class='ocrx_word' id='word_1_262' title='bbox 1138 3814 1369 3871; x_wconf 79' lang='lat' dir='ltr'><strong>interfuit</strong></span> <span class='ocrx_word' id='word_1_263' title='bbox 1395 3817 1585 3869; x_wconf 89' lang='lat' dir='ltr'><strong>concil.</strong></span> <span class='ocrx_word' id='word_1_264' title='bbox 1614 3816 1773 3881; x_wconf 84' lang='lat' dir='ltr'><strong>Aqui-</strong></span> 
     </span>
    </p>
   </div>
   <div class='ocr_carea' id='block_1_43' title="bbox 216 3884 1780 3954">
    <p class='ocr_par' dir='ltr' id='par_1_43' title="bbox 216 3884 1780 3954">
     <span class='ocr_line' id='line_1_43' title="bbox 216 3884 1780 3954; baseline -0.003 -11"><span class='ocrx_word' id='word_1_265' title='bbox 216 3887 438 3953; x_wconf 83' lang='lat' dir='ltr'><strong>leiensi,</strong></span> <span class='ocrx_word' id='word_1_266' title='bbox 471 3889 537 3940; x_wconf 82' lang='lat' dir='ltr'><strong>ab</strong></span> <span class='ocrx_word' id='word_1_267' title='bbox 559 3884 703 3940; x_wconf 82' lang='lat' dir='ltr'><strong>Helia</strong></span> <span class='ocrx_word' id='word_1_268' title='bbox 734 3884 1026 3954; x_wconf 84' lang='lat' dir='ltr'><strong>patriarcha</strong></span> <span class='ocrx_word' id='word_1_269' title='bbox 1055 3886 1352 3945; x_wconf 77' lang='lat' dir='ltr'><strong>celebrato;</strong></span> <span class='ocrx_word' id='word_1_270' title='bbox 1403 3886 1469 3938; x_wconf 90' lang='lat' dir='ltr'><strong>de</strong></span> <span class='ocrx_word' id='word_1_271' title='bbox 1509 3900 1612 3953; x_wconf 92' lang='lat' dir='ltr'><strong>quo</strong></span> <span class='ocrx_word' id='word_1_272' title='bbox 1660 3885 1780 3938; x_wconf 93' lang='lat' dir='ltr'><strong>vide</strong></span> 
     </span>
    </p>
   </div>
   <div class='ocr_carea' id='block_1_44' title="bbox 214 3953 761 4026">
    <p class='ocr_par' dir='ltr' id='par_1_44' title="bbox 214 3953 761 4026">
     <span class='ocr_line' id='line_1_44' title="bbox 214 3953 761 4026; baseline -0.013 -13"><span class='ocrx_word' id='word_1_273' title='bbox 214 3958 475 4013; x_wconf 79' lang='lat' dir='ltr'><strong>eumdem</strong></span> <span class='ocrx_word' id='word_1_274' title='bbox 505 3953 694 4026; x_wconf 78' lang='lat' dir='ltr'><strong>Ughel.</strong></span> <span class='ocrx_word' id='word_1_275' title='bbox 737 3953 761 3981; x_wconf 51' lang='grc' dir='ltr'>λ</span> 
     </span>
    </p>
   </div>
   <div class='ocr_carea' id='block_1_45' title="bbox 301 4020 1777 4083">
    <p class='ocr_par' dir='ltr' id='par_1_45' title="bbox 301 4020 1777 4083">
     <span class='ocr_line' id='line_1_45' title="bbox 301 4020 1777 4083; baseline -0.005 -3"><span class='ocrx_word' id='word_1_276' title='bbox 301 4026 423 4080; x_wconf 76' lang='lat'><strong>6‘77.</strong></span> <span class='ocrx_word' id='word_1_277' title='bbox 477 4020 747 4079; x_wconf 66' lang='lat' dir='ltr'><strong>Reiemmo.</strong></span> <span class='ocrx_word' id='word_1_278' title='bbox 790 4022 933 4083; x_wconf 64' lang='grc' dir='ltr'><strong>ωε..</strong></span> <span class='ocrx_word' id='word_1_279' title='bbox 984 4022 1245 4076; x_wconf 80' lang='lat' dir='ltr'><strong>Betinone.</strong></span> <span class='ocrx_word' id='word_1_280' title='bbox 1302 4020 1588 4076; x_wconf 75' lang='lat' dir='ltr'><strong>Retenonis</strong></span> <span class='ocrx_word' id='word_1_281' title='bbox 1637 4020 1777 4073; x_wconf 81' lang='lat' dir='ltr'><strong>ﬂuvii</strong></span> 
     </span>
    </p>
   </div>
   <div class='ocr_carea' id='block_1_46' title="bbox 212 4090 1777 4162">
    <p class='ocr_par' dir='ltr' id='par_1_46' title="bbox 212 4090 1777 4162">
     <span class='ocr_line' id='line_1_46' title="bbox 212 4090 1777 4162; baseline -0.005 -15"><span class='ocrx_word' id='word_1_282' title='bbox 212 4094 389 4149; x_wconf 79' lang='lat' dir='ltr'><strong>situm</strong></span> <span class='ocrx_word' id='word_1_283' title='bbox 412 4096 627 4162; x_wconf 87' lang='lat' dir='ltr'><strong>inquirit</strong></span> <span class='ocrx_word' id='word_1_284' title='bbox 649 4092 992 4162; x_wconf 79' lang='lat' dir='ltr'><strong>Cluveriusl.</strong></span> <span class='ocrx_word' id='word_1_285' title='bbox 1017 4107 1030 4144; x_wconf 87' lang='grc' dir='ltr'>ι</span> <span class='ocrx_word' id='word_1_286' title='bbox 1063 4090 1221 4162; x_wconf 72' lang='lat' dir='ltr'><strong>italia:</strong></span> <span class='ocrx_word' id='word_1_287' title='bbox 1243 4093 1506 4159; x_wconf 64' lang='lat' dir='ltr'><strong>Antiquae,</strong></span> <span class='ocrx_word' id='word_1_288' title='bbox 1530 4106 1579 4144; x_wconf 93' lang='lat' dir='ltr'><strong>c.</strong></span> <span class='ocrx_word' id='word_1_289' title='bbox 1614 4091 1698 4155; x_wconf 73' lang='lat'><strong>18,</strong></span> <span class='ocrx_word' id='word_1_290' title='bbox 1716 4101 1777 4162; x_wconf 71' lang='lat' dir='ltr'><strong>ac</strong></span> 
     </span>
    </p>
   </div>
   <div class='ocr_carea' id='block_1_47' title="bbox 210 4156 1771 4231">
    <p class='ocr_par' dir='ltr' id='par_1_47' title="bbox 210 4156 1771 4231">
     <span class='ocr_line' id='line_1_47' title="bbox 210 4156 1771 4231; baseline -0.006 -14"><span class='ocrx_word' id='word_1_291' title='bbox 210 4156 559 4231; x_wconf 61' lang='lat' dir='ltr'><strong>opinatur&#39;ex</strong></span> <span class='ocrx_word' id='word_1_292' title='bbox 582 4164 878 4215; x_wconf 81' lang='lat' dir='ltr'><strong>narratione</strong></span> <span class='ocrx_word' id='word_1_293' title='bbox 898 4160 1089 4213; x_wconf 66' lang='lat' dir='ltr'><strong>{Eliani</strong></span> <span class='ocrx_word' id='word_1_294' title='bbox 1124 4161 1255 4212; x_wconf 86' lang='lat' dir='ltr'><strong>llist.</strong></span> <span class='ocrx_word' id='word_1_295' title='bbox 1280 4156 1419 4213; x_wconf 80' lang='lat' dir='ltr'><strong>anim</strong></span> <span class='ocrx_word' id='word_1_296' title='bbox 1445 4162 1480 4214; x_wconf 78' lang='grc' dir='ltr'><strong>Ι.</strong></span> <span class='ocrx_word' id='word_1_297' title='bbox 1507 4172 1693 4231; x_wconf 76' lang='lat' dir='ltr'><strong>stv_.__c.</strong></span> <span class='ocrx_word' id='word_1_298' title='bbox 1718 4156 1771 4222; x_wconf 90' lang='lat'><strong>8,</strong></span> 
     </span>
    </p>
   </div>
   <div class='ocr_carea' id='block_1_48' title="bbox 214 4226 1772 4301">
    <p class='ocr_par' dir='ltr' id='par_1_48' title="bbox 214 4226 1772 4301">
     <span class='ocr_line' id='line_1_48' title="bbox 214 4226 1772 4301; baseline -0.005 -17"><span class='ocrx_word' id='word_1_299' title='bbox 214 4226 502 4301; x_wconf 59' lang='lat' dir='ltr'><strong>antiquum</strong></span> <span class='ocrx_word' id='word_1_300' title='bbox 533 4231 678 4301; x_wconf 84' lang='lat' dir='ltr'><strong>illum</strong></span> <span class='ocrx_word' id='word_1_301' title='bbox 708 4233 987 4283; x_wconf 76' lang='lat' dir='ltr'><strong>Eretenum</strong></span> <span class='ocrx_word' id='word_1_302' title='bbox 1031 4243 1148 4301; x_wconf 75' lang='lat' dir='ltr'><strong>esse</strong></span> <span class='ocrx_word' id='word_1_303' title='bbox 1180 4243 1386 4301; x_wconf 78' lang='lat' dir='ltr'><strong>amnem</strong></span> <span class='ocrx_word' id='word_1_304' title='bbox 1440 4230 1531 4301; x_wconf 77' lang='lat' dir='ltr'><strong>qui</strong></span> <span class='ocrx_word' id='word_1_305' title='bbox 1591 4226 1772 4301; x_wconf 61' lang='lat' dir='ltr'><strong>Vicett-</strong></span> 
     </span>
    </p>
   </div>
   <div class='ocr_carea' id='block_1_49' title="bbox 214 4298 1074 4363">
    <p class='ocr_par' dir='ltr' id='par_1_49' title="bbox 214 4298 1074 4363">
     <span class='ocr_line' id='line_1_49' title="bbox 214 4298 1074 4363; baseline -0.005 -12"><span class='ocrx_word' id='word_1_306' title='bbox 214 4298 523 4353; x_wconf 52' lang='lat' dir='ltr'><strong>tiam&#39;inter</strong></span> <span class='ocrx_word' id='word_1_307' title='bbox 546 4310 611 4351; x_wconf 86' lang='lat' dir='ltr'><strong>ac</strong></span> <span class='ocrx_word' id='word_1_308' title='bbox 649 4300 986 4362; x_wconf 72' lang='lat' dir='ltr'><strong>Koveretutn,</strong></span> <span class='ocrx_word' id='word_1_309' title='bbox 1013 4307 1074 4363; x_wconf 86' lang='lat' dir='ltr'><strong>pa</strong></span> 
     </span>
    </p>
   </div>
   <div class='ocr_carea' id='block_1_50' title="bbox 1195 261 2498 321">
    <p class='ocr_par' dir='ltr' id='par_1_50' title="bbox 1195 261 2498 321">
     <span class='ocr_line' id='line_1_50' title="bbox 1195 261 2498 321; baseline 0.004 -6"><span class='ocrx_word' id='word_1_310' title='bbox 1195 261 1279 317; x_wconf 82' lang='lat' dir='ltr'><strong>DE</strong></span> <span class='ocrx_word' id='word_1_311' title='bbox 1321 262 1475 319; x_wconf 77' lang='lat' dir='ltr'><strong>VITA</strong></span> <span class='ocrx_word' id='word_1_312' title='bbox 1511 262 1753 320; x_wconf 63' lang='lat' dir='ltr'><strong>SANCTI</strong></span> <span class='ocrx_word' id='word_1_313' title='bbox 1793 263 2092 321; x_wconf 69' lang='lat' dir='ltr'><strong>MAR&#39;I&#39;INI.</strong></span> <span class='ocrx_word' id='word_1_314' title='bbox 2132 295 2200 306; x_wconf 92' lang='lat'><strong>—</strong></span> <span class='ocrx_word' id='word_1_315' title='bbox 2240 266 2368 321; x_wconf 79' lang='lat' dir='ltr'><strong>LIB.</strong></span> <span class='ocrx_word' id='word_1_316' title='bbox 2412 266 2498 320; x_wconf 84' lang='lat' dir='ltr'><strong>IV.</strong></span> 
     </span>
    </p>
   </div>
   <div class='ocr_carea' id='block_1_51' title="bbox 1822 377 1874 433">
    <p class='ocr_par' dir='ltr' id='par_1_51' title="bbox 1822 377 1874 433">
     <span class='ocr_line' id='line_1_51' title="bbox 1822 377 1874 433; baseline 0 0"><span class='ocrx_word' id='word_1_317' title='bbox 1822 377 1874 433; x_wconf 79' lang='grc' dir='ltr'><strong>Δ</strong></span> 
     </span>
    </p>
   </div>
   <div class='ocr_carea' id='block_1_52' title="bbox 1588 3745 1781 3798">
    <p class='ocr_par' dir='ltr' id='par_1_52' title="bbox 1588 3745 1781 3798">
     <span class='ocr_line' id='line_1_52' title="bbox 1588 3745 1781 3798; baseline 0 0"><span class='ocrx_word' id='word_1_318' title='bbox 1588 3745 1781 3798; x_wconf 87' lang='lat' dir='ltr'><strong>Limia-</strong></span> 
     </span>
    </p>
   </div>
   <div class='ocr_carea' id='block_1_53' title="bbox 3338 266 3442 319">
    <p class='ocr_par' dir='ltr' id='par_1_53' title="bbox 3338 266 3442 319">
     <span class='ocr_line' id='line_1_53' title="bbox 3338 266 3442 319; baseline 0 0"><span class='ocrx_word' id='word_1_319' title='bbox 3338 266 3442 319; x_wconf 62' lang='grc' dir='ltr'>ηε</span> 
     </span>
    </p>
   </div>
   <div class='ocr_carea' id='block_1_54' title="bbox 2040 373 3359 442">
    <p class='ocr_par' dir='ltr' id='par_1_54' title="bbox 2040 373 3359 442">
     <span class='ocr_line' id='line_1_54' title="bbox 2040 373 3359 442; baseline -0.002 -15"><span class='ocrx_word' id='word_1_320' title='bbox 2040 373 2154 428; x_wconf 89' lang='lat' dir='ltr'><strong>.lam</strong></span> <span class='ocrx_word' id='word_1_321' title='bbox 2183 375 2518 442; x_wconf 88' lang='lat' dir='ltr'><strong>desperatum</strong></span> <span class='ocrx_word' id='word_1_322' title='bbox 2548 375 2722 429; x_wconf 91' lang='lat' dir='ltr'><strong>iumen</strong></span> <span class='ocrx_word' id='word_1_323' title='bbox 2756 376 2880 431; x_wconf 84' lang='lat' dir='ltr'><strong>mihi</strong></span> <span class='ocrx_word' id='word_1_324' title='bbox 2912 377 3131 430; x_wconf 82' lang='lat' dir='ltr'><strong>reddidit</strong></span> <span class='ocrx_word' id='word_1_325' title='bbox 3156 386 3359 440; x_wconf 82' lang='lat' dir='ltr'><strong>ancter,</strong></span> 
     </span>
    </p>
   </div>
   <div class='ocr_carea' id='block_1_55' title="bbox 2039 463 3441 534">
    <p class='ocr_par' dir='ltr' id='par_1_55' title="bbox 2039 463 3441 534">
     <span class='ocr_line' id='line_1_55' title="bbox 2039 463 3441 534; baseline 0.001 -18"><span class='ocrx_word' id='word_1_326' title='bbox 2039 463 2250 517; x_wconf 73' lang='lat' dir='ltr'><strong>Munera</strong></span> <span class='ocrx_word' id='word_1_327' title='bbox 2268 464 2355 533; x_wconf 87' lang='lat' dir='ltr'><strong>qui</strong></span> <span class='ocrx_word' id='word_1_328' title='bbox 2376 463 2583 528; x_wconf 86' lang='lat' dir='ltr'><strong>tribuit;</strong></span> <span class='ocrx_word' id='word_1_329' title='bbox 2611 466 2818 529; x_wconf 88' lang='lat' dir='ltr'><strong>saltem,</strong></span> <span class='ocrx_word' id='word_1_330' title='bbox 2840 481 2989 533; x_wconf 83' lang='lat' dir='ltr'><strong>rogo,</strong></span> <span class='ocrx_word' id='word_1_331' title='bbox 3014 466 3171 519; x_wconf 86' lang='lat' dir='ltr'><strong>verba</strong></span> <span class='ocrx_word' id='word_1_332' title='bbox 3199 466 3441 534; x_wconf 72' lang='lat' dir='ltr'><strong>repende.</strong></span> 
     </span>
    </p>
   </div>
   <div class='ocr_carea' id='block_1_56' title="bbox 2038 556 3370 625">
    <p class='ocr_par' dir='ltr' id='par_1_56' title="bbox 2038 556 3370 625">
     <span class='ocr_line' id='line_1_56' title="bbox 2038 556 3370 625; baseline -0.001 -15"><span class='ocrx_word' id='word_1_333' title='bbox 2038 557 2129 610; x_wconf 82' lang='lat' dir='ltr'><strong>Est</strong></span> <span class='ocrx_word' id='word_1_334' title='bbox 2154 557 2238 610; x_wconf 90' lang='lat' dir='ltr'><strong>ubi</strong></span> <span class='ocrx_word' id='word_1_335' title='bbox 2269 556 2495 610; x_wconf 68' lang='lat' dir='ltr'><strong>basilica:</strong></span> <span class='ocrx_word' id='word_1_336' title='bbox 2521 556 2729 609; x_wconf 87' lang='lat' dir='ltr'><strong>culmen</strong></span> <span class='ocrx_word' id='word_1_337' title='bbox 2763 556 2907 609; x_wconf 89' lang='lat' dir='ltr'><strong>Pauli</strong></span> <span class='ocrx_word' id='word_1_338' title='bbox 2938 566 3094 625; x_wconf 87' lang='lat' dir='ltr'><strong>atque</strong></span> <span class='ocrx_word' id='word_1_339' title='bbox 3123 556 3370 615; x_wconf 85' lang='lat' dir='ltr'><strong>Joannis.</strong></span> 
     </span>
    </p>
   </div>
   <div class='ocr_carea' id='block_1_57' title="bbox 1898 630 3393 713">
    <p class='ocr_par' dir='ltr' id='par_1_57' title="bbox 1898 630 3393 713">
     <span class='ocr_line' id='line_1_57' title="bbox 1898 630 3393 713; baseline 0.003 -19"><span class='ocrx_word' id='word_1_340' title='bbox 1898 641 2003 698; x_wconf 83' lang='lat'><strong>690</strong></span> <span class='ocrx_word' id='word_1_341' title='bbox 2039 642 2133 698; x_wconf 82' lang='lat' dir='ltr'><strong>Hic</strong></span> <span class='ocrx_word' id='word_1_342' title='bbox 2162 644 2332 711; x_wconf 88' lang='lat' dir='ltr'><strong>paries</strong></span> <span class='ocrx_word' id='word_1_343' title='bbox 2354 643 2544 697; x_wconf 89' lang='lat' dir='ltr'><strong>retinet</strong></span> <span class='ocrx_word' id='word_1_344' title='bbox 2573 644 2739 696; x_wconf 88' lang='lat' dir='ltr'><strong>sancti</strong></span> <span class='ocrx_word' id='word_1_345' title='bbox 2762 630 2859 696; x_wconf 77' lang='lat' dir='ltr'><strong>sub</strong></span> <span class='ocrx_word' id='word_1_346' title='bbox 2890 643 3119 713; x_wconf 78' lang='lat' dir='ltr'><strong>imagine</strong></span> <span class='ocrx_word' id='word_1_347' title='bbox 3150 644 3393 698; x_wconf 79' lang='lat' dir='ltr'><strong>formant.</strong></span> 
     </span>
    </p>
   </div>
   <div class='ocr_carea' id='block_1_58' title="bbox 2039 732 3181 799">
    <p class='ocr_par' dir='ltr' id='par_1_58' title="bbox 2039 732 3181 799">
     <span class='ocr_line' id='line_1_58' title="bbox 2039 732 3181 799; baseline 0.002 -15"><span class='ocrx_word' id='word_1_348' title='bbox 2039 732 2410 799; x_wconf 82' lang='lat' dir='ltr'><strong>Amplectenda</strong></span> <span class='ocrx_word' id='word_1_349' title='bbox 2441 734 2555 797; x_wconf 82' lang='lat' dir='ltr'><strong>ipso</strong></span> <span class='ocrx_word' id='word_1_350' title='bbox 2584 732 2722 786; x_wconf 90' lang='lat' dir='ltr'><strong>dulci</strong></span> <span class='ocrx_word' id='word_1_351' title='bbox 2756 733 2953 798; x_wconf 86' lang='lat' dir='ltr'><strong>pictura</strong></span> <span class='ocrx_word' id='word_1_352' title='bbox 2986 735 3181 787; x_wconf 79' lang='lat' dir='ltr'><strong>colore.</strong></span> 
     </span>
    </p>
   </div>
   <div class='ocr_carea' id='block_1_59' title="bbox 2037 820 3445 889">
    <p class='ocr_par' dir='ltr' id='par_1_59' title="bbox 2037 820 3445 889">
     <span class='ocr_line' id='line_1_59' title="bbox 2037 820 3445 889; baseline 0 -14"><span class='ocrx_word' id='word_1_353' title='bbox 2037 821 2145 875; x_wconf 76' lang='lat' dir='ltr'><strong>Sub</strong></span> <span class='ocrx_word' id='word_1_354' title='bbox 2173 821 2395 889; x_wconf 87' lang='lat' dir='ltr'><strong>pedibus</strong></span> <span class='ocrx_word' id='word_1_355' title='bbox 2424 820 2552 889; x_wconf 87' lang='lat' dir='ltr'><strong>justi</strong></span> <span class='ocrx_word' id='word_1_356' title='bbox 2587 823 2761 888; x_wconf 88' lang='lat' dir='ltr'><strong>paries</strong></span> <span class='ocrx_word' id='word_1_357' title='bbox 2801 822 2963 876; x_wconf 77' lang='lat' dir='ltr'><strong>habet</strong></span> <span class='ocrx_word' id='word_1_358' title='bbox 2987 832 3098 876; x_wconf 89' lang='lat' dir='ltr'><strong>arte</strong></span> <span class='ocrx_word' id='word_1_359' title='bbox 3128 822 3445 888; x_wconf 78' lang='lat' dir='ltr'><strong>fenestram,</strong></span> 
     </span>
    </p>
   </div>
   <div class='ocr_carea' id='block_1_60' title="bbox 2034 911 3443 983">
    <p class='ocr_par' dir='ltr' id='par_1_60' title="bbox 2034 911 3443 983">
     <span class='ocr_line' id='line_1_60' title="bbox 2034 911 3443 983; baseline 0.001 -19"><span class='ocrx_word' id='word_1_360' title='bbox 2034 911 2278 979; x_wconf 76' lang='lat' dir='ltr'><strong>Lychnus</strong></span> <span class='ocrx_word' id='word_1_361' title='bbox 2306 913 2474 975; x_wconf 82' lang='lat' dir='ltr'><strong>adest,</strong></span> <span class='ocrx_word' id='word_1_362' title='bbox 2502 911 2654 980; x_wconf 83' lang='lat' dir='ltr'><strong>cujus</strong></span> <span class='ocrx_word' id='word_1_363' title='bbox 2682 914 2843 966; x_wconf 88' lang='lat' dir='ltr'><strong>vitrea</strong></span> <span class='ocrx_word' id='word_1_364' title='bbox 2876 920 3023 965; x_wconf 82' lang='lat' dir='ltr'><strong>natat</strong></span> <span class='ocrx_word' id='word_1_365' title='bbox 3053 913 3187 983; x_wconf 88' lang='lat' dir='ltr'><strong>ignis</strong></span> <span class='ocrx_word' id='word_1_366' title='bbox 3213 913 3263 966; x_wconf 89' lang='lat' dir='ltr'><strong>iu</strong></span> <span class='ocrx_word' id='word_1_367' title='bbox 3293 929 3443 966; x_wconf 88' lang='lat' dir='ltr'><strong>urna.</strong></span> 
     </span>
    </p>
   </div>
   <div class='ocr_carea' id='block_1_61' title="bbox 2038 1000 3445 1071">
    <p class='ocr_par' dir='ltr' id='par_1_61' title="bbox 2038 1000 3445 1071">
     <span class='ocr_line' id='line_1_61' title="bbox 2038 1000 3445 1071; baseline 0.003 -18"><span class='ocrx_word' id='word_1_368' title='bbox 2038 1002 2148 1054; x_wconf 92' lang='lat' dir='ltr'><strong>lluc</strong></span> <span class='ocrx_word' id='word_1_369' title='bbox 2173 1014 2275 1068; x_wconf 82' lang='lat' dir='ltr'><strong>ego</strong></span> <span class='ocrx_word' id='word_1_370' title='bbox 2303 1003 2427 1055; x_wconf 90' lang='lat' dir='ltr'><strong>dum</strong></span> <span class='ocrx_word' id='word_1_371' title='bbox 2457 1017 2700 1069; x_wconf 86' lang='lat' dir='ltr'><strong>propero,</strong></span> <span class='ocrx_word' id='word_1_372' title='bbox 2734 1003 2910 1056; x_wconf 81' lang='lat' dir='ltr'><strong>Valido</strong></span> <span class='ocrx_word' id='word_1_373' title='bbox 2937 1000 3213 1071; x_wconf 85' lang='lat' dir='ltr'><strong>torquente</strong></span> <span class='ocrx_word' id='word_1_374' title='bbox 3239 1004 3445 1069; x_wconf 81' lang='lat' dir='ltr'><strong>dolore,</strong></span> 
     </span>
    </p>
   </div>
   <div class='ocr_carea' id='block_1_62' title="bbox 1896 1088 3387 1159">
    <p class='ocr_par' dir='ltr' id='par_1_62' title="bbox 1896 1088 3387 1159">
     <span class='ocr_line' id='line_1_62' title="bbox 1896 1088 3387 1159; baseline 0.002 -17"><span class='ocrx_word' id='word_1_375' title='bbox 1896 1088 1998 1143; x_wconf 80' lang='lat'><strong>693</strong></span> <span class='ocrx_word' id='word_1_376' title='bbox 2036 1088 2364 1159; x_wconf 81' lang='lat' dir='ltr'><strong>Dill&#39;ugiente,</strong></span> <span class='ocrx_word' id='word_1_377' title='bbox 2395 1098 2631 1159; x_wconf 86' lang='lat' dir='ltr'><strong>gemens,</strong></span> <span class='ocrx_word' id='word_1_378' title='bbox 2665 1090 2936 1146; x_wconf 77' lang='lat' dir='ltr'><strong>oculorum</strong></span> <span class='ocrx_word' id='word_1_379' title='bbox 2968 1092 3084 1146; x_wconf 80' lang='lat' dir='ltr'><strong>iure</strong></span> <span class='ocrx_word' id='word_1_380' title='bbox 3114 1092 3387 1155; x_wconf 76' lang='lat' dir='ltr'><strong>fenestris;</strong></span> 
     </span>
    </p>
   </div>
   <div class='ocr_carea' id='block_1_63' title="bbox 2035 1179 3301 1248">
    <p class='ocr_par' dir='ltr' id='par_1_63' title="bbox 2035 1179 3301 1248">
     <span class='ocr_line' id='line_1_63' title="bbox 2035 1179 3301 1248; baseline 0 -16"><span class='ocrx_word' id='word_1_381' title='bbox 2035 1179 2149 1245; x_wconf 85' lang='lat' dir='ltr'><strong>Quo</strong></span> <span class='ocrx_word' id='word_1_382' title='bbox 2179 1179 2358 1247; x_wconf 74' lang='lat' dir='ltr'><strong>procul</strong></span> <span class='ocrx_word' id='word_1_383' title='bbox 2385 1188 2443 1231; x_wconf 88' lang='lat' dir='ltr'><strong>ut</strong></span> <span class='ocrx_word' id='word_1_384' title='bbox 2470 1180 2611 1248; x_wconf 83' lang='lat' dir='ltr'><strong>tetigi</strong></span> <span class='ocrx_word' id='word_1_385' title='bbox 2637 1179 2916 1233; x_wconf 85' lang='lat' dir='ltr'><strong>benedicto</strong></span> <span class='ocrx_word' id='word_1_386' title='bbox 2939 1179 3112 1234; x_wconf 90' lang='lat' dir='ltr'><strong>lumen</strong></span> <span class='ocrx_word' id='word_1_387' title='bbox 3140 1180 3301 1244; x_wconf 84' lang='lat' dir='ltr'><strong>olivo,</strong></span> 
     </span>
    </p>
   </div>
   <div class='ocr_carea' id='block_1_64' title="bbox 2038 1267 3275 1337">
    <p class='ocr_par' dir='ltr' id='par_1_64' title="bbox 2038 1267 3275 1337">
     <span class='ocr_line' id='line_1_64' title="bbox 2038 1267 3275 1337; baseline -0.001 -16"><span class='ocrx_word' id='word_1_388' title='bbox 2038 1267 2223 1337; x_wconf 86' lang='lat' dir='ltr'><strong>lgneus</strong></span> <span class='ocrx_word' id='word_1_389' title='bbox 2248 1268 2336 1322; x_wconf 90' lang='lat' dir='ltr'><strong>ille</strong></span> <span class='ocrx_word' id='word_1_390' title='bbox 2361 1282 2526 1335; x_wconf 84' lang='lat' dir='ltr'><strong>vapor</strong></span> <span class='ocrx_word' id='word_1_391' title='bbox 2552 1269 2803 1321; x_wconf 87' lang='lat' dir='ltr'><strong>marcenti</strong></span> <span class='ocrx_word' id='word_1_392' title='bbox 2834 1269 3006 1322; x_wconf 78' lang='lat' dir='ltr'><strong>fronte</strong></span> <span class='ocrx_word' id='word_1_393' title='bbox 3037 1270 3275 1333; x_wconf 80' lang='lat' dir='ltr'><strong>recessit,</strong></span> 
     </span>
    </p>
   </div>
   <div class='ocr_carea' id='block_1_65' title="bbox 2040 1355 3444 1427">
    <p class='ocr_par' dir='ltr' id='par_1_65' title="bbox 2040 1355 3444 1427">
     <span class='ocr_line' id='line_1_65' title="bbox 2040 1355 3444 1427; baseline 0 -18"><span class='ocrx_word' id='word_1_394' title='bbox 2040 1355 2105 1409; x_wconf 82' lang='lat' dir='ltr'><strong>Et</strong></span> <span class='ocrx_word' id='word_1_395' title='bbox 2130 1370 2365 1425; x_wconf 66' lang='lat' dir='ltr'><strong>prmsens</strong></span> <span class='ocrx_word' id='word_1_396' title='bbox 2395 1356 2627 1411; x_wconf 89' lang='lat' dir='ltr'><strong>medicos</strong></span> <span class='ocrx_word' id='word_1_397' title='bbox 2650 1356 2844 1409; x_wconf 90' lang='lat' dir='ltr'><strong>blando</strong></span> <span class='ocrx_word' id='word_1_398' title='bbox 2875 1355 3018 1423; x_wconf 79' lang='lat' dir='ltr'><strong>fugat</strong></span> <span class='ocrx_word' id='word_1_399' title='bbox 3046 1357 3272 1427; x_wconf 84' lang='lat' dir='ltr'><strong>unguine</strong></span> <span class='ocrx_word' id='word_1_400' title='bbox 3304 1368 3444 1409; x_wconf 81' lang='lat' dir='ltr'><strong>mor-</strong></span> 
     </span>
    </p>
   </div>
   <div class='ocr_carea' id='block_1_66' title="bbox 3305 1445 3446 1517">
    <p class='ocr_par' dir='ltr' id='par_1_66' title="bbox 3305 1445 3446 1517">
     <span class='ocr_line' id='line_1_66' title="bbox 3305 1445 3446 1517; baseline 0 -19"><span class='ocrx_word' id='word_1_401' title='bbox 3305 1445 3446 1517; x_wconf 86' lang='lat' dir='ltr'><strong>[bos,</strong></span> 
     </span>
    </p>
   </div>
   <div class='ocr_carea' id='block_1_67' title="bbox 2037 1522 3351 1603">
    <p class='ocr_par' dir='ltr' id='par_1_67' title="bbox 2037 1522 3351 1603">
     <span class='ocr_line' id='line_1_67' title="bbox 2037 1522 3351 1603; baseline -0.001 -15"><span class='ocrx_word' id='word_1_402' title='bbox 2037 1522 2151 1588; x_wconf 79' lang='lat' dir='ltr'><strong>Non</strong></span> <span class='ocrx_word' id='word_1_403' title='bbox 2174 1534 2334 1590; x_wconf 88' lang='lat' dir='ltr'><strong>oblita</strong></span> <span class='ocrx_word' id='word_1_404' title='bbox 2368 1532 2492 1585; x_wconf 88' lang='lat' dir='ltr'><strong>mihi</strong></span> <span class='ocrx_word' id='word_1_405' title='bbox 2526 1547 2639 1603; x_wconf 87' lang='lat' dir='ltr'><strong>mea</strong></span> <span class='ocrx_word' id='word_1_406' title='bbox 2667 1533 2881 1595; x_wconf 89' lang='lat' dir='ltr'><strong>lumina,</strong></span> <span class='ocrx_word' id='word_1_407' title='bbox 2915 1547 3130 1587; x_wconf 88' lang='lat' dir='ltr'><strong>munera</strong></span> <span class='ocrx_word' id='word_1_408' title='bbox 3161 1536 3351 1598; x_wconf 86' lang='lat' dir='ltr'><strong>sancti,</strong></span> 
     </span>
    </p>
   </div>
   <div class='ocr_carea' id='block_1_68' title="bbox 1897 1620 3358 1683">
    <p class='ocr_par' dir='ltr' id='par_1_68' title="bbox 1897 1620 3358 1683">
     <span class='ocr_line' id='line_1_68' title="bbox 1897 1620 3358 1683; baseline 0 -9"><span class='ocrx_word' id='word_1_409' title='bbox 1897 1622 2002 1677; x_wconf 89' lang='lat'><strong>700</strong></span> <span class='ocrx_word' id='word_1_410' title='bbox 2037 1622 2168 1676; x_wconf 88' lang='lat' dir='ltr'><strong>Nam</strong></span> <span class='ocrx_word' id='word_1_411' title='bbox 2194 1622 2331 1676; x_wconf 86' lang='lat' dir='ltr'><strong>redit</strong></span> <span class='ocrx_word' id='word_1_412' title='bbox 2354 1632 2476 1675; x_wconf 89' lang='lat' dir='ltr'><strong>ante</strong></span> <span class='ocrx_word' id='word_1_413' title='bbox 2503 1621 2683 1675; x_wconf 89' lang='lat' dir='ltr'><strong>oculos</strong></span> <span class='ocrx_word' id='word_1_414' title='bbox 2712 1620 2983 1676; x_wconf 90' lang='lat' dir='ltr'><strong>oculorum</strong></span> <span class='ocrx_word' id='word_1_415' title='bbox 3014 1635 3138 1677; x_wconf 90' lang='lat' dir='ltr'><strong>cura</strong></span> <span class='ocrx_word' id='word_1_416' title='bbox 3169 1622 3358 1683; x_wconf 73' lang='lat' dir='ltr'><strong>tidelis,</strong></span> 
     </span>
    </p>
   </div>
   <div class='ocr_carea' id='block_1_69' title="bbox 2034 1710 3439 1781">
    <p class='ocr_par' dir='ltr' id='par_1_69' title="bbox 2034 1710 3439 1781">
     <span class='ocr_line' id='line_1_69' title="bbox 2034 1710 3439 1781; baseline -0.003 -12"><span class='ocrx_word' id='word_1_417' title='bbox 2034 1715 2100 1769; x_wconf 83' lang='lat' dir='ltr'><strong>Et</strong></span> <span class='ocrx_word' id='word_1_418' title='bbox 2125 1729 2326 1769; x_wconf 89' lang='lat' dir='ltr'><strong>memor</strong></span> <span class='ocrx_word' id='word_1_419' title='bbox 2348 1715 2470 1769; x_wconf 89' lang='lat' dir='ltr'><strong>illud</strong></span> <span class='ocrx_word' id='word_1_420' title='bbox 2492 1729 2605 1779; x_wconf 90' lang='lat' dir='ltr'><strong>ero,</strong></span> <span class='ocrx_word' id='word_1_421' title='bbox 2635 1714 2758 1767; x_wconf 83' lang='lat' dir='ltr'><strong>dum</strong></span> <span class='ocrx_word' id='word_1_422' title='bbox 2780 1714 2894 1767; x_wconf 91' lang='lat' dir='ltr'><strong>luce</strong></span> <span class='ocrx_word' id='word_1_423' title='bbox 2914 1722 2966 1768; x_wconf 92' lang='lat' dir='ltr'><strong>et</strong></span> <span class='ocrx_word' id='word_1_424' title='bbox 2987 1718 3212 1781; x_wconf 82' lang='lat' dir='ltr'><strong>corpore</strong></span> <span class='ocrx_word' id='word_1_425' title='bbox 3230 1710 3439 1766; x_wconf 82' lang='lat' dir='ltr'><strong>consto.</strong></span> 
     </span>
    </p>
   </div>
   <div class='ocr_carea' id='block_1_70' title="bbox 2036 1801 3440 1873">
    <p class='ocr_par' dir='ltr' id='par_1_70' title="bbox 2036 1801 3440 1873">
     <span class='ocr_line' id='line_1_70' title="bbox 2036 1801 3440 1873; baseline -0.001 -15"><span class='ocrx_word' id='word_1_426' title='bbox 2036 1804 2335 1872; x_wconf 88' lang='lat' dir='ltr'><strong>Promptius</strong></span> <span class='ocrx_word' id='word_1_427' title='bbox 2366 1802 2576 1869; x_wconf 67' lang='lat' dir='ltr'><strong>alit-ctu,</strong></span> <span class='ocrx_word' id='word_1_428' title='bbox 2600 1801 2787 1872; x_wconf 79' lang='lat' dir='ltr'><strong>precor</strong></span> <span class='ocrx_word' id='word_1_429' title='bbox 2815 1803 2937 1858; x_wconf 89' lang='lat' dir='ltr'><strong>inde</strong></span> <span class='ocrx_word' id='word_1_430' title='bbox 2960 1802 3172 1873; x_wconf 88' lang='lat' dir='ltr'><strong>require</strong></span> <span class='ocrx_word' id='word_1_431' title='bbox 3192 1817 3229 1857; x_wconf 45' lang='lat' dir='ltr'><strong>s‘</strong></span> <span class='ocrx_word' id='word_1_432' title='bbox 3256 1803 3440 1867; x_wconf 85' lang='lat' dir='ltr'><strong>dales;</strong></span> 
     </span>
    </p>
   </div>
   <div class='ocr_carea' id='block_1_71' title="bbox 2036 1891 3285 1961">
    <p class='ocr_par' dir='ltr' id='par_1_71' title="bbox 2036 1891 3285 1961">
     <span class='ocr_line' id='line_1_71' title="bbox 2036 1891 3285 1961; baseline -0.003 -12"><span class='ocrx_word' id='word_1_433' title='bbox 2036 1894 2091 1949; x_wconf 90' lang='lat' dir='ltr'><strong>Si</strong></span> <span class='ocrx_word' id='word_1_434' title='bbox 2114 1892 2275 1949; x_wconf 85' lang='lat' dir='ltr'><strong>sociis</strong></span> <span class='ocrx_word' id='word_1_435' title='bbox 2304 1894 2553 1961; x_wconf 88' lang='lat' dir='ltr'><strong>loqueris,</strong></span> <span class='ocrx_word' id='word_1_436' title='bbox 2587 1893 2791 1951; x_wconf 82' lang='lat' dir='ltr'><strong>veniam</strong></span> <span class='ocrx_word' id='word_1_437' title='bbox 2822 1891 3017 1961; x_wconf 87' lang='lat' dir='ltr'><strong>pietate</strong></span> <span class='ocrx_word' id='word_1_438' title='bbox 3048 1892 3234 1945; x_wconf 89' lang='lat' dir='ltr'><strong>mereri</strong></span> <span class='ocrx_word' id='word_1_439' title='bbox 3272 1928 3285 1956; x_wconf 86' lang='lat'><strong>,</strong></span> 
     </span>
    </p>
   </div>
   <div class='ocr_carea' id='block_1_72' title="bbox 2032 1982 3445 2051">
    <p class='ocr_par' dir='ltr' id='par_1_72' title="bbox 2032 1982 3445 2051">
     <span class='ocr_line' id='line_1_72' title="bbox 2032 1982 3445 2051; baseline 0.001 -15"><span class='ocrx_word' id='word_1_440' title='bbox 2032 1982 2251 2051; x_wconf 79' lang='lat' dir='ltr'><strong>Porrigo</strong></span> <span class='ocrx_word' id='word_1_441' title='bbox 2281 1982 2551 2035; x_wconf 88' lang='lat' dir='ltr'><strong>materiam</strong></span> <span class='ocrx_word' id='word_1_442' title='bbox 2582 1984 2773 2050; x_wconf 83' lang='lat' dir='ltr'><strong>quibus</strong></span> <span class='ocrx_word' id='word_1_443' title='bbox 2804 1983 2939 2036; x_wconf 84' lang='lat' dir='ltr'><strong>hanc</strong></span> <span class='ocrx_word' id='word_1_444' title='bbox 2969 1998 3067 2050; x_wconf 85' lang='lat' dir='ltr'><strong>ego</strong></span> <span class='ocrx_word' id='word_1_445' title='bbox 3088 2023 3101 2045; x_wconf 94' lang='lat'><strong>,</strong></span> <span class='ocrx_word' id='word_1_446' title='bbox 3129 1993 3188 2037; x_wconf 87' lang='lat' dir='ltr'><strong>ut</strong></span> <span class='ocrx_word' id='word_1_447' title='bbox 3218 1997 3312 2037; x_wconf 92' lang='lat' dir='ltr'><strong>ore</strong></span> <span class='ocrx_word' id='word_1_448' title='bbox 3357 1997 3445 2037; x_wconf 90' lang='lat' dir='ltr'><strong>ro-</strong></span> 
     </span>
    </p>
   </div>
   <div class='ocr_carea' id='block_1_73' title="bbox 2456 2070 3443 2142">
    <p class='ocr_par' dir='ltr' id='par_1_73' title="bbox 2456 2070 3443 2142">
     <span class='ocr_line' id='line_1_73' title="bbox 2456 2070 3443 2142; baseline 0.001 -20"><span class='ocrx_word' id='word_1_449' title='bbox 2456 2078 2461 2083; x_wconf 83' lang='lat'><em>&#39;</em></span> <span class='ocrx_word' id='word_1_450' title='bbox 2527 2111 2529 2115; x_wconf 59' lang='grc' dir='ltr'><strong>ς</strong></span> <span class='ocrx_word' id='word_1_451' title='bbox 3238 2070 3443 2142; x_wconf 62' lang='lat' dir='ltr'><strong>[tandm</strong></span> 
     </span>
    </p>
   </div>
   <div class='ocr_carea' id='block_1_74' title="bbox 1891 2149 3245 2233">
    <p class='ocr_par' dir='ltr' id='par_1_74' title="bbox 1891 2149 3245 2233">
     <span class='ocr_line' id='line_1_74' title="bbox 1891 2149 3245 2233; baseline -0.004 -15"><span class='ocrx_word' id='word_1_452' title='bbox 1891 2164 1994 2221; x_wconf 78' lang='grc' dir='ltr'><strong>’ῖοὸ</strong></span> <span class='ocrx_word' id='word_1_453' title='bbox 2031 2164 2239 2219; x_wconf 77' lang='lat' dir='ltr'><strong>Martini</strong></span> <span class='ocrx_word' id='word_1_454' title='bbox 2264 2149 2433 2233; x_wconf 89' lang='lat' dir='ltr'><strong>gestis</strong></span> <span class='ocrx_word' id='word_1_455' title='bbox 2462 2161 2703 2216; x_wconf 83' lang='lat' dir='ltr'><strong>ﬂorentia</strong></span> <span class='ocrx_word' id='word_1_456' title='bbox 2729 2161 2961 2214; x_wconf 82' lang='lat' dir='ltr'><strong>carmina</strong></span> <span class='ocrx_word' id='word_1_457' title='bbox 2991 2170 3245 2227; x_wconf 83' lang='lat' dir='ltr'><strong>pangant;</strong></span> 
     </span>
    </p>
   </div>
   <div class='ocr_carea' id='block_1_75' title="bbox 2030 2247 3383 2322">
    <p class='ocr_par' dir='ltr' id='par_1_75' title="bbox 2030 2247 3383 2322">
     <span class='ocr_line' id='line_1_75' title="bbox 2030 2247 3383 2322; baseline -0.004 -14"><span class='ocrx_word' id='word_1_458' title='bbox 2030 2253 2101 2307; x_wconf 86' lang='lat' dir='ltr'><strong>Et</strong></span> <span class='ocrx_word' id='word_1_459' title='bbox 2126 2251 2270 2308; x_wconf 79' lang='lat' dir='ltr'><strong>claro</strong></span> <span class='ocrx_word' id='word_1_460' title='bbox 2300 2251 2516 2322; x_wconf 85' lang='lat' dir='ltr'><strong>ingenio</strong></span> <span class='ocrx_word' id='word_1_461' title='bbox 2546 2259 2724 2306; x_wconf 82' lang='lat' dir='ltr'><strong>texant</strong></span> <span class='ocrx_word' id='word_1_462' title='bbox 2752 2247 3044 2318; x_wconf 83' lang='lat' dir='ltr'><strong>spargenda</strong></span> <span class='ocrx_word' id='word_1_463' title='bbox 3069 2263 3159 2317; x_wconf 89' lang='lat' dir='ltr'><strong>per</strong></span> <span class='ocrx_word' id='word_1_464' title='bbox 3184 2258 3383 2303; x_wconf 92' lang='lat' dir='ltr'><strong>ortum.</strong></span> 
     </span>
    </p>
   </div>
   <div class='ocr_carea' id='block_1_76' title="bbox 2030 2342 3368 2412">
    <p class='ocr_par' dir='ltr' id='par_1_76' title="bbox 2030 2342 3368 2412">
     <span class='ocr_line' id='line_1_76' title="bbox 2030 2342 3368 2412; baseline -0.006 -9"><span class='ocrx_word' id='word_1_465' title='bbox 2030 2349 2122 2404; x_wconf 78' lang='lat' dir='ltr'><strong>Vir</strong></span> <span class='ocrx_word' id='word_1_466' title='bbox 2154 2349 2366 2403; x_wconf 86' lang='lat' dir='ltr'><strong>radians</strong></span> <span class='ocrx_word' id='word_1_467' title='bbox 2392 2342 2591 2400; x_wconf 85' lang='lat' dir='ltr'><strong>meritis</strong></span> <span class='ocrx_word' id='word_1_468' title='bbox 2613 2342 2736 2399; x_wconf 76' lang='lat' dir='ltr'><strong>iice&#39;t</strong></span> <span class='ocrx_word' id='word_1_469' title='bbox 2757 2344 2848 2398; x_wconf 90' lang='lat' dir='ltr'><strong>ille</strong></span> <span class='ocrx_word' id='word_1_470' title='bbox 2874 2357 2971 2397; x_wconf 88' lang='lat' dir='ltr'><strong>nec</strong></span> <span class='ocrx_word' id='word_1_471' title='bbox 2998 2342 3194 2412; x_wconf 80' lang='lat' dir='ltr'><strong>indiget</strong></span> <span class='ocrx_word' id='word_1_472' title='bbox 3224 2343 3368 2408; x_wconf 69' lang='lat' dir='ltr'><strong>istis,</strong></span> 
     </span>
    </p>
   </div>
   <div class='ocr_carea' id='block_1_77' title="bbox 2029 2422 3405 2504">
    <p class='ocr_par' dir='ltr' id='par_1_77' title="bbox 2029 2422 3405 2504">
     <span class='ocr_line' id='line_1_77' title="bbox 2029 2422 3405 2504; baseline -0.009 -11"><span class='ocrx_word' id='word_1_473' title='bbox 2029 2438 2207 2493; x_wconf 84' lang='lat' dir='ltr'><strong>Gratia</strong></span> <span class='ocrx_word' id='word_1_474' title='bbox 2237 2422 2390 2504; x_wconf 78' lang='lat' dir='ltr'><strong>cujus</strong></span> <span class='ocrx_word' id='word_1_475' title='bbox 2418 2448 2580 2488; x_wconf 90' lang='lat' dir='ltr'><strong>ovans</strong></span> <span class='ocrx_word' id='word_1_476' title='bbox 2602 2448 2663 2485; x_wconf 90' lang='lat' dir='ltr'><strong>ac</strong></span> <span class='ocrx_word' id='word_1_477' title='bbox 2694 2433 2830 2486; x_wconf 81' lang='lat' dir='ltr'><strong>fama</strong></span> <span class='ocrx_word' id='word_1_478' title='bbox 2860 2431 2960 2486; x_wconf 89' lang='lat' dir='ltr'><strong>iter</strong></span> <span class='ocrx_word' id='word_1_479' title='bbox 2981 2428 3201 2497; x_wconf 79' lang='lat' dir='ltr'><strong>oecupat</strong></span> <span class='ocrx_word' id='word_1_480' title='bbox 3231 2429 3405 2495; x_wconf 84' lang='lat' dir='ltr'><strong>orbis,</strong></span> 
     </span>
    </p>
   </div>
   <div class='ocr_carea' id='block_1_78' title="bbox 2025 2522 3443 2592">
    <p class='ocr_par' dir='ltr' id='par_1_78' title="bbox 2025 2522 3443 2592">
     <span class='ocr_line' id='line_1_78' title="bbox 2025 2522 3443 2592; baseline -0.004 -13"><span class='ocrx_word' id='word_1_481' title='bbox 2025 2528 2162 2579; x_wconf 81' lang='lat' dir='ltr'><strong>Arva</strong></span> <span class='ocrx_word' id='word_1_482' title='bbox 2192 2539 2393 2592; x_wconf 78' lang='lat' dir='ltr'><strong>capas,</strong></span> <span class='ocrx_word' id='word_1_483' title='bbox 2427 2524 2643 2591; x_wconf 85' lang='lat' dir='ltr'><strong>pelagus</strong></span> <span class='ocrx_word' id='word_1_484' title='bbox 2676 2522 2921 2583; x_wconf 73' lang='lat' dir='ltr'><strong>‘intrans,</strong></span> <span class='ocrx_word' id='word_1_485' title='bbox 2960 2534 3119 2587; x_wconf 84' lang='lat' dir='ltr'><strong>super</strong></span> <span class='ocrx_word' id='word_1_486' title='bbox 3155 2529 3296 2574; x_wconf 85' lang='lat' dir='ltr'><strong>astra</strong></span> <span class='ocrx_word' id='word_1_487' title='bbox 3349 2534 3443 2574; x_wconf 85' lang='lat' dir='ltr'><strong>co-</strong></span> 
     </span>
    </p>
   </div>
   <div class='ocr_carea' id='block_1_79' title="bbox 3182 2610 3444 2677">
    <p class='ocr_par' dir='ltr' id='par_1_79' title="bbox 3182 2610 3444 2677">
     <span class='ocr_line' id='line_1_79' title="bbox 3182 2610 3444 2677; baseline 0.004 -17"><span class='ocrx_word' id='word_1_488' title='bbox 3182 2610 3444 2677; x_wconf 68' lang='lat' dir='ltr'><strong>lruscans,</strong></span> 
     </span>
    </p>
   </div>
   <div class='ocr_carea' id='block_1_80' title="bbox 1887 2696 3329 2767">
    <p class='ocr_par' dir='ltr' id='par_1_80' title="bbox 1887 2696 3329 2767">
     <span class='ocr_line' id='line_1_80' title="bbox 1887 2696 3329 2767; baseline -0.006 -10"><span class='ocrx_word' id='word_1_489' title='bbox 1887 2705 1991 2760; x_wconf 79' lang='grc'><strong>710</strong></span> <span class='ocrx_word' id='word_1_490' title='bbox 2030 2701 2356 2757; x_wconf 88' lang='lat' dir='ltr'><strong>Distribuens</strong></span> <span class='ocrx_word' id='word_1_491' title='bbox 2378 2700 2536 2754; x_wconf 84' lang='lat' dir='ltr'><strong>miras</strong></span> <span class='ocrx_word' id='word_1_492' title='bbox 2564 2698 2770 2767; x_wconf 86' lang='lat' dir='ltr'><strong>populis</strong></span> <span class='ocrx_word' id='word_1_493' title='bbox 2798 2711 2887 2761; x_wconf 87' lang='lat' dir='ltr'><strong>pro</strong></span> <span class='ocrx_word' id='word_1_494' title='bbox 2914 2698 3050 2764; x_wconf 86' lang='lat' dir='ltr'><strong>stipe</strong></span> <span class='ocrx_word' id='word_1_495' title='bbox 3078 2696 3329 2757; x_wconf 79' lang='lat' dir='ltr'><strong>medelas,</strong></span> 
     </span>
    </p>
   </div>
   <div class='ocr_carea' id='block_1_81' title="bbox 2024 2779 3481 2859">
    <p class='ocr_par' dir='ltr' id='par_1_81' title="bbox 2024 2779 3481 2859">
     <span class='ocr_line' id='line_1_81' title="bbox 2024 2779 3481 2859; baseline -0.005 -14"><span class='ocrx_word' id='word_1_496' title='bbox 2024 2792 2125 2859; x_wconf 84' lang='lat' dir='ltr'><strong>Qui</strong></span> <span class='ocrx_word' id='word_1_497' title='bbox 2157 2779 2385 2845; x_wconf 78' lang='lat' dir='ltr'><strong>Domino</strong></span> <span class='ocrx_word' id='word_1_498' title='bbox 2415 2782 2721 2842; x_wconf 76' lang='lat' dir='ltr'><strong>tumulando</strong></span> <span class='ocrx_word' id='word_1_499' title='bbox 2750 2802 2847 2841; x_wconf 89' lang='lat' dir='ltr'><strong>suo</strong></span> <span class='ocrx_word' id='word_1_500' title='bbox 2877 2788 3016 2854; x_wconf 85' lang='lat' dir='ltr'><strong>capit</strong></span> <span class='ocrx_word' id='word_1_501' title='bbox 3042 2788 3215 2840; x_wconf 86' lang='lat' dir='ltr'><strong>omnia</strong></span> <span class='ocrx_word' id='word_1_502' title='bbox 3244 2787 3403 2851; x_wconf 80' lang='lat' dir='ltr'><strong>dano,</strong></span> <span class='ocrx_word' id='word_1_503' title='bbox 3479 2834 3481 2837; x_wconf 77' lang='grc'>,</span> 
     </span>
    </p>
   </div>
   <div class='ocr_carea' id='block_1_82' title="bbox 2026 2869 3436 2951">
    <p class='ocr_par' dir='ltr' id='par_1_82' title="bbox 2026 2869 3436 2951">
     <span class='ocr_line' id='line_1_82' title="bbox 2026 2869 3436 2951; baseline -0.004 -14"><span class='ocrx_word' id='word_1_504' title='bbox 2026 2884 2091 2937; x_wconf 86' lang='lat' dir='ltr'><strong>Et</strong></span> <span class='ocrx_word' id='word_1_505' title='bbox 2108 2896 2211 2951; x_wconf 89' lang='lat' dir='ltr'><strong>quo</strong></span> <span class='ocrx_word' id='word_1_506' title='bbox 2223 2882 2464 2937; x_wconf 79' lang='lat' dir='ltr'><strong>Christus</strong></span> <span class='ocrx_word' id='word_1_507' title='bbox 2486 2881 2637 2935; x_wconf 84' lang='lat' dir='ltr'><strong>habet</strong></span> <span class='ocrx_word' id='word_1_508' title='bbox 2654 2888 2862 2945; x_wconf 85' lang='lat' dir='ltr'><strong>nomen,</strong></span> <span class='ocrx_word' id='word_1_509' title='bbox 2888 2869 3142 2933; x_wconf 80' lang='lat' dir='ltr'><strong>Martinus</strong></span> <span class='ocrx_word' id='word_1_510' title='bbox 3162 2876 3436 2932; x_wconf 81' lang='lat' dir='ltr'><strong>honorent.</strong></span> 
     </span>
    </p>
   </div>
   <div class='ocr_carea' id='block_1_83' title="bbox 1888 3095 3441 3194">
    <p class='ocr_par' dir='ltr' id='par_1_83' title="bbox 1888 3095 3441 3194">
     <span class='ocr_line' id='line_1_83' title="bbox 1888 3095 3441 3194; baseline 0 -15"><span class='ocrx_word' id='word_1_511' title='bbox 1888 3127 2017 3193; x_wconf 69' lang='lat' dir='ltr'><strong>Qu’s</strong></span> <span class='ocrx_word' id='word_1_512' title='bbox 2041 3127 2182 3181; x_wconf 83' lang='lat' dir='ltr'><strong>enim</strong></span> <span class='ocrx_word' id='word_1_513' title='bbox 2212 3124 2474 3189; x_wconf 85' lang='lat' dir='ltr'><strong>crederet,</strong></span> <span class='ocrx_word' id='word_1_514' title='bbox 2506 3126 2693 3194; x_wconf 85' lang='lat' dir='ltr'><strong>inquit,</strong></span> <span class='ocrx_word' id='word_1_515' title='bbox 2719 3111 2917 3179; x_wconf 82' lang='lat' dir='ltr'><strong>Padum</strong></span> <span class='ocrx_word' id='word_1_516' title='bbox 2943 3095 3144 3193; x_wconf 69' lang='lat' dir='ltr'><strong>ingredi</strong></span> <span class='ocrx_word' id='word_1_517' title='bbox 3166 3126 3441 3181; x_wconf 79' lang='lat' dir='ltr'><strong>Athesim?</strong></span> 
     </span>
    </p>
   </div>
   <div class='ocr_carea' id='block_1_84' title="bbox 1886 3195 3439 3262">
    <p class='ocr_par' dir='ltr' id='par_1_84' title="bbox 1886 3195 3439 3262">
     <span class='ocr_line' id='line_1_84' title="bbox 1886 3195 3439 3262; baseline 0 -13"><span class='ocrx_word' id='word_1_518' title='bbox 1886 3226 1956 3237; x_wconf 96' lang='lat'><strong>—</strong></span> <span class='ocrx_word' id='word_1_519' title='bbox 1974 3198 2112 3250; x_wconf 83' lang='lat' dir='ltr'><strong>Idem</strong></span> <span class='ocrx_word' id='word_1_520' title='bbox 2140 3195 2410 3249; x_wconf 86' lang='lat' dir='ltr'><strong>Cluverius</strong></span> <span class='ocrx_word' id='word_1_521' title='bbox 2437 3205 2635 3260; x_wconf 89' lang='lat' dir='ltr'><strong>narrat,</strong></span> <span class='ocrx_word' id='word_1_522' title='bbox 2664 3210 2754 3248; x_wconf 90' lang='lat' dir='ltr'><strong>eos</strong></span> <span class='ocrx_word' id='word_1_523' title='bbox 2784 3199 2871 3262; x_wconf 89' lang='lat' dir='ltr'><strong>qni</strong></span> <span class='ocrx_word' id='word_1_524' title='bbox 2899 3195 3159 3262; x_wconf 80' lang='lat' dir='ltr'><strong>scripsere</strong></span> <span class='ocrx_word' id='word_1_525' title='bbox 3191 3196 3439 3249; x_wconf 74' lang='lat' dir='ltr'><strong>Retenoue</strong></span> 
     </span>
    </p>
   </div>
   <div class='ocr_carea' id='block_1_85' title="bbox 1884 3264 3436 3330">
    <p class='ocr_par' dir='ltr' id='par_1_85' title="bbox 1884 3264 3436 3330">
     <span class='ocr_line' id='line_1_85' title="bbox 1884 3264 3436 3330; baseline 0 -11"><span class='ocrx_word' id='word_1_526' title='bbox 1884 3266 2101 3321; x_wconf 79' lang='lat' dir='ltr'><strong>secundo</strong></span> <span class='ocrx_word' id='word_1_527' title='bbox 2123 3264 2452 3322; x_wconf 82' lang='lat' dir='ltr'><strong>existimasse</strong></span> <span class='ocrx_word' id='word_1_528' title='bbox 2476 3266 2615 3317; x_wconf 90' lang='lat' dir='ltr'><strong>hunc</strong></span> <span class='ocrx_word' id='word_1_529' title='bbox 2643 3272 2851 3330; x_wconf 80' lang='lat' dir='ltr'><strong>amnem</strong></span> <span class='ocrx_word' id='word_1_530' title='bbox 2883 3265 2948 3330; x_wconf 85' lang='lat' dir='ltr'><strong>de</strong></span> <span class='ocrx_word' id='word_1_531' title='bbox 2978 3278 3081 3330; x_wconf 89' lang='lat' dir='ltr'><strong>quo</strong></span> <span class='ocrx_word' id='word_1_532' title='bbox 3104 3264 3186 3330; x_wconf 87' lang='lat' dir='ltr'><strong>hic</strong></span> <span class='ocrx_word' id='word_1_533' title='bbox 3217 3264 3436 3319; x_wconf 79' lang='lat' dir='ltr'><strong>Fet-tun.</strong></span> 
     </span>
    </p>
   </div>
   <div class='ocr_carea' id='block_1_86' title="bbox 1885 3323 3541 3403">
    <p class='ocr_par' dir='ltr' id='par_1_86' title="bbox 1885 3323 3541 3403">
     <span class='ocr_line' id='line_1_86' title="bbox 1885 3323 3541 3403; baseline -0.001 -17"><span class='ocrx_word' id='word_1_534' title='bbox 1885 3348 2002 3403; x_wconf 83' lang='lat' dir='ltr'><strong>esse</strong></span> <span class='ocrx_word' id='word_1_535' title='bbox 2029 3334 2238 3385; x_wconf 79' lang='lat' dir='ltr'><strong>ﬂuvium</strong></span> <span class='ocrx_word' id='word_1_536' title='bbox 2270 3333 2543 3403; x_wconf 60' lang='lat' dir='ltr'><strong>(lenonem,</strong></span> <span class='ocrx_word' id='word_1_537' title='bbox 2575 3330 2736 3403; x_wconf 76' lang='lat' dir='ltr'><strong>quiin</strong></span> <span class='ocrx_word' id='word_1_538' title='bbox 2768 3323 2877 3398; x_wconf 77' lang='lat' dir='ltr'><strong>ipsa</strong></span> <span class='ocrx_word' id='word_1_539' title='bbox 2899 3323 3061 3403; x_wconf 64' lang='lat' dir='ltr'><strong>{urbe</strong></span> <span class='ocrx_word' id='word_1_540' title='bbox 3101 3328 3357 3403; x_wconf 37' lang='lat' dir='ltr'><strong>licentia,</strong></span> <span class='ocrx_word' id='word_1_541' title='bbox 3386 3334 3438 3385; x_wconf 90' lang='lat' dir='ltr'><strong>itt</strong></span> <span class='ocrx_word' id='word_1_542' title='bbox 3540 3400 3541 3403; x_wconf 17' lang='grc' dir='ltr'><strong>η</strong></span> 
     </span>
    </p>
   </div>
   <div class='ocr_carea' id='block_1_87' title="bbox 1883 3388 3440 3468">
    <p class='ocr_par' dir='ltr' id='par_1_87' title="bbox 1883 3388 3440 3468">
     <span class='ocr_line' id='line_1_87' title="bbox 1883 3388 3440 3468; baseline 0 -16"><span class='ocrx_word' id='word_1_543' title='bbox 1883 3402 2189 3453; x_wconf 83' lang='lat' dir='ltr'><strong>Meduacum</strong></span> <span class='ocrx_word' id='word_1_544' title='bbox 2213 3400 2490 3468; x_wconf 74' lang='lat' dir='ltr'><strong>minorem,</strong></span> <span class='ocrx_word' id='word_1_545' title='bbox 2519 3388 2607 3464; x_wconf 79' lang='lat' dir='ltr'><strong>qui</strong></span> <span class='ocrx_word' id='word_1_546' title='bbox 2649 3388 2803 3468; x_wconf 72' lang='lat' dir='ltr'><strong>vulgo</strong></span> <span class='ocrx_word' id='word_1_547' title='bbox 2832 3388 2971 3468; x_wconf 65' lang='lat' dir='ltr'><strong>nunc</strong></span> <span class='ocrx_word' id='word_1_548' title='bbox 3021 3399 3062 3449; x_wconf 89' lang='lat' dir='ltr'><strong>il</strong></span> <span class='ocrx_word' id='word_1_549' title='bbox 3084 3388 3440 3468; x_wconf 73' lang='lat' dir='ltr'><strong>_Bacltiglioue</strong></span> 
     </span>
    </p>
   </div>
   <div class='ocr_carea' id='block_1_88' title="bbox 1884 3465 3433 3533">
    <p class='ocr_par' dir='ltr' id='par_1_88' title="bbox 1884 3465 3433 3533">
     <span class='ocr_line' id='line_1_88' title="bbox 1884 3465 3433 3533; baseline 0 -13"><span class='ocrx_word' id='word_1_550' title='bbox 1884 3468 2097 3529; x_wconf 85' lang='lat' dir='ltr'><strong>dicitur,</strong></span> <span class='ocrx_word' id='word_1_551' title='bbox 2122 3468 2325 3523; x_wconf 87' lang='lat' dir='ltr'><strong>transit.</strong></span> <span class='ocrx_word' id='word_1_552' title='bbox 2361 3465 2550 3518; x_wconf 86' lang='lat' dir='ltr'><strong>Verum</strong></span> <span class='ocrx_word' id='word_1_553' title='bbox 2582 3480 2684 3518; x_wconf 89' lang='lat' dir='ltr'><strong>non</strong></span> <span class='ocrx_word' id='word_1_554' title='bbox 2716 3465 2843 3517; x_wconf 86' lang='lat' dir='ltr'><strong>mihi</strong></span> <span class='ocrx_word' id='word_1_555' title='bbox 2876 3468 2987 3518; x_wconf 67' lang='lat' dir='ltr'><strong>haec</strong></span> <span class='ocrx_word' id='word_1_556' title='bbox 3010 3466 3190 3532; x_wconf 79' lang='lat' dir='ltr'><strong>Opinio</strong></span> <span class='ocrx_word' id='word_1_557' title='bbox 3234 3465 3433 3533; x_wconf 74' lang='lat' dir='ltr'><strong>impro-</strong></span> 
     </span>
    </p>
   </div>
   <div class='ocr_carea' id='block_1_89' title="bbox 1881 3533 3429 3602">
    <p class='ocr_par' dir='ltr' id='par_1_89' title="bbox 1881 3533 3429 3602">
     <span class='ocr_line' id='line_1_89' title="bbox 1881 3533 3429 3602; baseline 0.002 -15"><span class='ocrx_word' id='word_1_558' title='bbox 1881 3536 2051 3587; x_wconf 79' lang='lat' dir='ltr'><strong>Itanda</strong></span> <span class='ocrx_word' id='word_1_559' title='bbox 2081 3536 2312 3595; x_wconf 79' lang='lat' dir='ltr'><strong>videtur,</strong></span> <span class='ocrx_word' id='word_1_560' title='bbox 2334 3548 2449 3586; x_wconf 90' lang='lat' dir='ltr'><strong>cum</strong></span> <span class='ocrx_word' id='word_1_561' title='bbox 2478 3534 2759 3601; x_wconf 78' lang='lat' dir='ltr'><strong>Meduacus</strong></span> <span class='ocrx_word' id='word_1_562' title='bbox 2783 3533 2973 3597; x_wconf 90' lang='lat' dir='ltr'><strong>ntinor,</strong></span> <span class='ocrx_word' id='word_1_563' title='bbox 3000 3535 3049 3586; x_wconf 90' lang='lat' dir='ltr'><strong>in</strong></span> <span class='ocrx_word' id='word_1_564' title='bbox 3096 3550 3251 3602; x_wconf 87' lang='lat' dir='ltr'><strong>quem</strong></span> <span class='ocrx_word' id='word_1_565' title='bbox 3280 3535 3429 3590; x_wconf 71' lang='lat' dir='ltr'><strong>lieno</strong></span> 
     </span>
    </p>
   </div>
   <div class='ocr_carea' id='block_1_90' title="bbox 1880 3603 3430 3672">
    <p class='ocr_par' dir='ltr' id='par_1_90' title="bbox 1880 3603 3430 3672">
     <span class='ocr_line' id='line_1_90' title="bbox 1880 3603 3430 3672; baseline 0.001 -15"><span class='ocrx_word' id='word_1_566' title='bbox 1880 3603 2071 3667; x_wconf 86' lang='lat' dir='ltr'><strong>inlinit,</strong></span> <span class='ocrx_word' id='word_1_567' title='bbox 2092 3617 2157 3656; x_wconf 84' lang='lat' dir='ltr'><strong>ex</strong></span> <span class='ocrx_word' id='word_1_568' title='bbox 2189 3603 2489 3657; x_wconf 89' lang='lat' dir='ltr'><strong>testimonio</strong></span> <span class='ocrx_word' id='word_1_569' title='bbox 2517 3603 2749 3672; x_wconf 85' lang='lat' dir='ltr'><strong>Cluverii</strong></span> <span class='ocrx_word' id='word_1_570' title='bbox 2776 3612 2829 3659; x_wconf 90' lang='lat' dir='ltr'><strong>et</strong></span> <span class='ocrx_word' id='word_1_571' title='bbox 2856 3613 2911 3656; x_wconf 92' lang='lat' dir='ltr'><strong>ut</strong></span> <span class='ocrx_word' id='word_1_572' title='bbox 2952 3605 3048 3672; x_wconf 85' lang='lat' dir='ltr'><strong>ipsi</strong></span> <span class='ocrx_word' id='word_1_573' title='bbox 3074 3605 3333 3669; x_wconf 87' lang='lat' dir='ltr'><strong>novimus,</strong></span> <span class='ocrx_word' id='word_1_574' title='bbox 3366 3610 3430 3659; x_wconf 85' lang='lat' dir='ltr'><strong>ad</strong></span> 
     </span>
    </p>
   </div>
   <div class='ocr_carea' id='block_1_91' title="bbox 1881 3670 3483 3742">
    <p class='ocr_par' dir='ltr' id='par_1_91' title="bbox 1881 3670 3483 3742">
     <span class='ocr_line' id='line_1_91' title="bbox 1881 3670 3483 3742; baseline 0.002 -16"><span class='ocrx_word' id='word_1_575' title='bbox 1881 3673 2151 3726; x_wconf 89' lang='lat' dir='ltr'><strong>Patavium</strong></span> <span class='ocrx_word' id='word_1_576' title='bbox 2193 3678 2315 3742; x_wconf 85' lang='lat' dir='ltr'><strong>sese</strong></span> <span class='ocrx_word' id='word_1_577' title='bbox 2368 3672 2559 3725; x_wconf 78' lang='lat' dir='ltr'><strong>Brinta:</strong></span> <span class='ocrx_word' id='word_1_578' title='bbox 2606 3670 2915 3742; x_wconf 81' lang='lat' dir='ltr'><strong>admisceat,</strong></span> <span class='ocrx_word' id='word_1_579' title='bbox 2945 3670 2997 3726; x_wconf 80' lang='lat' dir='ltr'><strong>et</strong></span> <span class='ocrx_word' id='word_1_580' title='bbox 3049 3684 3165 3727; x_wconf 89' lang='lat' dir='ltr'><strong>cum</strong></span> <span class='ocrx_word' id='word_1_581' title='bbox 3224 3675 3333 3742; x_wconf 82' lang='lat' dir='ltr'><strong>ipsa</strong></span> <span class='ocrx_word' id='word_1_582' title='bbox 3386 3676 3437 3729; x_wconf 89' lang='lat' dir='ltr'><strong>iu</strong></span> <span class='ocrx_word' id='word_1_583' title='bbox 3478 3700 3483 3703; x_wconf 83' lang='grc'><strong><em>-</em></strong></span> 
     </span>
    </p>
   </div>
   <div class='ocr_carea' id='block_1_92' title="bbox 1880 3740 3439 3809">
    <p class='ocr_par' dir='ltr' id='par_1_92' title="bbox 1880 3740 3439 3809">
     <span class='ocr_line' id='line_1_92' title="bbox 1880 3740 3439 3809; baseline 0.001 -13"><span class='ocrx_word' id='word_1_584' title='bbox 1880 3743 2204 3796; x_wconf 85' lang='lat' dir='ltr'><strong>Adriaticum</strong></span> <span class='ocrx_word' id='word_1_585' title='bbox 2228 3740 2397 3804; x_wconf 86' lang='lat' dir='ltr'><strong>sinum</strong></span> <span class='ocrx_word' id='word_1_586' title='bbox 2420 3754 2481 3795; x_wconf 87' lang='lat' dir='ltr'><strong>se</strong></span> <span class='ocrx_word' id='word_1_587' title='bbox 2506 3741 2728 3809; x_wconf 82' lang='lat' dir='ltr'><strong>evolvat,</strong></span> <span class='ocrx_word' id='word_1_588' title='bbox 2756 3752 2809 3793; x_wconf 92' lang='lat' dir='ltr'><strong>nt</strong></span> <span class='ocrx_word' id='word_1_589' title='bbox 2838 3743 3058 3809; x_wconf 83' lang='lat' dir='ltr'><strong>proinde</strong></span> <span class='ocrx_word' id='word_1_590' title='bbox 3108 3740 3258 3796; x_wconf 80' lang='lat' dir='ltr'><strong>recte</strong></span> <span class='ocrx_word' id='word_1_591' title='bbox 3294 3744 3439 3798; x_wconf 79' lang='lat' dir='ltr'><strong>dixe-</strong></span> 
     </span>
    </p>
   </div>
   <div class='ocr_carea' id='block_1_93' title="bbox 1881 3810 3433 3879">
    <p class='ocr_par' dir='ltr' id='par_1_93' title="bbox 1881 3810 3433 3879">
     <span class='ocr_line' id='line_1_93' title="bbox 1881 3810 3433 3879; baseline -0.001 -14"><span class='ocrx_word' id='word_1_592' title='bbox 1881 3813 1950 3865; x_wconf 91' lang='lat' dir='ltr'><strong>rit</strong></span> <span class='ocrx_word' id='word_1_593' title='bbox 1980 3811 2199 3866; x_wconf 82' lang='lat' dir='ltr'><strong>Fortnn.</strong></span> <span class='ocrx_word' id='word_1_594' title='bbox 2235 3827 2248 3862; x_wconf 93' lang='lat'><strong>:</strong></span> <span class='ocrx_word' id='word_1_595' title='bbox 2282 3810 2380 3862; x_wconf 79' lang='lat' dir='ltr'><strong>Hic</strong></span> <span class='ocrx_word' id='word_1_596' title='bbox 2408 3812 2495 3862; x_wconf 80' lang='lat' dir='ltr'><strong>tibi</strong></span> <span class='ocrx_word' id='word_1_597' title='bbox 2526 3810 2702 3862; x_wconf 80' lang='lat' dir='ltr'><strong>Brittta</strong></span> <span class='ocrx_word' id='word_1_598' title='bbox 2743 3812 2928 3879; x_wconf 80' lang='lat' dir='ltr'><strong>ﬂuens,</strong></span> <span class='ocrx_word' id='word_1_599' title='bbox 2956 3822 3060 3864; x_wconf 90' lang='lat' dir='ltr'><strong>etc.</strong></span> <span class='ocrx_word' id='word_1_600' title='bbox 3114 3813 3262 3876; x_wconf 83' lang='lat' dir='ltr'><strong>Quod</strong></span> <span class='ocrx_word' id='word_1_601' title='bbox 3308 3830 3433 3865; x_wconf 70' lang='lat' dir='ltr'><strong>vero</strong></span> 
     </span>
    </p>
   </div>
   <div class='ocr_carea' id='block_1_94' title="bbox 1878 3879 3431 3945">
    <p class='ocr_par' dir='ltr' id='par_1_94' title="bbox 1878 3879 3431 3945">
     <span class='ocr_line' id='line_1_94' title="bbox 1878 3879 3431 3945; baseline 0 -11"><span class='ocrx_word' id='word_1_602' title='bbox 1878 3881 2121 3934; x_wconf 82' lang='lat' dir='ltr'><strong>sobditur</strong></span> <span class='ocrx_word' id='word_1_603' title='bbox 2156 3897 2168 3931; x_wconf 90' lang='lat'>:</span> <span class='ocrx_word' id='word_1_604' title='bbox 2194 3880 2474 3945; x_wconf 74' lang='lat' dir='ltr'><strong>ingrediens</strong></span> <span class='ocrx_word' id='word_1_605' title='bbox 2503 3879 2744 3939; x_wconf 78' lang='lat' dir='ltr'><strong>Athesim,</strong></span> <span class='ocrx_word' id='word_1_606' title='bbox 2769 3888 2895 3940; x_wconf 91' lang='lat' dir='ltr'><strong>etc.,</strong></span> <span class='ocrx_word' id='word_1_607' title='bbox 2920 3879 3097 3931; x_wconf 85' lang='lat' dir='ltr'><strong>malint</strong></span> <span class='ocrx_word' id='word_1_608' title='bbox 3132 3882 3199 3932; x_wconf 90' lang='lat' dir='ltr'><strong>ita</strong></span> <span class='ocrx_word' id='word_1_609' title='bbox 3234 3880 3431 3934; x_wconf 82' lang='lat' dir='ltr'><strong>dictum</strong></span> 
     </span>
    </p>
   </div>
   <div class='ocr_carea' id='block_1_95' title="bbox 1878 3947 3436 4014">
    <p class='ocr_par' dir='ltr' id='par_1_95' title="bbox 1878 3947 3436 4014">
     <span class='ocr_line' id='line_1_95' title="bbox 1878 3947 3436 4014; baseline 0.001 -13"><span class='ocrx_word' id='word_1_610' title='bbox 1878 3951 2119 4014; x_wconf 80' lang='lat' dir='ltr'><strong>accipere</strong></span> <span class='ocrx_word' id='word_1_611' title='bbox 2144 3961 2206 4000; x_wconf 86' lang='lat' dir='ltr'><strong>ac</strong></span> <span class='ocrx_word' id='word_1_612' title='bbox 2242 3947 2287 3999; x_wconf 90' lang='lat' dir='ltr'><strong>si</strong></span> <span class='ocrx_word' id='word_1_613' title='bbox 2310 3947 2572 3999; x_wconf 66' lang='lat' dir='ltr'><strong>dit-eretur</strong></span> <span class='ocrx_word' id='word_1_614' title='bbox 2606 3964 2618 3997; x_wconf 90' lang='lat'>:</span> <span class='ocrx_word' id='word_1_615' title='bbox 2652 3947 2926 4014; x_wconf 80' lang='lat' dir='ltr'><strong>ingrederis</strong></span> <span class='ocrx_word' id='word_1_616' title='bbox 2963 3947 3221 4011; x_wconf 78' lang='lat' dir='ltr'><strong>Athesim,-</strong></span> <span class='ocrx_word' id='word_1_617' title='bbox 3251 3959 3436 4003; x_wconf 84' lang='lat' dir='ltr'><strong>utnon</strong></span> 
     </span>
    </p>
   </div>
   <div class='ocr_carea' id='block_1_96' title="bbox 1878 4015 3430 4084">
    <p class='ocr_par' dir='ltr' id='par_1_96' title="bbox 1878 4015 3430 4084">
     <span class='ocr_line' id='line_1_96' title="bbox 1878 4015 3430 4084; baseline 0 -14"><span class='ocrx_word' id='word_1_618' title='bbox 1878 4018 1945 4070; x_wconf 88' lang='lat' dir='ltr'><strong>de</strong></span> <span class='ocrx_word' id='word_1_619' title='bbox 1968 4018 2123 4069; x_wconf 82' lang='lat' dir='ltr'><strong>ﬂuvio</strong></span> <span class='ocrx_word' id='word_1_620' title='bbox 2153 4015 2293 4068; x_wconf 82' lang='lat' dir='ltr'><strong>Pado</strong></span> <span class='ocrx_word' id='word_1_621' title='bbox 2332 4030 2507 4067; x_wconf 88' lang='lat' dir='ltr'><strong>sermo</strong></span> <span class='ocrx_word' id='word_1_622' title='bbox 2552 4015 2637 4077; x_wconf 87' lang='lat' dir='ltr'><strong>sit,</strong></span> <span class='ocrx_word' id='word_1_623' title='bbox 2663 4015 2752 4080; x_wconf 91' lang='lat' dir='ltr'><strong>qui</strong></span> <span class='ocrx_word' id='word_1_624' title='bbox 2797 4015 3038 4069; x_wconf 84' lang='lat' dir='ltr'><strong>Athesim</strong></span> <span class='ocrx_word' id='word_1_625' title='bbox 3081 4017 3430 4084; x_wconf 85' lang='lat' dir='ltr'><strong>ingrediatur,</strong></span> 
     </span>
    </p>
   </div>
   <div class='ocr_carea' id='block_1_97' title="bbox 1876 4084 3428 4149">
    <p class='ocr_par' dir='ltr' id='par_1_97' title="bbox 1876 4084 3428 4149">
     <span class='ocr_line' id='line_1_97' title="bbox 1876 4084 3428 4149; baseline 0.002 -12"><span class='ocrx_word' id='word_1_626' title='bbox 1876 4086 1968 4137; x_wconf 88' lang='lat' dir='ltr'><strong>sed</strong></span> <span class='ocrx_word' id='word_1_627' title='bbox 1993 4085 2057 4136; x_wconf 90' lang='lat' dir='ltr'><strong>ad</strong></span> <span class='ocrx_word' id='word_1_628' title='bbox 2082 4084 2310 4136; x_wconf 83' lang='lat' dir='ltr'><strong>libellum</strong></span> <span class='ocrx_word' id='word_1_629' title='bbox 2336 4084 2511 4136; x_wconf 81' lang='lat' dir='ltr'><strong>omnis</strong></span> <span class='ocrx_word' id='word_1_630' title='bbox 2530 4084 2781 4149; x_wconf 72' lang='lat' dir='ltr'><strong>dirigatur</strong></span> <span class='ocrx_word' id='word_1_631' title='bbox 2807 4085 2999 4137; x_wconf 90' lang='lat' dir='ltr'><strong>oratio.</strong></span> <span class='ocrx_word' id='word_1_632' title='bbox 3033 4084 3095 4137; x_wconf 86' lang='lat' dir='ltr'><strong>Et</strong></span> <span class='ocrx_word' id='word_1_633' title='bbox 3137 4100 3265 4138; x_wconf 89' lang='lat' dir='ltr'><strong>vero</strong></span> <span class='ocrx_word' id='word_1_634' title='bbox 3298 4085 3428 4140; x_wconf 84' lang='lat' dir='ltr'><strong>For-</strong></span> 
     </span>
    </p>
   </div>
   <div class='ocr_carea' id='block_1_98' title="bbox 1876 4153 3425 4221">
    <p class='ocr_par' dir='ltr' id='par_1_98' title="bbox 1876 4153 3425 4221">
     <span class='ocr_line' id='line_1_98' title="bbox 1876 4153 3425 4221; baseline 0.002 -16"><span class='ocrx_word' id='word_1_635' title='bbox 1876 4163 2091 4211; x_wconf 86' lang='lat' dir='ltr'><strong>tunatus</strong></span> <span class='ocrx_word' id='word_1_636' title='bbox 2135 4155 2189 4211; x_wconf 85' lang='lat' dir='ltr'><strong>in</strong></span> <span class='ocrx_word' id='word_1_637' title='bbox 2241 4154 2477 4206; x_wconf 88' lang='lat' dir='ltr'><strong>oratione</strong></span> <span class='ocrx_word' id='word_1_638' title='bbox 2532 4153 2781 4207; x_wconf 83' lang='lat' dir='ltr'><strong>struenda</strong></span> <span class='ocrx_word' id='word_1_639' title='bbox 2838 4154 3078 4207; x_wconf 88' lang='lat' dir='ltr'><strong>licentior</strong></span> <span class='ocrx_word' id='word_1_640' title='bbox 3138 4156 3425 4221; x_wconf 85' lang='lat' dir='ltr'><strong>aliquando</strong></span> 
     </span>
    </p>
   </div>
   <div class='ocr_carea' id='block_1_99' title="bbox 1876 4222 3427 4290">
    <p class='ocr_par' dir='ltr' id='par_1_99' title="bbox 1876 4222 3427 4290">
     <span class='ocr_line' id='line_1_99' title="bbox 1876 4222 3427 4290; baseline 0.001 -15"><span class='ocrx_word' id='word_1_641' title='bbox 1876 4224 2039 4275; x_wconf 70' lang='lat' dir='ltr'><strong>l‘uisse</strong></span> <span class='ocrx_word' id='word_1_642' title='bbox 2060 4222 2467 4290; x_wconf 86' lang='lat' dir='ltr'><strong>deprehenditur</strong></span> <span class='ocrx_word' id='word_1_643' title='bbox 2496 4238 2648 4290; x_wconf 87' lang='lat' dir='ltr'><strong>qnatn</strong></span> <span class='ocrx_word' id='word_1_644' title='bbox 2680 4238 2781 4275; x_wconf 91' lang='lat' dir='ltr'><strong>tton</strong></span> <span class='ocrx_word' id='word_1_645' title='bbox 2811 4224 2979 4276; x_wconf 88' lang='lat' dir='ltr'><strong>solum</strong></span> <span class='ocrx_word' id='word_1_646' title='bbox 3004 4223 3152 4275; x_wconf 87' lang='lat' dir='ltr'><strong>metri</strong></span> <span class='ocrx_word' id='word_1_647' title='bbox 3171 4263 3185 4286; x_wconf 90' lang='lat'><strong>,</strong></span> <span class='ocrx_word' id='word_1_648' title='bbox 3205 4224 3295 4275; x_wconf 87' lang='lat' dir='ltr'><strong>sed</strong></span> <span class='ocrx_word' id='word_1_649' title='bbox 3330 4224 3427 4278; x_wconf 78' lang='lat' dir='ltr'><strong>nec</strong></span> 
     </span>
    </p>
   </div>
   <div class='ocr_carea' id='block_1_100' title="bbox 1082 4288 3422 4369">
    <p class='ocr_par' dir='ltr' id='par_1_100' title="bbox 1082 4288 3422 4369">
     <span class='ocr_line' id='line_1_100' title="bbox 1082 4288 3422 4369; baseline -0.001 -21"><span class='ocrx_word' id='word_1_650' title='bbox 1082 4297 1221 4369; x_wconf 73' lang='lat' dir='ltr'><strong>ribus</strong></span> <span class='ocrx_word' id='word_1_651' title='bbox 1246 4288 1388 4369; x_wconf 72' lang='lat' dir='ltr'><strong>hinc</strong></span> <span class='ocrx_word' id='word_1_652' title='bbox 1424 4288 1560 4369; x_wconf 69' lang='lat' dir='ltr'><strong>inde</strong></span> <span class='ocrx_word' id='word_1_653' title='bbox 1604 4297 1766 4369; x_wconf 82' lang='lat' dir='ltr'><strong>inter-</strong></span> <span class='ocrx_word' id='word_1_654' title='bbox 1875 4288 2230 4369; x_wconf 68' lang='lat' dir='ltr'><strong>grammaticae</strong></span> <span class='ocrx_word' id='word_1_655' title='bbox 2257 4294 2398 4369; x_wconf 77' lang='lat' dir='ltr'><strong>leges</strong></span> <span class='ocrx_word' id='word_1_656' title='bbox 2417 4288 2565 4369; x_wconf 63' lang='lat' dir='ltr'><strong>ferre</strong></span> <span class='ocrx_word' id='word_1_657' title='bbox 2607 4291 2898 4369; x_wconf 75' lang='lat' dir='ltr'><strong>videantur.</strong></span> <span class='ocrx_word' id='word_1_658' title='bbox 2929 4292 3004 4343; x_wconf 87' lang='lat' dir='ltr'><strong>ita</strong></span> <span class='ocrx_word' id='word_1_659' title='bbox 3044 4293 3181 4346; x_wconf 86' lang='lat' dir='ltr'><strong>idem</strong></span> <span class='ocrx_word' id='word_1_660' title='bbox 3231 4292 3422 4346; x_wconf 86' lang='lat' dir='ltr'><strong>Fortu—</strong></span> 
     </span>
    </p>
   </div>
   <div class='ocr_carea' id='block_1_101' title="bbox 172 4350 2747 4432">
    <p class='ocr_par' dir='ltr' id='par_1_101' title="bbox 172 4350 2747 4432">
     <span class='ocr_line' id='line_1_101' title="bbox 172 4350 2747 4432; baseline -0.003 -13"><span class='ocrx_word' id='word_1_661' title='bbox 172 4350 911 4431; x_wconf 10' lang='lat' dir='ltr'><strong>V’ailis,‘esoriens,vulgari</strong></span> <span class='ocrx_word' id='word_1_662' title='bbox 939 4350 1317 4432; x_wconf 71' lang='lat' dir='ltr'><strong>appellatione,</strong></span> <span class='ocrx_word' id='word_1_663' title='bbox 1347 4365 1385 4415; x_wconf 88' lang='lat' dir='ltr'><strong>il</strong></span> <span class='ocrx_word' id='word_1_664' title='bbox 1412 4361 1608 4432; x_wconf 79' lang='lat' dir='ltr'><strong>Lagno,</strong></span> <span class='ocrx_word' id='word_1_665' title='bbox 1653 4364 1765 4432; x_wconf 80' lang='lat' dir='ltr'><strong>sive</strong></span> <span class='ocrx_word' id='word_1_666' title='bbox 1799 4350 1846 4408; x_wconf 86' lang='lat' dir='ltr'><strong>D</strong></span> <span class='ocrx_word' id='word_1_667' title='bbox 1871 4350 2026 4414; x_wconf 64' lang='lat' dir='ltr'><strong>natus</strong></span> <span class='ocrx_word' id='word_1_668' title='bbox 2043 4363 2120 4414; x_wconf 87' lang='lat' dir='ltr'><strong>sic</strong></span> <span class='ocrx_word' id='word_1_669' title='bbox 2149 4350 2376 4428; x_wconf 64' lang='lat' dir='ltr'><strong>loquitur</strong></span> <span class='ocrx_word' id='word_1_670' title='bbox 2416 4360 2452 4412; x_wconf 88' lang='grc' dir='ltr'><strong>ι.</strong></span> <span class='ocrx_word' id='word_1_671' title='bbox 2479 4356 2549 4423; x_wconf 82' lang='lat' dir='ltr'><strong>tv,</strong></span> <span class='ocrx_word' id='word_1_672' title='bbox 2579 4373 2627 4412; x_wconf 93' lang='lat' dir='ltr'><strong>c.</strong></span> <span class='ocrx_word' id='word_1_673' title='bbox 2661 4359 2747 4411; x_wconf 73' lang='grc' dir='ltr'><strong>Η.</strong></span> 
     </span>
    </p>
   </div>
   <div class='ocr_carea' id='block_1_102' title="bbox 212 4430 1765 4502">
    <p class='ocr_par' dir='ltr' id='par_1_102' title="bbox 212 4430 1765 4502">
     <span class='ocr_line' id='line_1_102' title="bbox 212 4430 1765 4502; baseline -0.002 -17"><span class='ocrx_word' id='word_1_674' title='bbox 212 4436 277 4486; x_wconf 72' lang='grc' dir='ltr'><strong>ιο</strong></span> <span class='ocrx_word' id='word_1_675' title='bbox 306 4432 514 4502; x_wconf 77' lang='lat' dir='ltr'><strong>Lagna,</strong></span> <span class='ocrx_word' id='word_1_676' title='bbox 538 4430 860 4494; x_wconf 80' lang='lat' dir='ltr'><strong>nominatur;</strong></span> <span class='ocrx_word' id='word_1_677' title='bbox 907 4430 1067 4502; x_wconf 67' lang='lat' dir='ltr'><strong>quia</strong></span> <span class='ocrx_word' id='word_1_678' title='bbox 1107 4443 1323 4500; x_wconf 85' lang='lat' dir='ltr'><strong>quatuor</strong></span> <span class='ocrx_word' id='word_1_679' title='bbox 1375 4430 1511 4484; x_wconf 80' lang='lat' dir='ltr'><strong>haud</strong></span> <span class='ocrx_word' id='word_1_680' title='bbox 1545 4430 1765 4502; x_wconf 76' lang='lat' dir='ltr'><strong>amplius</strong></span> 
     </span>
    </p>
   </div>
   <div class='ocr_carea' id='block_1_103' title="bbox 1966 4445 3287 4511">
    <p class='ocr_par' dir='ltr' id='par_1_103' title="bbox 1966 4445 3287 4511">
     <span class='ocr_line' id='line_1_103' title="bbox 1966 4445 3287 4511; baseline -0.003 -12"><span class='ocrx_word' id='word_1_681' title='bbox 1966 4449 2084 4499; x_wconf 83' lang='lat' dir='ltr'><strong>Nam</strong></span> <span class='ocrx_word' id='word_1_682' title='bbox 2100 4452 2324 4511; x_wconf 81' lang='lat' dir='ltr'><strong>quotiens</strong></span> <span class='ocrx_word' id='word_1_683' title='bbox 2344 4448 2599 4511; x_wconf 83' lang='lat' dir='ltr'><strong>monachus</strong></span> <span class='ocrx_word' id='word_1_684' title='bbox 2622 4448 2802 4511; x_wconf 77' lang='lat' dir='ltr'><strong>peccati</strong></span> <span class='ocrx_word' id='word_1_685' title='bbox 2828 4445 3126 4511; x_wconf 26' lang='lat' dir='ltr'><strong>estuvulnere</strong></span> <span class='ocrx_word' id='word_1_686' title='bbox 3143 4447 3287 4507; x_wconf 74' lang='lat' dir='ltr'><strong>fixus,</strong></span> 
     </span>
    </p>
   </div>
   <div class='ocr_carea' id='block_1_104' title="bbox 1998 4507 3004 4570">
    <p class='ocr_par' dir='ltr' id='par_1_104' title="bbox 1998 4507 3004 4570">
     <span class='ocr_line' id='line_1_104' title="bbox 1998 4507 3004 4570; baseline -0.005 -11"><span class='ocrx_word' id='word_1_687' title='bbox 1998 4507 2171 4560; x_wconf 73' lang='lat' dir='ltr'><strong>Missus</strong></span> <span class='ocrx_word' id='word_1_688' title='bbox 2189 4510 2246 4557; x_wconf 84' lang='lat' dir='ltr'><strong>ad</strong></span> <span class='ocrx_word' id='word_1_689' title='bbox 2271 4509 2519 4570; x_wconf 73' lang='lat' dir='ltr'><strong>artillct-m,</strong></span> <span class='ocrx_word' id='word_1_690' title='bbox 2546 4518 2676 4554; x_wconf 85' lang='lat' dir='ltr'><strong>certa</strong></span> <span class='ocrx_word' id='word_1_691' title='bbox 2693 4507 2878 4553; x_wconf 85' lang='lat' dir='ltr'><strong>medela</strong></span> <span class='ocrx_word' id='word_1_692' title='bbox 2898 4508 3004 4555; x_wconf 78' lang='lat' dir='ltr'><strong>fuit.</strong></span> 
     </span>
    </p>
   </div>
   <div class='ocr_carea' id='block_1_105' title="bbox 218 4498 1849 4570">
    <p class='ocr_par' dir='ltr' id='par_1_105' title="bbox 218 4498 1849 4570">
     <span class='ocr_line' id='line_1_105' title="bbox 218 4498 1849 4570; baseline -0.002 -17"><span class='ocrx_word' id='word_1_693' title='bbox 218 4498 451 4554; x_wconf 64' lang='lat' dir='ltr'><strong>millibus</strong></span> <span class='ocrx_word' id='word_1_694' title='bbox 471 4515 709 4568; x_wconf 81' lang='lat' dir='ltr'><strong>passuum</strong></span> <span class='ocrx_word' id='word_1_695' title='bbox 738 4501 858 4570; x_wconf 74' lang='lat' dir='ltr'><strong>(ait)</strong></span> <span class='ocrx_word' id='word_1_696' title='bbox 908 4498 1180 4570; x_wconf 68' lang='lat' dir='ltr'><strong>Vit-entiam</strong></span> <span class='ocrx_word' id='word_1_697' title='bbox 1224 4502 1587 4570; x_wconf 62' lang='lat' dir='ltr'><strong>paterﬂuens,</strong></span> <span class='ocrx_word' id='word_1_698' title='bbox 1622 4498 1769 4551; x_wconf 77' lang='lat' dir='ltr'><strong>Mott-</strong></span> <span class='ocrx_word' id='word_1_699' title='bbox 1846 4516 1849 4517; x_wconf 63' lang='lat'><strong><em>&#39;</em></strong></span> 
     </span>
    </p>
   </div>
   <div class='ocr_carea' id='block_1_106' title="bbox 212 4564 1771 4638">
    <p class='ocr_par' dir='ltr' id='par_1_106' title="bbox 212 4564 1771 4638">
     <span class='ocr_line' id='line_1_106' title="bbox 212 4564 1771 4638; baseline -0.003 -16"><span class='ocrx_word' id='word_1_700' title='bbox 212 4570 440 4622; x_wconf 70' lang='lat' dir='ltr'><strong>tertiana</strong></span> <span class='ocrx_word' id='word_1_701' title='bbox 456 4564 481 4630; x_wconf 63' lang='grc'><strong>,⁷</strong></span> <span class='ocrx_word' id='word_1_702' title='bbox 498 4570 684 4638; x_wconf 78' lang='lat' dir='ltr'><strong>oppido</strong></span> <span class='ocrx_word' id='word_1_703' title='bbox 737 4564 928 4629; x_wconf 72' lang='lat' dir='ltr'><strong>abluta,</strong></span> <span class='ocrx_word' id='word_1_704' title='bbox 970 4564 1194 4634; x_wconf 84' lang='lat' dir='ltr'><strong>duosque</strong></span> <span class='ocrx_word' id='word_1_705' title='bbox 1224 4564 1373 4622; x_wconf 52' lang='lat' dir='ltr'><strong>&#39;lacus</strong></span> <span class='ocrx_word' id='word_1_706' title='bbox 1402 4564 1771 4638; x_wconf 72' lang='lat' dir='ltr'><strong>transgressus,</strong></span> 
     </span>
    </p>
   </div>
   <div class='ocr_carea' id='block_1_107' title="bbox 212 4587 1788 4706">
    <p class='ocr_par' dir='ltr' id='par_1_107' title="bbox 212 4587 1772 4706">
     <span class='ocr_line' id='line_1_107' title="bbox 212 4587 1771 4638; baseline -0.003 -16"><span class='ocrx_word' id='word_1_707' title='bbox 212 4587 470 4630; x_wconf 73' lang='lat' dir='ltr'><strong>tantalus,</strong></span> <span class='ocrx_word' id='word_1_708' title='bbox 498 4587 684 4638; x_wconf 73' lang='lat' dir='ltr'><strong>oppido</strong></span> <span class='ocrx_word' id='word_1_709' title='bbox 737 4587 928 4629; x_wconf 75' lang='lat' dir='ltr'><strong>natura,</strong></span> <span class='ocrx_word' id='word_1_710' title='bbox 970 4587 1194 4634; x_wconf 73' lang='grc' dir='ltr'><strong>αυοδᾳιιε</strong></span> <span class='ocrx_word' id='word_1_711' title='bbox 1234 4587 1373 4622; x_wconf 88' lang='lat' dir='ltr'><strong>tacus</strong></span> <span class='ocrx_word' id='word_1_712' title='bbox 1411 4587 1771 4638; x_wconf 78' lang='lat' dir='ltr'><strong>transgressus,</strong></span> 
     </span>
     <span class='ocr_line' id='line_1_108' title="bbox 212 4637 1772 4706; baseline -0.001 -17"><span class='ocrx_word' id='word_1_713' title='bbox 212 4638 365 4706; x_wconf 76' lang='lat' dir='ltr'><strong>apud</strong></span> <span class='ocrx_word' id='word_1_714' title='bbox 394 4637 759 4706; x_wconf 74' lang='lat' dir='ltr'><strong>Anguillarium</strong></span> <span class='ocrx_word' id='word_1_715' title='bbox 783 4639 982 4691; x_wconf 83' lang='lat' dir='ltr'><strong>tandem</strong></span> <span class='ocrx_word' id='word_1_716' title='bbox 1022 4639 1285 4706; x_wconf 84' lang='lat' dir='ltr'><strong>oppidum,</strong></span> <span class='ocrx_word' id='word_1_717' title='bbox 1312 4642 1365 4691; x_wconf 89' lang='lat' dir='ltr'><strong>in</strong></span> <span class='ocrx_word' id='word_1_718' title='bbox 1406 4637 1625 4691; x_wconf 79' lang='lat' dir='ltr'><strong>Athesim</strong></span> <span class='ocrx_word' id='word_1_719' title='bbox 1653 4651 1772 4688; x_wconf 87' lang='lat' dir='ltr'><strong>con-</strong></span> 
     </span>
    </p>
   </div>
   <div class='ocr_carea' id='block_1_108' title="bbox 1882 4587 3411 4706">
    <p class='ocr_par' dir='ltr' id='par_1_108' title="bbox 1882 4587 3411 4706">
     <span class='ocr_line' id='line_1_109' title="bbox 1882 4587 3411 4668; baseline -0.007 -18"><span class='ocrx_word' id='word_1_720' title='bbox 1882 4606 1930 4650; x_wconf 84' lang='lat' dir='ltr'><strong>et</strong></span> <span class='ocrx_word' id='word_1_721' title='bbox 1958 4595 2009 4647; x_wconf 90' lang='lat' dir='ltr'><strong>in</strong></span> <span class='ocrx_word' id='word_1_722' title='bbox 2040 4606 2202 4649; x_wconf 87' lang='lat' dir='ltr'><strong>carm.</strong></span> <span class='ocrx_word' id='word_1_723' title='bbox 2226 4590 2290 4642; x_wconf 90' lang='lat' dir='ltr'><strong>de</strong></span> <span class='ocrx_word' id='word_1_724' title='bbox 2313 4588 2534 4668; x_wconf 66' lang='lat' dir='ltr'><strong>Virgitt.,</strong></span> <span class='ocrx_word' id='word_1_725' title='bbox 2567 4602 2684 4656; x_wconf 84' lang='lat' dir='ltr'><strong>pag.</strong></span> <span class='ocrx_word' id='word_1_726' title='bbox 2711 4587 2854 4667; x_wconf 41' lang='lat'><strong>238,.</strong></span> <span class='ocrx_word' id='word_1_727' title='bbox 2877 4588 2942 4667; x_wconf 87' lang='lat' dir='ltr'><strong>ad</strong></span> <span class='ocrx_word' id='word_1_728' title='bbox 2984 4587 3131 4640; x_wconf 90' lang='lat' dir='ltr'><strong>illum</strong></span> <span class='ocrx_word' id='word_1_729' title='bbox 3158 4603 3368 4641; x_wconf 89' lang='lat' dir='ltr'><strong>versum</strong></span> <span class='ocrx_word' id='word_1_730' title='bbox 3398 4605 3411 4640; x_wconf 86' lang='lat'><strong>:</strong></span> 
     </span>
     <span class='ocr_line' id='line_1_110' title="bbox 1883 4656 3410 4706; baseline 0 0"><span class='ocrx_word' id='word_1_731' title='bbox 1883 4664 2030 4706; x_wconf 75' lang='lat' dir='ltr'><strong>Hanc</strong></span> <span class='ocrx_word' id='word_1_732' title='bbox 2066 4656 2200 4706; x_wconf 69' lang='lat' dir='ltr'><strong>Deus</strong></span> <span class='ocrx_word' id='word_1_733' title='bbox 2236 4659 2542 4706; x_wconf 80' lang='lat' dir='ltr'><strong>inaredtetts.</strong></span> <span class='ocrx_word' id='word_1_734' title='bbox 2585 4667 2713 4706; x_wconf 86' lang='lat' dir='ltr'><strong>etc..</strong></span> <span class='ocrx_word' id='word_1_735' title='bbox 2748 4672 2857 4706; x_wconf 85' lang='lat' dir='ltr'><strong>uart</strong></span> <span class='ocrx_word' id='word_1_736' title='bbox 2895 4659 3051 4706; x_wconf 89' lang='lat' dir='ltr'><strong>modo</strong></span> <span class='ocrx_word' id='word_1_737' title='bbox 3085 4658 3410 4706; x_wconf 75' lang='lat' dir='ltr'><strong>eonstrnitnr</strong></span> 
     </span>
    </p>
   </div>
   <div class='ocr_carea' id='block_1_109' title="bbox 1878 4656 3410 4726">
    <p class='ocr_par' dir='ltr' id='par_1_109' title="bbox 1878 4656 3410 4726">
     <span class='ocr_line' id='line_1_111' title="bbox 1878 4656 3410 4726; baseline -0.004 -8"><span class='ocrx_word' id='word_1_738' title='bbox 1878 4664 2030 4719; x_wconf 80' lang='lat' dir='ltr'><strong>Hanc</strong></span> <span class='ocrx_word' id='word_1_739' title='bbox 2064 4656 2200 4713; x_wconf 80' lang='lat' dir='ltr'><strong>Deus</strong></span> <span class='ocrx_word' id='word_1_740' title='bbox 2236 4656 2542 4726; x_wconf 77' lang='lat' dir='ltr'><strong>ingrediens,</strong></span> <span class='ocrx_word' id='word_1_741' title='bbox 2585 4667 2714 4721; x_wconf 86' lang='lat' dir='ltr'><strong>etc.,</strong></span> <span class='ocrx_word' id='word_1_742' title='bbox 2748 4656 2857 4722; x_wconf 83' lang='lat' dir='ltr'><strong>pari</strong></span> <span class='ocrx_word' id='word_1_743' title='bbox 2895 4659 3051 4711; x_wconf 85' lang='lat' dir='ltr'><strong>modo</strong></span> <span class='ocrx_word' id='word_1_744' title='bbox 3085 4658 3410 4712; x_wconf 84' lang='lat' dir='ltr'><strong>eonstruitut‘</strong></span> 
     </span>
    </p>
   </div>
   <div class='ocr_carea' id='block_1_110' title="bbox 210 4709 1788 4830">
    <p class='ocr_par' dir='ltr' id='par_1_110' title="bbox 210 4709 1775 4830">
     <span class='ocr_line' id='line_1_112' title="bbox 210 4709 1775 4830; baseline -0.001 -1"><span class='ocrx_word' id='word_1_745' title='bbox 210 4709 421 4829; x_wconf 55' lang='grc' dir='ltr'><strong>ῃωὲἀᾶ</strong></span> <span class='ocrx_word' id='word_1_746' title='bbox 446 4776 589 4830; x_wconf 89' lang='lat' dir='ltr'><strong>idem</strong></span> <span class='ocrx_word' id='word_1_747' title='bbox 612 4776 885 4830; x_wconf 85' lang='lat' dir='ltr'><strong>Cluverius</strong></span> <span class='ocrx_word' id='word_1_748' title='bbox 912 4776 1019 4830; x_wconf 87' lang='lat' dir='ltr'><strong>vult</strong></span> <span class='ocrx_word' id='word_1_749' title='bbox 1043 4776 1114 4829; x_wconf 85' lang='lat' dir='ltr'><strong>ita</strong></span> <span class='ocrx_word' id='word_1_750' title='bbox 1138 4790 1258 4830; x_wconf 88' lang='lat' dir='ltr'><strong>esse</strong></span> <span class='ocrx_word' id='word_1_751' title='bbox 1300 4774 1581 4830; x_wconf 71' lang='lat' dir='ltr'><strong>leuendum</strong></span> <span class='ocrx_word' id='word_1_752' title='bbox 1633 4772 1775 4828; x_wconf 88' lang='lat' dir='ltr'><strong>hunc</strong></span> 
     </span>
    </p>
   </div>
   <div class='ocr_carea' id='block_1_111' title="bbox 1882 4709 2947 4830">
    <p class='ocr_par' dir='ltr' id='par_1_111' title="bbox 1882 4709 2947 4830">
     <span class='ocr_line' id='line_1_113' title="bbox 1882 4709 2762 4789; baseline -0.009 0"><span class='ocrx_word' id='word_1_753' title='bbox 1882 4732 2061 4789; x_wconf 88' lang='lat' dir='ltr'><strong>oratio.</strong></span> <span class='ocrx_word' id='word_1_754' title='bbox 2290 4709 2315 4726; x_wconf 37' lang='lat'><strong><em>0</em></strong></span> <span class='ocrx_word' id='word_1_755' title='bbox 2531 4709 2542 4721; x_wconf 68' lang='grc'><em>’</em></span> <span class='ocrx_word' id='word_1_756' title='bbox 2703 4709 2713 4721; x_wconf 66' lang='grc'><em>’</em></span> <span class='ocrx_word' id='word_1_757' title='bbox 2748 4709 2762 4722; x_wconf 71' lang='grc'><em>’</em></span> 
     </span>
     <span class='ocr_line' id='line_1_114' title="bbox 1946 4791 2947 4830; baseline 0 0"><span class='ocrx_word' id='word_1_758' title='bbox 1946 4797 2048 4830; x_wconf 62' lang='grc' dir='ltr'><strong>κη</strong></span> <span class='ocrx_word' id='word_1_759' title='bbox 2106 4794 2370 4830; x_wconf 57' lang='lat' dir='ltr'><strong>multum</strong></span> <span class='ocrx_word' id='word_1_760' title='bbox 2413 4791 2521 4830; x_wconf 67' lang='lat' dir='ltr'><strong>amt</strong></span> <span class='ocrx_word' id='word_1_761' title='bbox 2579 4794 2728 4830; x_wconf 51' lang='lat' dir='ltr'><strong>vana</strong></span> <span class='ocrx_word' id='word_1_762' title='bbox 2798 4796 2947 4830; x_wconf 72' lang='grc' dir='ltr'><strong>..ιη-εις</strong></span> 
     </span>
    </p>
   </div>
   <div class='ocr_carea' id='block_1_112' title="bbox 406 4772 1788 4862">
    <p class='ocr_par' dir='ltr' id='par_1_112' title="bbox 406 4772 1775 4862">
     <span class='ocr_line' id='line_1_115' title="bbox 406 4772 1775 4862; baseline -0.001 -34"><span class='ocrx_word' id='word_1_763' title='bbox 406 4776 589 4862; x_wconf 48' lang='grc' dir='ltr'><strong>,μέθῃ</strong></span> <span class='ocrx_word' id='word_1_764' title='bbox 612 4776 885 4832; x_wconf 85' lang='lat' dir='ltr'><strong>Cluverius</strong></span> <span class='ocrx_word' id='word_1_765' title='bbox 912 4776 1019 4830; x_wconf 87' lang='lat' dir='ltr'><strong>vult</strong></span> <span class='ocrx_word' id='word_1_766' title='bbox 1043 4776 1114 4829; x_wconf 85' lang='lat' dir='ltr'><strong>ita</strong></span> <span class='ocrx_word' id='word_1_767' title='bbox 1138 4790 1258 4830; x_wconf 86' lang='lat' dir='ltr'><strong>esse</strong></span> <span class='ocrx_word' id='word_1_768' title='bbox 1300 4774 1589 4851; x_wconf 10' lang='lat' dir='ltr'><strong>legendum?</strong></span> <span class='ocrx_word' id='word_1_769' title='bbox 1633 4772 1775 4828; x_wconf 88' lang='lat' dir='ltr'><strong>hunc</strong></span> 
     </span>
    </p>
   </div>
   <div class='ocr_carea' id='block_1_113' title="bbox 1882 4772 3083 4862">
    <p class='ocr_par' dir='ltr' id='par_1_113' title="bbox 1882 4772 3083 4862">
     <span class='ocr_line' id='line_1_116' title="bbox 1882 4772 3083 4862; baseline -0.001 -12"><span class='ocrx_word' id='word_1_770' title='bbox 2100 4794 2253 4847; x_wconf 82' lang='lat' dir='ltr'><strong>Pauli</strong></span> <span class='ocrx_word' id='word_1_771' title='bbox 2280 4795 2392 4847; x_wconf 83' lang='lat' dir='ltr'><strong>sub.</strong></span> <span class='ocrx_word' id='word_1_772' title='bbox 2413 4791 2544 4862; x_wconf 78' lang='lat' dir='ltr'><strong>Cod.</strong></span> <span class='ocrx_word' id='word_1_773' title='bbox 2579 4794 2770 4861; x_wconf 78' lang='lat' dir='ltr'><strong>Vatic.,</strong></span> <span class='ocrx_word' id='word_1_774' title='bbox 2796 4796 2947 4862; x_wconf 84' lang='lat' dir='ltr'><strong>parili</strong></span> <span class='ocrx_word' id='word_1_775' title='bbox 2972 4795 3083 4849; x_wconf 86' lang='lat' dir='ltr'><strong>sub.</strong></span> 
     </span>
    </p>
   </div>
   <div class='ocr_carea' id='block_1_114' title="bbox 212 4836 3193 4933">
    <p class='ocr_par' dir='ltr' id='par_1_114' title="bbox 212 4836 3193 4933">
     <span class='ocr_line' id='line_1_117' title="bbox 212 4836 3193 4933; baseline -0.017 -35"><span class='ocrx_word' id='word_1_776' title='bbox 212 4836 498 4933; x_wconf 72' lang='lat' dir='ltr'><strong>Fortunati</strong></span> <span class='ocrx_word' id='word_1_777' title='bbox 536 4848 706 4900; x_wconf 89' lang='lat' dir='ltr'><strong>locum</strong></span> <span class='ocrx_word' id='word_1_778' title='bbox 748 4863 764 4901; x_wconf 88' lang='lat'><strong>:</strong></span> <span class='ocrx_word' id='word_1_779' title='bbox 1350 4836 1379 4845; x_wconf 53' lang='grc'>⁷</span> <span class='ocrx_word' id='word_1_780' title='bbox 1582 4850 1589 4851; x_wconf 26' lang='grc' dir='ltr'>ί</span> <span class='ocrx_word' id='word_1_781' title='bbox 1948 4836 2770 4933; x_wconf 44' lang='lat' dir='ltr'><strong>B‘é&#39;él.ki&#39;ﬁétéf&#39;ti;3;,,&#39;e;zv-.</strong></span> <span class='ocrx_word' id='word_1_782' title='bbox 2796 4836 2946 4862; x_wconf 69' lang='grc' dir='ltr'><strong>μ-..η</strong></span> <span class='ocrx_word' id='word_1_783' title='bbox 2972 4836 3083 4849; x_wconf 67' lang='grc' dir='ltr'><strong>-..η</strong></span> <span class='ocrx_word' id='word_1_784' title='bbox 3178 4906 3193 4933; x_wconf 45' lang='grc'><strong><em>⁸</em></strong></span> 
     </span>
    </p>
   </div>
   <div class='ocr_carea' id='block_1_115' title="bbox 1950 4928 2816 4999">
    <p class='ocr_par' dir='ltr' id='par_1_115' title="bbox 1950 4928 2816 4999">
     <span class='ocr_line' id='line_1_118' title="bbox 1950 4928 2816 4999; baseline -0.006 -9"><span class='ocrx_word' id='word_1_785' title='bbox 1950 4928 2074 4989; x_wconf 81' lang='grc'><strong>695.</strong></span> <span class='ocrx_word' id='word_1_786' title='bbox 2104 4928 2386 4985; x_wconf 77' lang='lat' dir='ltr'><strong>Feitestris.</strong></span> <span class='ocrx_word' id='word_1_787' title='bbox 2409 4928 2531 4996; x_wconf 80' lang='lat' dir='ltr'><strong>Ms.,</strong></span> <span class='ocrx_word' id='word_1_788' title='bbox 2562 4928 2816 4999; x_wconf 69' lang='lat' dir='ltr'><strong>Ienestrtr.</strong></span> 
     </span>
    </p>
   </div>
   <div class='ocr_carea' id='block_1_116' title="bbox 1950 5000 2827 5058">
    <p class='ocr_par' dir='ltr' id='par_1_116' title="bbox 1950 5000 2827 5058">
     <span class='ocr_line' id='line_1_119' title="bbox 1950 5000 2827 5058; baseline -0.003 -1"><span class='ocrx_word' id='word_1_789' title='bbox 1950 5004 2073 5058; x_wconf 78' lang='lat'><strong>698.</strong></span> <span class='ocrx_word' id='word_1_790' title='bbox 2102 5000 2344 5054; x_wconf 78' lang='lat' dir='ltr'><strong>Medicas.</strong></span> <span class='ocrx_word' id='word_1_791' title='bbox 2375 5001 2531 5055; x_wconf 82' lang='lat' dir='ltr'><strong>Forte</strong></span> <span class='ocrx_word' id='word_1_792' title='bbox 2553 5002 2761 5054; x_wconf 83' lang='lat' dir='ltr'><strong>medico.</strong></span> <span class='ocrx_word' id='word_1_793' title='bbox 2810 5012 2827 5047; x_wconf 83' lang='lat'><strong><em>\</em></strong></span> 
     </span>
    </p>
   </div>
   <div class='ocr_carea' id='block_1_117' title="bbox 1948 5069 2975 5139">
    <p class='ocr_par' dir='ltr' id='par_1_117' title="bbox 1948 5069 2975 5139">
     <span class='ocr_line' id='line_1_120' title="bbox 1948 5069 2975 5139; baseline -0.006 -12"><span class='ocrx_word' id='word_1_794' title='bbox 1948 5073 2077 5127; x_wconf 85' lang='lat' dir='ltr'><strong>Ibid.</strong></span> <span class='ocrx_word' id='word_1_795' title='bbox 2106 5069 2237 5123; x_wconf 86' lang='lat' dir='ltr'><strong>Cod.</strong></span> <span class='ocrx_word' id='word_1_796' title='bbox 2263 5070 2403 5136; x_wconf 83' lang='lat' dir='ltr'><strong>Vat.,</strong></span> <span class='ocrx_word' id='word_1_797' title='bbox 2438 5069 2497 5121; x_wconf 84' lang='lat' dir='ltr'><strong>Et</strong></span> <span class='ocrx_word' id='word_1_798' title='bbox 2519 5086 2731 5139; x_wconf 63' lang='lat' dir='ltr'><strong>praesens</strong></span> <span class='ocrx_word' id='word_1_799' title='bbox 2756 5070 2975 5122; x_wconf 86' lang='lat' dir='ltr'><strong>medicis.</strong></span> 
     </span>
    </p>
   </div>
   <div class='ocr_carea' id='block_1_118' title="bbox 1948 5140 2855 5209">
    <p class='ocr_par' dir='ltr' id='par_1_118' title="bbox 1948 5140 2855 5209">
     <span class='ocr_line' id='line_1_121' title="bbox 1948 5140 2855 5209; baseline -0.009 -11"><span class='ocrx_word' id='word_1_800' title='bbox 1948 5141 2068 5198; x_wconf 80' lang='lat'><strong>699.</strong></span> <span class='ocrx_word' id='word_1_801' title='bbox 2095 5140 2231 5194; x_wconf 81' lang='lat' dir='ltr'><strong>Edit.</strong></span> <span class='ocrx_word' id='word_1_802' title='bbox 2258 5140 2414 5209; x_wconf 81' lang='lat' dir='ltr'><strong>Ven.,</strong></span> <span class='ocrx_word' id='word_1_803' title='bbox 2444 5154 2646 5193; x_wconf 83' lang='lat' dir='ltr'><strong>munere</strong></span> <span class='ocrx_word' id='word_1_804' title='bbox 2673 5140 2855 5197; x_wconf 84' lang='lat' dir='ltr'><strong>sancti.</strong></span> 
     </span>
    </p>
   </div>
   <div class='ocr_carea' id='block_1_119' title="bbox 346 4931 1533 4999">
    <p class='ocr_par' dir='ltr' id='par_1_119' title="bbox 346 4931 1533 4999">
     <span class='ocr_line' id='line_1_122' title="bbox 346 4931 1533 4999; baseline 0 -13"><span class='ocrx_word' id='word_1_805' title='bbox 346 4941 398 4986; x_wconf 89' lang='lat' dir='ltr'><strong>Si</strong></span> <span class='ocrx_word' id='word_1_806' title='bbox 422 4931 754 4999; x_wconf 67' lang='lat' dir='ltr'><strong>Patavinatibl</strong></span> <span class='ocrx_word' id='word_1_807' title='bbox 779 4944 939 4999; x_wconf 74' lang='lat' dir='ltr'><strong>pateat</strong></span> <span class='ocrx_word' id='word_1_808' title='bbox 958 4941 1050 4997; x_wconf 77' lang='lat' dir='ltr'><strong>via,</strong></span> <span class='ocrx_word' id='word_1_809' title='bbox 1072 4941 1235 4999; x_wconf 83' lang='lat' dir='ltr'><strong>pergis</strong></span> <span class='ocrx_word' id='word_1_810' title='bbox 1265 4936 1533 4999; x_wconf 74' lang='lat' dir='ltr'><strong>ad‘urbem.</strong></span> 
     </span>
    </p>
   </div>
   <div class='ocr_carea' id='block_1_120' title="bbox 345 4992 1772 5115">
    <p class='ocr_par' dir='ltr' id='par_1_120' title="bbox 345 4992 1772 5115">
     <span class='ocr_line' id='line_1_123' title="bbox 345 4992 1772 5115; baseline -0.004 -66"><span class='ocrx_word' id='word_1_811' title='bbox 345 5000 471 5049; x_wconf 77' lang='lat' dir='ltr'><strong>Hinc</strong></span> <span class='ocrx_word' id='word_1_812' title='bbox 508 5000 594 5047; x_wconf 82' lang='lat' dir='ltr'><strong>tibi</strong></span> <span class='ocrx_word' id='word_1_813' title='bbox 614 4992 976 5061; x_wconf 60' lang='lat' dir='ltr'><strong>Briuta&#39;tluens,</strong></span> <span class='ocrx_word' id='word_1_814' title='bbox 1010 4992 1104 5048; x_wconf 76' lang='lat' dir='ltr'><strong>iter</strong></span> <span class='ocrx_word' id='word_1_815' title='bbox 1136 4992 1229 5059; x_wconf 70' lang='lat' dir='ltr'><strong>e§t,</strong></span> <span class='ocrx_word' id='word_1_816' title='bbox 1267 4998 1581 5057; x_wconf 76' lang='lat' dir='ltr'><strong>Retenusque</strong></span> <span class='ocrx_word' id='word_1_817' title='bbox 1600 5008 1772 5115; x_wconf 48' lang='lat'><strong>13:211-</strong></span> 
     </span>
     <span class='ocr_line' id='line_1_124' title="bbox 1725 5092 1738 5115; baseline 0 0"><span class='ocrx_word' id='word_1_818' title='bbox 1725 5092 1738 5115; x_wconf 68' lang='grc' dir='ltr'><strong><em>ν</em></strong></span> 
     </span>
    </p>
   </div>
   <div class='ocr_carea' id='block_1_121' title="bbox 344 5116 1655 5181">
    <p class='ocr_par' dir='ltr' id='par_1_121' title="bbox 344 5116 1655 5181">
     <span class='ocr_line' id='line_1_125' title="bbox 344 5116 1655 5181; baseline -0.003 -14"><span class='ocrx_word' id='word_1_819' title='bbox 344 5117 894 5181; x_wconf 65' lang='lat' dir='ltr'><strong>IngrediensAthesim;</strong></span> <span class='ocrx_word' id='word_1_820' title='bbox 915 5119 1072 5167; x_wconf 86' lang='lat' dir='ltr'><strong>Padus</strong></span> <span class='ocrx_word' id='word_1_821' title='bbox 1094 5119 1271 5179; x_wconf 80' lang='lat' dir='ltr'><strong>excipit</strong></span> <span class='ocrx_word' id='word_1_822' title='bbox 1292 5118 1405 5181; x_wconf 86' lang='lat' dir='ltr'><strong>inde</strong></span> <span class='ocrx_word' id='word_1_823' title='bbox 1429 5116 1655 5166; x_wconf 85' lang='lat' dir='ltr'><strong>Phaselo:</strong></span> 
     </span>
    </p>
   </div>
   <div class='ocr_carea' id='block_1_122' title="bbox 344 5177 1496 5239">
    <p class='ocr_par' dir='ltr' id='par_1_122' title="bbox 344 5177 1496 5239">
     <span class='ocr_line' id='line_1_126' title="bbox 344 5177 1496 5239; baseline -0.003 -12"><span class='ocrx_word' id='word_1_824' title='bbox 344 5177 537 5228; x_wconf 62' lang='lat' dir='ltr'><strong>nobilis</strong></span> <span class='ocrx_word' id='word_1_825' title='bbox 559 5180 684 5229; x_wconf 83' lang='lat' dir='ltr'><strong>unde</strong></span> <span class='ocrx_word' id='word_1_826' title='bbox 710 5180 795 5228; x_wconf 90' lang='lat' dir='ltr'><strong>tibi</strong></span> <span class='ocrx_word' id='word_1_827' title='bbox 818 5177 999 5239; x_wconf 79' lang='lat' dir='ltr'><strong>rapitur</strong></span> <span class='ocrx_word' id='word_1_828' title='bbox 1024 5181 1141 5226; x_wconf 87' lang='lat' dir='ltr'><strong>ratis</strong></span> <span class='ocrx_word' id='word_1_829' title='bbox 1171 5177 1310 5226; x_wconf 80' lang='lat' dir='ltr'><strong>amne</strong></span> <span class='ocrx_word' id='word_1_830' title='bbox 1331 5180 1496 5227; x_wconf 86' lang='lat' dir='ltr'><strong>citato.</strong></span> 
     </span>
    </p>
   </div>
   <div class='ocr_carea' id='block_1_123' title="bbox 802 5370 829 5381">
    <p class='ocr_par' dir='ltr' id='par_1_123' title="bbox 802 5370 829 5381">
     <span class='ocr_line' id='line_1_127' title="bbox 802 5370 829 5381; baseline 0 0"><span class='ocrx_word' id='word_1_831' title='bbox 802 5370 829 5381; x_wconf 57' lang='grc' dir='ltr'><strong>θ</strong></span> 
     </span>
    </p>
   </div>
   <div class='ocr_carea' id='block_1_124' title="bbox 652 5603 2981 5687">
    <p class='ocr_par' dir='ltr' id='par_1_124' title="bbox 652 5603 2981 5687">
     <span class='ocr_line' id='line_1_128' title="bbox 652 5603 2981 5687; baseline -0.007 -6"><span class='ocrx_word' id='word_1_832' title='bbox 652 5603 913 5684; x_wconf 61' lang='lat' dir='ltr'><strong>Panos.</strong></span> <span class='ocrx_word' id='word_1_833' title='bbox 948 5611 1344 5687; x_wconf 76' lang='lat' dir='ltr'><strong>Litxxvut.</strong></span> <span class='ocrx_word' id='word_1_834' title='bbox 2909 5610 2981 5665; x_wconf 68' lang='grc' dir='ltr'><strong>ιιι</strong></span> 
     </span>
    </p>
   </div>
  </div>
