3948 6218
300 430 427 494 ΩΟ
1308 444 1396 499 DE
1438 442 1706 499 EXCIDIO
1743 443 1860 499 Tlll

1950 424 2162 501 usus.
2211 465 2275 487 -ι
2312 446 2441 521 me,
2484 447 2521 502 ι.

460 544 601 603 inter
626 560 889 605 amatores
918 557 1157 620 tutusque
1183 551 1462 621 interiacet
1486 556 1651 621 orbis,
1893 557 1943 613 Α

528 640 636 695 Hos
663 640 860 696 dirimit
892 644 1119 697 mundus
1148 658 1280 711 quos
1310 645 1423 699 loca
1451 646 1593 699 nulla
1627 648 1788 716 prius.

457 730 720 799 Quantum
751 739 887 786 terra
921 740 1086 797 tenet,
1121 741 1321 787 tantum
1350 734 1526 788 divisit
1548 746 1836 801 amantem,

346 819 428 877 70
540 822 596 876 Si
626 822 743 890 plus
771 835 892 873 arva
917 806 1106 887 forent,
1137 823 1339 891 longius
1367 823 1492 876 isset
1520 825 1635 877 iter.

456 910 586 964 Eeto
612 918 807 973 tamen,
836 923 940 978 quo
969 919 1084 962 vota
1109 918 1288 963 leuent
1317 910 1533 962 meliora
1558 922 1835 977 parentum

529 997 859 1066 Prosperius,
886 1013 1043 1066 quam
1071 1007 1123 1052 te
1148 1007 1291 1052 terra
1319 998 1548 1069 Toringa
1578 999 1747 1054 dedit.

457 1088 591 1143 Hinc
613 1090 787 1159 potius
811 1091 1020 1144 crucior
1047 1089 1232 1142 validis
1263 1100 1479 1143 onerata
1512 1092 1764 1159 querelis,

537 1178 644 1232 Cur
671 1178 797 1233 mihi
823 1178 962 1232 nulla
995 1179 1066 1231 tui
1098 1162 1308 1232 mittere
1337 1179 1485 1246 signa
1508 1181 1658 1233 velis.

336 1262 423 1321 75
456 1265 626 1333 Quem
646 1267 788 1333 volo,
815 1282 914 1322 nec
932 1267 1107 1330 video,
1132 1266 1623 1336 pinxissetepistola
1649 1267 1872 1336 vultum,

524 1356 625 1411 Aut
647 1356 762 1411 loca
782 1371 945 1426 quem
968 1356 1264 1419 retrahunt,
1290 1355 1454 1411 ferret
1478 1357 1650 1425 imago
1672 1359 1874 1411 virum:

465 1442 579 1511 Qua
608 1445 800 1502 virtute
829 1456 1010 1500 atavos
1039 1459 1284 1512 repares,
1315 1460 1416 1514 qua
1466 1445 1620 1500 laude
1668 1446 1879 1514 propin-

778 1584 781 1589 ,
1698 1536 1873 1607 [quos,

528 1624 639 1679 Ceu
672 1633 822 1693 patre
841 1626 908 1680 de
937 1626 1160 1692 pulchro
1181 1626 1309 1680 ludit
1338 1627 1517 1699 inore
1543 1626 1725 1680 rubor.

451 1703 645 1776 Crede,
669 1725 881 1781 parens,
899 1712 943 1765 si
968 1714 1125 1766 verba
1142 1713 1317 1781 dares,
1344 1727 1448 1766 non
1473 1722 1613 1766 totus
1633 1712 1872 1776 abesses,

322 1799 415 1856 80
522 1801 715 1871 Pagina
745 1801 906 1857 missa
933 1803 1174 1871 loquens,
1200 1817 1323 1870 pars
1349 1802 1478 1857 mihi
1506 1802 1690 1857 fratris
1714 1811 1829 1857 erat
1855 1819 1869 1855 :

449 1893 862 1950 Cunctimunus
892 1894 1110 1961 habent,
1138 1908 1237 1964 ego
1265 1909 1364 1950 nec
1394 1896 1584 1949 solatia
1616 1894 1799 1957 l‘letus,

517 1981 563 2037 Ο
590 1981 824 2038 facinus!
854 1984 971 2053 qua:
998 1982 1125 2036 dum
1148 1983 1265 2049 plus
1291 1997 1434 2047 amo,
1465 1998 1618 2037 sumo
1639 1984 1859 2063 minus.’

444 2069 503 2127 Si
524 2069 753 2127 famulos
780 2071 895 2139 alii,
926 2072 1137 2139 pietatis
1166 2072 1305 2143 lege,
1336 2072 1639 2139 requirunt;

522 2162 628 2218 Cur
655 2175 781 2231 ergo
808 2171 1117 2230 praeterear,
1146 2162 1407 2231 sanguine
1428 2162 1631 2229 juncta,
1654 2162 1872 2229 parens?
1924 2184 1927 2187 λ

315 2250 411 2309 85
446 2251 515 2309 Ut
547 2250 775 2307 redimat
819 2250 1077 2324 Dominus
1122 2265 1381 2317 vernam,
1430 2264 1572 2320 saepe
1616 2252 1729 2321 ipse
1776 2265 1891 2318 per»

1687 2341 1869 2413 [Alpes

514 2437 734 2507 Frigora
758 2446 1036 2493 concretas
1058 2450 1175 2491 cum
1204 2438 1324 2491 nive
1347 2436 1543 2502 rumpit
1567 2449 1729 2506 aquas
1757 2452 1770 2487 :

443 2526 609 2582 Intrat
634 2530 686 2582 in
715 2527 913 2582 excisis
943 2527 1237 2580 umbratica
1270 2526 1490 2594 rupibus
1513 2534 1684 2590 antra,

517 2615 834 2671 Ferventem
864 2614 1110 2669 aﬂ'ectnm
1133 2617 1274 2670 nulla
1299 2618 1475 2684 priora
1505 2625 1704 2670 vetant.

442 2706 508 2762 Et
530 2705 668 2759 duce'
690 2703 1003 2767 commotio,
1034 2703 1169 2772 pede
1199 2703 1360 2771 nudo,
1386 2704 1551 2757 currit
1581 2712 1809 2769 amator,

314 2797 406 2853 90
514 2798 685 2865 Atque
711 2807 833 2849 suas
861 2793 1086 2861 praedas,
1119 2794 1272 2847 hoste
1302 2802 1535 2858 vetante,
1563 2793 1720 2860 rapit.

439 2884 703 2940 Adversas
729 2882 871 2937 acies
891 2890 948 2936 et
978 2894 1070 2950 per
1098 2894 1193 2934 sua
1222 2880 1440 2935 vulnera
1468 2886 1678 2944 transit,

505 2972 657 3040 Quod
685 2970 852 3041 cupit,
884 2980 939 3025 ut
984 2971 1198 3039 capiat,
1247 2984 1345 3024 nec
1371 2970 1470 3025 sibi
1502 2970 1667 3039 parcit
1690 2983 1861 3025 amor.

439 3064 538 3117 Ast
561 3077 662 3131 ego
689 3077 785 3131 pro
812 3061 961 3117 vobis
987 3069 1256 3116 momenta
1278 3075 1377 3150 per
1401 3061 1575 3114 omnia
1606 3059 1861 3130 pendens,
2106 3062 2243 3130 Quid
2271 3062 2394 3132 feci,
2427 3075 2483 3120 ut
2508 3082 2609 3123 non
2636 3082 2815 3125 comes
2837 3072 2966 3127 irem
2994 3073 3128 3130 lecta
3160 3077 3421 3150 pheretro,

506 3151 610 3206 Vix
637 3166 781 3206 cura:
805 3151 996 3220 spatio,
1025 3161 1223 3216 mente,
1247 3148 1426 3218 quiete
1452 3150 1616 3206 fruor.
1904 3223 1937 3228 _
2178 3154 2291 3209 Non
2324 3156 2446 3211 licet
2473 3159 2791 3215 exstinctum
2823 3163 2905 3217 vel
2943 3178 3089 3220 meus
3141 3178 3294 3224 ornet
3330 3148 3521 3228 amor?

309 3244 404 3301 95
437 3244 568 3313 Qua:
596 3244 712 3300 loca
742 3254 794 3300 te
819 3253 1053 3309 teneant,
1085 3245 1129 3297 si
1161 3243 1336 3297 sibilat
1376 3258 1523 3308 aura,
1553 3244 1787 3313 requiro,
1889 3223 1938 3287 (ἶ
1969 3242 2072 3298 HS
2109 3245 2292 3314 impia,
2316 3248 2497 3316 crede,
2529 3259 2630 3304 tuae
2659 3266 2745 3305 rea
2784 3267 2921 3319 sum,
2954 3270 3227 3328 germane,
3251 3223 3411 3317 salu—ti

507 3334 715 3400 Nubila,
747 3334 791 3389 si
834 3335 1047 3398 volites,
1079 3332 1305 3401 pendula
1353 3347 1511 3398 posco
1542 3334 1737 3389 locum.

437 3424 633 3481 Bellica
662 3423 919 3488 Persidis,
949 3437 1045 3477 seu
1075 3432 1127 3477 te
1164 3420 1451 3492 Byzantion
1480 3434 1645 3492 optat,

508 3516 702 3568 Ductor
738 3512 1053 3568 Alexandra!
1080 3526 1175 3566 seu
1206 3512 1345 3577 regis
1374 3513 1520 3565 urbis
1548 3512 1718 3578 epes?
1742 3577 1755 3585 μ

3428 456 3535 513 456

2113 555 2215 609 Aut
2242 557 2368 610 mihi
2408 556 2451 610 si
2474 557 2742 625 querulam
2767 573 2975 627 raperet
3004 577 3119 618 sors
3146 565 3322 622 ultima
3353 572 3530 639 vitam,

2199 645 2290 700 Vel
2324 647 2578 700 tumulqu
2606 650 2845 704 manibus
2872 650 3030 727 ferret
3060 670 3216 712 arena
3249 662 3369 725 tuis.
3544 652 3546 655 ’

2120 738 2257 794 Ante
2284 740 2399 807 pios
2427 740 2609 794 oculos
2640 743 2797 796 issem
2844 744 2956 800 sine
2993 746 3107 801 luce
3146 751 3393 822 cadaver,

2190 828 2258 883 Ut
2278 829 2357 881 vel
2383 830 2445 883 ad
2473 832 2749 895 exsequias
2769 848 3163 891 commoverere
3191 855 3356 895 meas.

2193 846 2258 883 Ul
2278 846 2357 881 vet
2383 846 2445 883 au
2473 846 2597 884 exse
2639 847 2749 886 uias
2769 848 3163 891 commoverere
3191 855 3356 895 meas.

2121 918 2217 985 Qui
2246 920 2453 987 spernis
2478 846 2801 989 vltmriletus,
2834 924 3459 1001 lacrymatuthumares;

2194 1011 2366 1078 Atque
2391 1012 2549 1065 dares
2581 1014 2841 1080 planctus,
2862 1016 2947 1083 qui
2976 1018 3130 1071 modo
3156 1021 3312 1075 verba
3340 1039 3519 1092 negas.
3615 1036 3619 1040 ’

2116 1100 2252 1164 Quid
2308 1100 2451 1170 fugio
2507 1118 2839 1169 memorare,
2892 1121 3119 1175 parens,
3178 1112 3301 1178 quid
3346 1112 3531 1168 didere

2224 1228 2232 1235 -
2276 1204 2279 1205 ⁷
2576 1250 2577 1253 η
3303 1188 3536 1273 [Ιηυοιυςῖ

2185 1274 2260 1332 De
2300 1279 2534 1349 nece'(a)
2560 1281 2794 1349 germani
2816 1297 2909 1337 cur
2937 1284 3089 1339 dolor
3114 1287 3219 1341 alta
3250 1292 3427 1346 taces?

1981 1364 2081 1418 125
2120 1366 2355 1434 Qualiter
2386 1369 2588 1424 insidiis
2619 1372 2803 1426 insons
2829 1374 3111 1431 cecidisset
3144 1378 3355 1448 iniquis,

2191 1458 2546 1528 Oppositaque
2575 1462 2677 1515 tide
2700 1472 2882 1530 raptus
2910 1465 2975 1519 ab
3002 1466 3130 1522 orbe
3159 1468 3255 1523 fuit

2118 1546 2184 1601 Et
2204 1548 2329 1601 mihi
2357 1565 2517 1617 quare
2561 1567 2696 1606 novt)
2723 1552 2875 1608 ﬂetus
2916 1556 3197 1614 referendo
3240 1565 3479 1630 sepultos
3507 1610 3521 1633 ,

2190 1637 2359 1707 Atque
2404 1641 2594 1695 iterum
2642 1644 2810 1710 patiar
2889 1646 3013 1701 dum
3064 1648 3402 1719 lacrymando
3447 1659 3526 1712 lo-

2802 1817 2809 1821 .
3344 1745 3497 1816 [quor
3512 1752 3540 1804 τ

2120 1812 2218 1870 Ille
2252 1824 2372 1871 tuos
2402 1819 2621 1888 cupiens
2649 1817 2895 1892 properat
2916 1826 3038 1882 dum
3068 1844 3289 1891 eernere
3320 1812 3527 1908 vultus,

2190 1905 2300 1961 Nec
2319 1921 2445 1962 suus
2467 1910 2728 1981 impletur,
2760 1915 2882 1970 dum
2906 1933 3055 1974 meus
3083 1924 3257 1979 obstat
3288 1926 3437 1984 at’nor

2116 1993 2250 2049 Dum
2275 1997 2405 2055 dare
2429 1999 2559 2054 dura
2591 2004 2720 2059 mihi
2750 2006 2960 2076 refugit,
2991 2011 3090 2066 sibi
3122 2016 3338 2073 vulnera
3372 2021 3487 2077 lixit
3513 2043 3525 2077 :

2190 2085 2410 2144 La‘dere
2436 2092 2524 2158 qui
2555 2092 2746 2158 timuit,
2770 2104 2929 2152 causa
2959 2092 3156 2158 doloris
3184 2108 3353 2165 adest.

2114 2172 2419 2230 Percutitur
2444 2178 2652 2245 juvenis
2684 2192 2863 2238 tenera
2893 2185 3141 2257 lanugine
3167 2192 3344 2251 barba:
3368 2238 3383 2262 ,

2188 2262 2392 2318 Absens
2423 2281 2520 2320 nec
2545 2268 2649 2321 vidi
2680 2269 2862 2325 funera
2886 2272 2997 2327 dira
3020 2291 3190 2332 soror.

1973 2349 2075 2405 155
2120 2351 2231 2407 Non
2262 2354 2431 2410 solum
2455 2358 2635 2423 amisi,
2667 2362 2757 2414 sed
2791 2377 2888 2417 nec
2930 2365 3011 2432 pia
3041 2365 3237 2424 lumina
3267 2373 3453 2439 clausi,

2183 2440 2292 2497 Nec
2318 2446 2791 2511 superincumbens
2818 2451 2997 2507 ultima
3026 2457 3183 2511 verba
3211 2458 3330 2515 dedi

2119 2527 2329 2600 Frigida
2360 2549 2463 2589 non
2495 2535 2668 2591 calido
2696 2540 2914 2608 tepefeci
2940 2543 3141 2600 viscera
3172 2547 3330 2617 ﬂetu,

2186 2618 2376 2674 Oscula
2410 2637 2507 2676 nec
2535 2638 2663 2678 caro
2701 2627 2768 2680 de
2810 2630 3070 2686 moriente
3108 2636 3221 2691 tuli.

2111 2709 2368 2801 Amplexu
2401 2711 2451 2763 in
2485 2712 2680 2801 misero
2731 2730 2903 2784 neque
2948 2720 3087 2775 collo
3130 2725 3320 2783 ﬂebilis
3367 2732 3523 2801 haesi,

2178 2796 2283 2850 Aut
2312 2797 2413 2850 fovi
2444 2794 2672 2855 infausto
2709 2816 2900 2870 corpus
2929 2807 3119 2862 anhela
3147 2812 3286 2866 sinu.

2112 2882 2223 2936 Vita
2250 2886 2553 2955 negabatur,
2581 2888 2699 2956 quia
2725 2890 2833 2962 jam
2858 2892 2921 2948 de
2951 2894 3111 2952 fratre
3140 2903 3310 2956 sorori
3387 2925 3393 2934 -

2177 2972 2370 3029 Debuit
2389 2965 2664 3046 egrediens
2695 2980 3003 3044 halitusme
3032 2989 3165 3055 rapi.

1913 862 1919 870 ι
1982 826 2080 881 120

1905 1878 1952 1941 Β
1984 1900 2084 1955 tso

1968 2793 2071 2847 140

2174 3338 2313 3393 Mors
2340 3340 2426 3395 cui
2466 3341 2576 3407 sola
2609 3342 2705 3410 fui,
2738 3344 2876 3396 nulla
2919 3348 3157 3414 sepulcra
3187 3350 3329 3408 dedi.

2102 3426 2233 3491 Quae
2253 3429 2414 3482 semel
2444 3431 2647 3483 excessi
2682 3430 2925 3496 patriam,
2954 3434 3034 3487 bis
3065 3445 3216 3504 capta
3260 3443 3513 3506 remansi,

2173 3517 2344 3581 Atque
2375 3516 2565 3568 iterum
2599 3517 2799 3581 hostes,
2829 3519 2990 3577 fratre
3012 3523 3239 3589 jaceute,
3272 3528 3382 3581 tuli.

434 3606 517 3659 An
540 3603 1151 3672 Hierosolymaresides
1174 3602 1381 3655 vicinus
1403 3602 1467 3653 ab
1490 3615 1632 3667 arce,

268 3692 399 3751 {00
503 3692 616 3760 Qua
644 3691 946 3761 estgenitus
969 3689 1455 3765 Cbristus,virgine
1474 3701 1661 3751 matre,
1690 3687 1848 3742 Deus.

430 3782 653 3853 Quoque
682 3782 797 3836 haec
827 3780 1128 3835 nullatenus
1157 3779 1404 3849 patefecit
1430 3780 1599 3834 littera
1631 3779 1849 3845 chartis,

503 3869 574 3926 Ut
596 3872 773 3940 magis
804 3868 928 3924 hinc
955 3870 1165 3939 gravior
1206 3879 1444 3924 sumeret
1488 3884 1633 3923 arma
1678 3868 1849 3923 dolor.

428 3951 582 4029 Quod
611 3962 656 4017 si
685 3962 836 4032 signa
873 3962 1002 4015 mihi
1028 3975 1127 4017 nec
1151 3973 1313 4025 terra,
1341 3976 1442 4016 nec
1468 3976 1681 4030 aequora
1728 3962 1851 4015 mit-

1662 4050 1846 4120 [tunt,

498 4136 760 4211 Prospera
786 4142 867 4196 vel
897 4141 1114 4196 veniens
1154 4142 1332 4196 nuntia
1366 4139 1533 4196 ferret
1555 4139 1701 4195 avis!

266 4229 394 4290 105
429 4230 592 4288 Sacra
622 4230 932 4286 monasterii
961 4231 1007 4284 si
1055 4246 1140 4285 me
1171 4245 1274 4285 non
1317 4231 1544 4285 claustra
1575 4237 1844 4293 tenerent,

508 4322 794 4392 lmprovisa
824 4322 1065 4387 aderam,
1085 4336 1187 4391 qua
1218 4322 1434 4389 regione
1459 4321 1634 4375 sedes.

429 4411 681 4480 Prompta
710 4426 827 4480 per,
852 4410 1158 4477 undil’ragas
1191 4410 1497 4463 transissem
1528 4422 1701 4478 puppe
1726 4420 1850 4474 pro-

458 4544 459 4547 η
1621 4500 1804 4553 lcellas
1830 4516 1842 4551 :

496 4588 732 4643 Flatibus
762 4588 1021 4653 hibernis,
1051 4588 1170 4643 laeta
1209 4603 1451 4643 moverer
1476 4499 1648 4665 aquis}.

426 4681 639 4737 Fortior
662 4682 900 4736 eluctans
921 4681 1231 4749 pressissem
1262 4681 1483 4749 pendula
1514 4679 1707 4734 ﬂuctus
1726 4715 1743 4745 ,

260 4775 389 4835 HO
496 4775 564 4830 Et.
600 4775 739 4845 quod
772 4774 908 4827 nuta
956 4772 1126 4840 timet,
1159 4787 1263 4827 non
1302 4774 1589 4842 pavitaSset
1633 4788 1841 4829 amans.

429 4866 691 4924 Imbribus
716 4866 922 4922 infestis
950 4865 992 4920 si
1020 4865 1253 4920 solveret
1280 4866 1418 4920 unda
1458 4867 1690 4919 carinam
1712 4906 1727 4932 ,

492 4960 570 5016 'l‘e
595 4970 851 5029 peterem,
877 4953 1051 5013 tabula
1080 4958 1278 5028 remige
1306 4968 1454 5012 vecta
1488 4960 1642 5013 mari.

424 5051 582 5106 Surte
607 5048 706 5104 sub
728 5048 956 5103 infausta
986 5050 1029 5103 si
1062 5048 1323 5116 prendere
1362 5048 1500 5116 ligna
1546 5058 1770 5114 vetarer,

491 5141 571 5197 Ad
611 5151 662 5195 te
682 5142 974 5201 venissem.
1002 5141 1166 5207 lassa,
1196 5147 1414 5197 uatante
1439 5154 1615 5193 manu.

260 5236 295 5289 ι
313 5234 389 5289 15
420 5232 554 5288 Cum
575 5239 627 5285 te
647 5230 990 5296 respicerem,
1032 5230 1305 5298 peregrina
1329 5228 1521 5295 pericla
1545 5239 1841 5294 negassem,

491 5318 759 5376 Naufra-ii
781 5318 953 5372 dulcis
980 5333 1103 5371 mox
1133 5318 1428 5372 relevasses
1452 5330 1623 5370 onus:
1814 5328 1821 5334 ‘

344 5518 439 5570 7!.
476 5514 774 5598 Forentum.
820 5518 1133 5600 Fortunatus
1177 5514 1649 5600 parentisAnomen
1693 5517 1840 5599 ponit

260 5603 377 5659 pro
405 5594 778 5655 consanguineo
806 5597 861 5642 et
885 5594 1165 5659 propinquo
1188 5628 1204 5653 ,
1229 5594 1366 5665 sicut
1389 5594 1445 5651 et
1480 5602 1637 5657 supra
1662 5628 1678 5655 ,
1710 5599 1761 5643 et
1792 5594 1842 5642 in

260 5672 775 5805 εῗῗξᾷερο-ΐηιιτᾳ
814 5724 1188 5805 ﬁadegltndis,
1238 5726 1418 5805 occiso
1484 5740 1515 5781 a
1562 5696 1839 5795 'Clotario,

259 5793 475 5867 aliquid
502 5793 731 5859 diximus
758 5793 810 5847 in
837 5795 947 5848 Vita
970 5793 1213 5865 Formm,
1242 5815 1295 5852 η.
1325 5798 1416 5852 59.

1874 4558 1926 4620 Β
1974 4648 1985 4651 μ

2096 3598 2245 3654 Tunc
2288 3610 2456 3668 pater,
2501 3616 2562 3657 ac
2609 3606 2855 3671 genitrix,
2902 3617 2954 3661 et
3007 3614 3322 3678 avunculus,
3354 3627 3511 3686 atque

3218 3700 3477 3757 ’Darentes

3218 3700 3231 3723 ⁹
3268 3713 3477 3757 arentes

1954 3771 2057 3829 130
2132 3774 2306 3849 ⁸ρηος.
2358 3777 2538 3833 ﬁerem
2572 3781 2623 3835 in
2669 3784 2897 3850 tumulo,
2928 3786 3158 3844 reddidit
3194 3697 3296 3846 isse
3325 3742 3511 3848 dulor:

2095 3866 2205 3923 Non
2228 3878 2377 3925 vacat
2402 3871 2503 3926 ulla
2526 3872 2639 3928 dies
2659 3875 2926 3945 lacrymis,
2954 3888 3072 3946 post
3103 3879 3283 3937 funera
3315 3884 3512 3957 fratris,

2168 3962 2265 4025 Qui
2294 3977 2472 4017 secum
2502 3964 2565 4018 ad
2609 3981 2791 4021 manes
2823 3969 3008 4036 gaudia
3038 3984 3216 4025 nostra
3260 3977 3413 4033 tulit.

2089 4050 2180 4106 Sic
2208 4053 2415 4106 misera:
2458 4053 2641 4107 dulces
2668 4070 3107 4113 eonsummavere
3139 4074 3396 4130 parentes,

2167 4138 2383 4207 Regius,
2416 4140 2515 4193 hac
2544 4143 2702 4207 serie,
2734 4146 2969 4214 sanguis,
2996 4149 3146 4216 origo
3172 4149 3287 4205 fuit.

1953 4227 2055 4284 155
2095 4228 2225 4292 Quae
2250 4229 2385 4283 mala
2419 4233 2748 4299 pertulerim,
2799 4250 2972 4305 neque
3020 4252 3249 4305 prata-ens
3295 4256 3389 4297 ore
3423 4257 3503 4299 rc—

3254 4327 3468 4399 [ferrem
3490 4378 3505 4400 ,

2164 4407 2269 4461 Nec
2293 4408 2373 4462 sic
2414 4409 2536 4462 lmsa
2573 4419 2659 4467 tuo
2687 4412 2930 4467 consuler
2959 4414 3205 4481 alioquin.

2092 4497 2322 4564 Quaeso,
2382 4515 2570 4555 serene
2613 4516 2843 4569 patens,
2893 4506 2974 4559 vel
3021 4522 3160 4561 nunc
3188 4519 3272 4562 tua
3318 4514 3505 4582 pagina

3269 4597 3288 4666 Ῐ
3308 4610 3503 4669 currat,

2169 4677 2367 4747 Mitiget
2414 4687 2473 4731 ut
2501 4678 2728 4732 validam
2755 4680 2931 4750 lingua
2962 4681 3187 4753 benigna
3219 4683 3377 4740 luem.
3560 4751 3569 4760 .

2098 4763 2276 4834 Deque
2310 4767 2380 4819 tui
2413 4766 2599 4822 similis
2648 4770 2775 4823 milii
2806 4785 2930 4825 cura
2955 4774 3226 4838 sororibus
3257 4775 3369 4830 haec
3398 4786 3499 4838 est,

2154 4856 2293 4921 Quas
2338 4860 2730 4927 consanguineo
2759 4863 2937 4917 cordis
2976 4879 3158 4919 amore
3197 4866 3335 4927 colo.

2086 4944 2193 5000 Nec
2215 4946 2333 5000 licet
2356 4948 2601 5015 amplecti
2632 4965 2751 5017 qua;
2777 4951 2943 5020 diligo
2955 4953 3185 5007 membra
3205 4962 3499 5020 parentum,

2156 5037 2379 5092 Osculor
2408 5047 2497 5092 aut
2539 5039 2692 5095 avide
2742 5043 2921 5096 lumen
2967 5052 3267 5111 utrumque,
3317 5057 3487 5097 soror.

2028 5147 2039 5155 '
2090 5129 2143 5186 Si
2172 5127 2317 5184 velut
2362 5138 2510 5197 opto,
2544 5141 2784 5199 manent,
2819 5118 3023 5201 superis
3066 5145 3196 5200 rogo
3225 5129 3386 5183 redde
3413 5144 3499 5183 sa-

3246 5228 3247 5237 ‘
3304 5217 3497 5291 [lutes,

2156 5312 2361 5377 Proque
2389 5324 2523 5364 mets
2547 5310 2685 5362 votis
2714 5307 2891 5363 oscula
2936 5306 3096 5361 chara
3126 5305 3286 5362 feras.

1949 4857 2049 4912 160

2018 5518 2136 5572 134.
2182 5510 2486 5572 Percutitur.
2523 5520 2641 5576 διε..
2664 5518 2961 5585 percutitur.

2016 5588 2140 5643 MS.
2191 5586 2527 5657 Radegundis
2579 5588 2779 5657 cmdem
2831 5586 3011 5641 fratris
3061 5589 3275 5641 ascribit
3326 5589 3496 5657 culpa:

1945 5675 2072 5719 sure,
2106 5657 2243 5723 quod
2284 5654 2525 5709 eumdem
2572 5669 2601 5706 e
2646 5654 2815 5727 Gallia
2859 5658 3124 5713 excedere
3172 5654 3494 5727 cupientem,

1947 5730 2200 5784 cltaritate
2223 5739 2315 5777 sua
2359 5733 2411 5775 et
2439 5737 2623 5776 amore
2652 5725 2978 5780 retinuisset.

2022 5796 2142 5848 163.
2177 5793 2385 5861 Superis
2406 5804 2501 5861 pro
2530 5795 2879 5861 superstitibus
2908 5796 3102 5865 posuit.
