3948 6218
432 175 540 234 455
1065 168 1378 227 VENANTII
1419 167 1574 223 IION.
1615 166 1816 222 CLEM.
1861 167 2253 225 FOIlTUNATI
2295 165 2575 222 OPEBUH
2616 165 2793 222 PARS
2835 166 2874 220 l.
3543 158 3672 222 65.

541 284 635 341 Sic
659 280 991 350 Radegundis
1011 281 1172 348 enim,
1214 296 1305 347 per
1336 290 1570 350 tempora
1595 280 1770 347 longa,
1810 281 1985 346 requi-
2015 286 2067 345 Α
2188 328 2198 338 ,
2269 279 2504 333 Fletibus
2531 287 2689 348 atque
2717 277 2848 334 meis
2871 276 3068 334 addere
3097 277 3268 334 ﬂenda
3295 278 3442 336 tuis?

607 370 821 424 Pertulit
847 369 957 422 haec
986 369 1136 423 triste
1165 370 1348 439 pagina
1380 380 1555 424 nostra
1582 371 1748 440 loqui.
1841 368 1979 443 [ror,
2151 401 2160 409 -›
2198 375 2495 430 Debueram
2525 373 2698 441 potius
2720 370 3143 426 solamina'lerre
3177 372 3407 439 parenti,

440 461 507 515 15
545 461 670 515 Tale
700 461 879 514 venire
908 459 996 512 diu
1023 467 1324 526 exspectavi
1357 475 1545 514 munus
1573 463 1820 524 amantis,
2090 465 2157 519 50
2267 463 2371 518 Sed
2401 453 2554 515 dolo‘r
2579 461 2826 515 exstincti
2854 462 2995 529 cogit
3023 476 3202 514 amara
3234 460 3399 530 loqui.

607 554 904 623 lllilitiatque
933 562 1036 606 tuae
1065 553 1201 606 hanc
1233 554 1362 606 mihi
1394 556 1558 606 mittis
1590 567 1767 620 opem.
2196 553 2309 607 Non
2337 552 2434 605 luit
2460 567 2522 606 ex
2555 551 2711 620 longa
2737 552 3199 620 consanguinitate
3229 551 3583 628 prepinqnus,

533 644 725 713 Dirigis
752 645 850 697 ista
886 658 1004 696 meo
1034 659 1171 696 nunc
1194 644 1363 697 serica
1396 643 1590 696 vellera
1624 629 1808 711 penso,
1834 644 1836 646 ’
2135 652 2137 654 ’
2265 644 2367 699 Sed
2401 644 2468 698 de
2495 643 2657 702 fratre
2689 645 2853 710 patris
2883 643 3154 711 proximus
3185 643 3272 697 ille
3299 657 3512 711 parens.

609 733 675 786 Ut
703 733 826 784 duttt
852 731 937 785 [ila
971 731 1142 796 traho,
1175 731 1315 784 soler
1336 745 1518 783 amore
1546 732 1742 784 soror?
2193 732 2320 786 Nam
2355 733 2481 786 milti
2510 733 2815 788 Bertharius
2844 741 3017 799 pater,
3043 731 3124 786 illi
3150 730 3595 792 Ermenel’redus.

536 819 758 875 Siccine
776 817 1040 874 εοιιειιιυίι
1067 817 1242 871 valido
1274 829 1358 872 tua
1383 833 1506 872 cura
1537 819 1730 883 dolori,
1917 837 1920 840 λ
2260 823 2539 878 Germanis
2567 822 2754 892 geniti,
2779 837 2875 877 nec
2901 835 3087 876 sumus
3123 807 3252 876 orbe
3276 823 3414 889 pari.

422 911 492 966 20
605 911 830 976 Primus,
860 919 913 962 et
939 917 1208 963 extremus
1239 910 1452 964 nuntius
1479 911 1578 963 ista
1605 911 1798 966 daret?
2087 912 2155 965 35
2195 913 2289 968 Vel
2324 924 2404 976 tu,
2458 916 2621 967 cbare
2661 925 2849 979 nepos,
2883 911 3144 980 placidum
3173 910 3304 966 mibi
3334 911 3498 966 redde
3530 924 3662 980 pro-

535 999 640 1054 Nos
662 1000 811 1052 aliter
835 998 1083 1066 lacrymis
1104 1013 1207 1064 -per
1233 1009 1351 1051 vota
1377 1000 1705 1070 cucurrimus
1732 1002 1942 1070 amplis,
2221 985 2224 988 ’
3349 1002 3669 1073 [piuqunm,

623 1090 852 1145 Venerat
880 1093 1078 1158 optanti
1110 1089 1306 1153 dulcia,
1332 1104 1508 1143 amara
1542 1089 1679 1148 dari.
2128 1092 2130 1094 ’
2266 1091 2329 1144 Et
2358 1091 2431 1145 sis
2460 1105 2643 1146 amore
2673 1105 2821 1144 meus
2843 1089 2981 1159 quod
3005 1089 3102 1144 l‘uit
3131 1089 3217 1144 ille
3245 1091 3392 1157 prius

538 1185 707 1238 Anxia
733 1183 961 1236 sollicito
988 1185 1270 1248 torquebar
1296 1166 1510 1250 pectora
1541 1197 1725 1246 sensu,
2197 1180 2382 1250 Meque
2407 1182 2731 1236 monasterio
2760 1181 2958 1244 missis,
2988 1195 3137 1249 rogo,
3168 1196 3311 1246 stupe
3339 1180 3604 1250 requiras,

591 1271 771 1323 Tanta
797 1270 956 1322 animi
992 1269 1152 1322 febris
1182 1269 1262 1322 his
1291 1281 1559 1324 recreatur
1583 1271 1753 1337 aquis.
2267 1277 2343 1325 Ac
2367 1280 2542 1324 vestro
2561 1270 2761 1324 auxilio
2783 1279 2887 1323 stet
2906 1269 3057 1333 locus
3087 1271 3186 1326 iste
3216 1269 3348 1324 Deo.
3430 1259 3437 1264 ’

446 1359 784 1414 ἳ5οετηετθ
813 1374 915 1412 non
946 1359 1113 1413 merui
1147 1358 1345 1421 vivum,
1382 1373 1480 1413 nec
1510 1359 1696 1416 adesse
1719 1361 1983 1430 sepulcro,
2207 1359 2271 1415 Ut
2298 1350 2420 1413 cum
2450 1369 2618 1414 matre
2647 1360 2730 1428 pia
2758 1360 2906 1414 vobis
2933 1359 3046 1415 haec
3073 1375 3199 1414 cura
3229 1359 3482 1426 perennis

599 1451 846 1504 Perferor
872 1451 1110 1519 exequiis
1137 1451 1301 1504 altera
1330 1451 1518 1505 damna
1550 1452 1673 1506 tuis.
2086 1450 2158 1504 40
2266 1449 2441 1504 Possit
2465 1450 2519 1506 in
2550 1451 2807 1518 astrigero
2833 1450 3052 1506 reddere
3082 1450 3237 1518 digna
3269 1449 3504 1504 throno;

532 1541 638 1595 Cur
667 1550 844 1596 tamen
873 1541 985 1593 haec
1013 1553 1302 1594 memorem
1353 1540 1469 1605 tibi,
1523 1539 1681 1595 charc
1713 1540 1985 1598 Artarchis
2194 1539 2347 1596 Nunc
2375 1540 2502 1594 dum
2532 1540 2811 1594 distribuat
2840 1541 2989 1596 vobis
3010 1540 3251 1596 felicibus
3281 1550 3337 1593 ut
3363 1540 3432 1594 sit

1733 1627 1987 1701 [alumne,
2018 1615 2066 1676 Β
2274 1628 2516 1684 Praesens
2545 1629 2687 1698 larga
2712 1629 2875 1695 salus,
2915 1630 3001 1686 illa
3031 1628 3207 1685 futura
3236 1629 3419 1683 decus.
3511 1686 3514 1690 _

502 1827 588 1900 16.
617 1824 677 1900 ln_
697 1825 834 1900 libro
856 1826 923 1882 de
950 1828 1157 1900 excidio
1186 1829 1491 1899 Tlturingia:
1519 1831 1712 1885 dicitur
1742 1828 1988 1900 Hamale-
2095 1830 2234 1885 Sane
2258 1829 2566 1900 Radegundi
2597 1829 2711 1900 ipsi
2732 1843 2830 1883 nec
2854 1827 3014 1882 frater
3041 1827 3201 1900 ullus.
3228 1839 3328 1881 nec
3352 1839 3508 1879 soror
3534 1833 3667 1900 erat

430 1898 637 1967 [retium
666 1896 718 1948 in
748 1897 968 1967 Oriente
994 1898 1238 1966 degisse:
1292 1896 1430 1954 nunc
1474 1912 1684 1954 secutus
1713 1900 1826 1967 ipse
1853 1899 1989 1952 ntili-
2094 1911 2382 1966 superstes,
2410 1896 2492 1952 'ut
2539 1896 2626 1952 exi
2661 1899 2746 1951 Itis
2796 1907 3039 1965 nepotem
3073 1898 3268 1952 habere
3299 1905 3496 1967 posset.
3552 1899 3675 1967 Aut

429 1966 557 2041 t_ia_m
609 1963 1149 2041 narratur.__Yidetur
1205 1971 1403 2041 itaque
1430 1972 1527 2023 sub
1581 1963 1988 2041 imperatoribus
2091 1963 2317 2041 igitur‘is
2344 1968 2697 2041 Hamaleitjedi
2730 1963 2878 2041 (ilius
2895 1975 3029 2041 erat,
3059 1977 3150 2041 aut
3171 1965 3372 2036 sororis
3397 1963 3678 2041 ejus..Ac

428 2034 660 2091 Orientis
691 2034 952 2104 stipendia
981 2039 1259 2104 meruisse,
1295 2033 1360 2094 et
1385 2040 1608 2093 fortasse
1639 2033 1689 2091 in
1733 2037 1873 2092 bello
1897 2051 1987 2090 oc-
2092 2033 2137 2092 si
2164 2039 2512 2105 lladegundes
2560 2038 2654 2090 lib.
2692 2053 2706 2089 I
2739 2033 3145 2105 Hamalelredi,
3172 2033 3492 2105 etstirorttm
3521 2033 3673 2098 ejus,

425 2105 692 2173 cubuisse.
732 2101 781 2173 γ’
811 2147 816 2155 .
964 2165 966 2168 ν
1247 2101 1254 2104 ⁷
2091 2122 2190 2173 pro
2218 2101 2491 2165 clta'ritatis
2514 2106 2924 2170 necessitudine,
2980 2119 3084 2158 non
3117 2103 3325 2166 dubitat
3372 2101 3558 2159 dicere
3611 2112 3680 2156 se

499 2172 590 2226 55.
618 2175 698 2225 An
729 2172 815 2226 hic
843 2173 1109 2234 Artachis,
1153 2188 1247 2228 seu
1272 2176 1542 2230 Artarchis
1573 2175 1704 2229 liiius
1733 2173 1985 2226 dicendus
2089 2172 2357 2239 Sororem,
2389 2177 2470 2227 bis
2502 2173 2677 2226 verbis
2705 2192 2718 2226 :
3449 2176 3452 2180 ’

426 2251 512 2323 est
533 2241 729 2323 sororis
749 2240 1138 2296 Hamalel‘redi?
1163 2261 1316 2310 quatn
1339 2245 1470 2299 forte
1494 2246 1691 2298 indicat
1708 2243 1986 2312 Radegunq
2179 2262 2353 2323 neque
2375 2264 2443 2312 ωδ
2468 2262 2634 2311 simili,
2654 2262 2772 2311 mihi
2794 2275 2906 2310 ουτ,
2923 2262 3169 2312 sororibus
3193 2260 3297 2323 hac
3321 2264 3416 2320 est,

431 2311 527 2365 des
551 2310 639 2363 illo
664 2324 817 2362 versu
844 2325 858 2363 :
1497 2361 1500 2364 λ
1861 2310 1874 2312 ⁷
2181 2310 2194 2312 ⁷
2237 2310 2368 2382 O'uas
2383 2310 2753 2383 consanguineo
2771 2325 2928 2370 cordis
2953 2310 3116 2370 amore
3143 2320 3268 2370 colo.

555 2397 619 2448 υι
642 2411 749 2446 cum
769 2404 923 2447 matre
945 2400 1024 2460 pia
1046 2401 1178 2451 vobis
1194 2403 1300 2452 haec
1321 2417 1434 2453 cura
1454 2404 1701 2465 perennis,
1716 2411 1808 2451 etc.
2179 2383 3512 2465 Νεῖτξὲίεει.Ἢ[εξεεξηαξξὲιέψερλξξεξπψξι,ἓξεευιυωι

425 2479 488 2534 m
573 2445 582 2448 ⁷
706 2445 713 2446 “
854 2445 862 2446 “
905 2445 917 2447 ἡ
947 2445 1024 2460 τ’“
1056 2445 1177 2451 ”’““”
1195 2445 1299 2452 ””’
1324 2445 1434 2453 ““““
1454 2445 1808 2497 ἴ“’““ῗ”“⁷’““
1939 2484 1952 2495 .
2010 2479 2014 2484 .
2241 2447 2440 2494 Osculor
2458 2447 2542 2494 a‘ut
2563 2445 2704 2493 avide
2725 2445 2887 2492 lumen
2909 2453 3191 2506 utrumque,
3217 2455 3370 2490 soror.

494 2495 519 2533 a
548 2494 710 2548 enim,
744 2480 965 2534 fortasse
992 2481 1208 2538 fratrem
1240 2496 1420 2539 secuta
1455 2503 1505 2538 m
1535 2486 1833 2548 Orientem,
1885 2483 1987 2537 ah-
2304 2530 2476 2548 ημ-
2534 2530 2715 2548 ,____
3232 2540 3362 2548 μή

432 2529 1505 2620 6ἑῷὲόἑᾲὲιί“ίιίιὶ›ἐὲῖεὶὶξ””ρῖἔε“ὲίῖὶίὶἱὶ
1530 2529 1989 2608 adiutans.
2089 2531 2268 2620 99599}
2287 2530 2506 2620 mea,
2533 2530 2720 2582 horum
2751 2529 2976 2596 alicujus
3022 2529 3187 2585 unum
3230 2534 3677 2594 ηομοιεωειιιιω

427 2597 539 2673 tum
559 2597 846 2672 ’Ᾰῖιὶιῖὲίὶῆ
865 2597 905 2670 εἷ
1143 2597 1667 2690 ἰὤὲῖἆῗέὂὶἑυᾝῦἱι
1682 2597 1990 2687 ῗιίέἕίὲιῖεἷ.
2091 2601 2257 2666 potuit
2283 2601 2459 2658 dicere
2483 2597 2506 2650 ?

439 2829 3673 2861 mm

1366 3046 1909 3154 LECTORI
1984 3040 2710 3152 BENEVOLO.

503 3444 635 3498 Cum
679 3445 951 3512 superiore
984 3444 1252 3499 volumine
1280 3460 1341 3499 ea
1383 3444 1940 3512 eompreltenderimus
1975 3458 2091 3512 quas
2129 3443 2410 3497 Browerus
2452 3444 2673 3497 antehac
2713 3441 2983 3508 ediderat,
3023 3454 3123 3495 nec
3161 3453 3267 3495 non
3309 3438 3680 3518 additamenta

435 3536 559 3600 alia,
601 3536 1042 3603 quemadmodum
1086 3537 1138 3588 in
1179 3536 1486 3602 praefatione
1526 3537 1644 3589 huic
1683 3542 1878 3588 nostra:
1918 3533 2151 3587 Editioni
2192 3533 2402 3601 praeﬁxa
2441 3532 2819 3598 indicavimus,
2864 3532 2964 3585 hoc
3003 3532 3174 3587 altero
3211 3531 3480 3586 volumine
3520 3532 3679 3588 Vitas

438 3631 743 3677 sanctorum
773 3623 1032 3689 complexi
1073 3636 1273 3685 sumus,
1313 3637 1442 3690 quas
1479 3638 1509 3677 a
1541 3622 1800 3678 Venantio
1840 3623 2128 3680 Fortunato
2158 3624 2487 3689 conscriptas
2520 3622 2682 3676 fuisse
2710 3630 2964 3687 constat,
2986 3636 3085 3678 nec
3121 3636 3224 3677 non
3263 3623 3521 3690 opuscula
3564 3625 3674 3681 alia

439 3727 558 3780 qua:
587 3711 700 3777 ejus
739 3712 836 3765 sub
874 3713 1085 3768 nomine
1112 3712 1573 3778 circumleruutur,
1607 3721 1696 3766 aut
1723 3713 1789 3767 ab
1817 3711 2084 3781 aliquibus
2121 3710 2294 3767 eidem
2335 3710 2584 3765 attributa
2624 3712 2784 3766 fuisse
2811 3710 3133 3778 accepimus.
3175 3712 3395 3779 Ita-qua
3422 3711 3678 3778 dispersa

439 3804 628 3857 alienis
656 3803 707 3857 in
735 3805 1004 3872 operibus,
1034 3815 1086 3859 et
1112 3805 1322 3873 scriptis
1350 3804 1778 3869 continebantur,
1818 3805 2066 3872 opuscula
2100 3802 2404 3868 Fortunati,
2448 3801 2690 3856 universa
2731 3802 2924 3866 habes,
2964 3804 3133 3856 amice
3163 3802 3348 3866 lector,
3391 3802 3492 3856 hoc
3520 3803 3680 3858 volu-

446 3893 589 3946 mine
620 3893 1022 3959 cnmprehensa.
1054 3893 1131 3945 Ac
1156 3908 1221 3944 ne
1251 3893 1353 3944 ulla
1386 3893 1434 3943 in
1465 3906 1523 3944 re
1555 3902 1605 3943 te
1635 3892 1928 3944 fraudatum
1963 3893 2150 3945 merito
2176 3891 2427 3959 conqueri
2458 3903 2664 3957 posses,
2690 3890 2981 3957 adjecimus
3009 3891 3092 3944 vel
3119 3890 3456 3945 doctissimas
3490 3900 3675 3955 notas,

443 3984 633 4051 quibus
660 3983 730 4035 cl.
764 3981 1008 4035 Editores
1036 3980 1220 4034 eadem
1254 3981 1603 4044 illustrarunt,
1637 3979 1832 4045 aliquid
1863 3981 2018 4033 etiam
2050 3983 2133 4035 vel
2160 3982 2225 4036 de
2255 3990 2436 4036 nostro
2466 3981 2698 4047 ingenio,
2732 3981 2819 4034 ubi
2848 3988 3201 4045 opportunum
3231 3979 3538 4045 videbatur,
3572 3981 3676 4036 ad-

439 4075 662 4136 dentes;
695 4085 797 4140 qua
828 4074 878 4125 in
909 4086 967 4124 re
997 4073 1223 4140 aliquam
1251 4087 1281 4124 a
1313 4081 1364 4125 te
1391 4074 1611 4140 gratiam
1643 4072 1881 4124 inituros”
1901 4085 2003 4124 non
2032 4071 2350 4128 dubitamus.
2385 4075 2658 4130 Postremo
2688 4081 2866 4125 autem
2897 4072 3013 4125 loco
3041 4086 3254 4145 carmen
3275 4112 3292 4135 ,
3324 4073 3391 4126 de
3421 4071 3676 4123 Phania

442 4161 774 4229 inscriptum,
816 4175 910 4230 pro
938 4163 1146 4215 cumulo
1186 4163 1306 4216 huic
1344 4162 1594 4215 volumini
1637 4160 1922 4229 adjecimus
1952 4162 2029 4230 (α)
2061 4179 2072 4212 :
2105 4162 2241 4229 quod
2273 4178 2390 4216 cum
2430 4165 2600 4229 primo
2644 4164 3049 4232 praetermittere
3077 4162 3525 4226 decrevissemus,
3570 4174 3677 4215 nou

438 4254 610 4307 solum
643 4254 780 4322 quod
811 4254 963 4321 vulgo
990 4253 1262 4307 Lactantio
1294 4253 1572 4318 tribuatur,
1616 4253 1708 4307 sed
1752 4255 1907 4306 etiam
1942 4253 2079 4320 quod
2122 4252 2278 4305 nullis
2318 4252 2369 4305 in
2412 4265 2538 4306 mss.
2582 4252 2748 4307 Codd.
2793 4265 2973 4307 nostro
3016 4253 3306 4308 Fortunato
3343 4253 3675 4323 assignatum

443 4344 758 4411 reperiatur,
788 4345 912 4412 quin
944 4353 997 4396 et
1025 4344 1143 4412 Styli
1172 4344 1538 4396 dissimilitudo
1565 4359 1593 4395 a
1630 4345 1764 4412 style
1799 4342 2097 4405 Fortunati,
2127 4353 2183 4394 ut
2213 4353 2389 4396 nostra
2420 4342 2520 4395 fert
2550 4344 2843 4404 sententia,
2871 4343 2919 4394 id
2949 4342 3286 4405 dissuadeat,
3319 4343 3396 4395 uti
3428 4357 3530 4396 suo
3561 4343 3678 4399 loco

441 4434 831 4496 adnotabimtts,
860 4445 1039 4499 postea
1067 4434 1233 4486 visum
1265 4444 1345 4485 est
1378 4435 1456 4486 vel
1489 4433 1622 4485 istud
1657 4433 1776 4485 huic
1806 4431 2060 4484 volumini
2092 4447 2330 4495 assuere,
2364 4431 2502 4499 quod
2533 4431 2804 4494 nonnulli,
2838 4430 2957 4483 licet
2983 4430 3167 4499 pauci,
3193 4429 3341 4495 illud,
3377 4439 3434 4484 ut
3467 4442 3680 4502 auctori

447 4540 568 4590 suo,
601 4525 867 4576 ascribant
906 4523 1002 4590 ipsi
1036 4521 1346 4586 Fortunato,
1379 4537 1483 4589 quo
1525 4521 1654 4574 nihil
1685 4535 1867 4573 eorum
1898 4513 2015 4587 quae
2054 4522 2152 4575 sub
2193 4521 2306 4588 ejus
2345 4520 2558 4573 nomine
2587 4519 2944 4584 venditantur,
2975 4530 3026 4574 et
3054 4522 3119 4573 ad
3159 4523 3402 4575 notitiam
3436 4532 3674 4578 nostram

449 4618 830 4682 pervenerunt,
863 4613 1075 4666 deesset
1105 4614 1227 4666 huic
1271 4612 1530 4674 Editioni,
1564 4626 1718 4679 quam
1751 4621 1992 4679 optamus
2021 4612 2417 4667 cumulatiorem
2450 4612 2933 4681 aceuratioremque
2960 4627 3068 4680 pre
3098 4615 3336 4682 caeteris,
3368 4631 3489 4686 quae
3517 4629 3673 4678 ante-

453 4707 550 4760 ltac
577 4703 842 4756 adornatae
874 4700 1102 4763 fuerunt,
1133 4701 1393 4766 publicam
1425 4701 1474 4752 in
1506 4700 1671 4754 lucetn
1706 4701 1934 4768 prodire.
1967 4702 2172 4756 Interea
2205 4702 2334 4766 vale,
2371 4703 2597 4771 benigne
2627 4702 2814 4757 lector.

525 4885 599 4952 (tt)
640 4885 750 4939 iloc
779 4898 989 4938 carmen
1020 4881 1260 4945 dedimus
1293 4880 1428 4934 inter
1461 4878 1713 4934 Lactantii
1744 4892 1926 4947 opera,
1961 4879 2271 4948 Patrologia:
2304 4890 2431 4933 tom.
2465 4878 2574 4934 Vll.
2607 4879 2704 4936 Hic
2730 4894 2858 4951 ergo
2887 4880 3220 4943 omittemus.
