3948 6218
163 344 291 399 ιιι

1300 340 1454 394 VITA
1494 334 1563 392 S.’
1595 332 1851 391 lilLARll
1892 332 2378 419 PICTAVIENSIS.

3317 335 3422 392 ΑΒ

167 455 363 522 digne
400 453 621 521 loquor,
664 450 888 506 fortasse
936 448 1212 519 iujuriam;
1268 450 1359 504 sed
1402 445 1625 502 concedi
1660 458 1751 511 per
1779 443 1829 501 Δ
1854 456 1969 500 elus
1994 457 2094 503 est.
2126 412 2411 504 Crescebat
2440 450 2491 504 in
2522 464 2588 503 eo
2618 448 2855 516 quotidie
2880 449 3081 517 opinio,
3110 447 3416 504 famulatrix

169 546 411 599 veniam
440 542 729 605 credimus,
759 543 897 611 quod
939 543 1221 597 devotione
1262 550 1529 607 peccatur.
1580 540 1645 590 Et
1691 554 1755 590 ne

170 643 469 703 protracta
500 636 684 703 pagina
712 630 985 687 fastidium
1014 634 1187 700 potius
1214 640 1431 701 generet
1452 644 1608 697 quam
1638 644 1759 696 pro-

170 736 357 793 vocet
383 726 700 786 auditorem,
730 738 868 776 nunc
894 722 960 776 de
988 723 1104 790 ejus
1131 721 1249 774 Vita
1280 734 1662 789 proponamus.

482 914 483 917 η
566 868 977 941 INCIPIT
1028 867 1382 939 LIBER.

264 1001 331 1054 5.
362 997 519 1066 Igitur
542 995 725 1050 beatus
752 995 996 1063 llilarius,
1025 995 1356 1048 Pictavorum
1381 993 1526 1047 urbis
1555 992 1759 1060 epiScoo

178 1103 327 1156 pus,
371 1070 603 1156 regionis
635 1084 980 1151 ‘Aquitania:
1034 1084 1287 1139 oriundus
1339 1083 1474 1149 fuit,
1525 1098 1641 1151 qua:
1690 1082 1758 1136 ab

171 1176 416 1232 Oceano
450 1175 750 1229 Britannico
777 1174 888 1228 fere
917 1173 1150 1227 millibus
1178 1170 1205 1208 ι’
1238 1173 1523 1241 nonaginta
1566 1170 1753 1239 sejun-

176 1264 377 1331 gitur;
400 1262 547 1331 apud
574 1260 867 1315 Gallicanos
896 1276 1021 1314 vero
1051 1259 1287 1314 familias;
1303 1258 1595 1312 nobilitatis
1627 1258 1758 1311 lam-

173 1353 336 1420 pade
380 1368 483 1406 non
528 1353 806 1415 obscurus,
839 1352 946 1406 imo
983 1351 1149 1420 magis
1196 1365 1305 1418 pra:
1350 1349 1560 1404 caeteris
1588 1349 1756 1419 gratia

178 1442 575 1511 generositatis
604 1451 843 1504 ornatus,
879 1442 1054 1495 nitore
1101 1440 1330 1508 pectoris
1363 1438 1568 1502 addito,
1609 1440 1758 1507 quasi

181 1531 470 1598 refulgens
510 1530 719 1583 Lucifer
744 1531 881 1583 inter
920 1542 1080 1593 astra,
1108 1529 1385 1598 processit.
1415 1528 1578 1595 Cujus
1607 1543 1637 1580 a
1658 1541 1757 1580 cu-

183 1620 416 1672 nebulis
448 1628 586 1672 tanta
615 1619 870 1682 sapientia
901 1618 1165 1684 prituitiva
1198 1618 1488 1671 laetabatur
1517 1616 1755 1679 infantia,

183 1717 255 1761 ut
279 1696 396 1776 jam”
421 1719 544 1761 tunc
572 1708 825 1774 potuisset
852 1706 1073 1776 intelligi
1096 1704 1364 1760 Christum
1394 1705 1446 1759 in
1495 1706 1604 1758 suis
1630 1720 1753 1759 cau-

184 1797 296 1860 ais,
325 1810 422 1864 pro
443 1794 725 1853 obtinenda
755 1795 992 1857 victoria.
1021 1794 1376 1849 necessarium
1406 1794 1503 1849 sibi
1528 1794 1755 1861 iussisse

187 1886 423 1938 militem
470 1884 765 1953 propagari.
817 1884 1057 1953 Denique
1102 1884 1380 1953 coniugem
1431 1884 1651 1949 habens,
1704 1894 1757 1938 et

187 1973 385 2037 filiam,
433 1973 504 2026 ita
543 1972 865 2040 plenitudine
913 1972 1121 2027 Domini
1169 1973 1506 2028 venerabiles
1545 1973 1752 2027 animos

188 2061 575 2119 ecclesiasticae
604 2063 797 2128 regula:
828 2062 1055 2129 tradidit
1071 2046 1449 2123 informandos,
1485 2070 1543 2114 ut
1585 2061 1758 2115 adhuc

185 2154 250 2206 in
299 2151 470 2206 laicali
512 2150 782 2219 proposito
820 2149 1155 2214 constitutus,
1184 2150 1363 2204 divino
1390 2157 1541 2234 nutu,
1574 2148 1756 2216 ponti-

192 2244 321 2297 ficis
345 2242 565 2312 gratiam
594 2240 915 2309 possideret;
942 2240 1011 2293 ita
1052 2254 1114 2295 se
1152 2239 1325 2309 ipsum
1354 2239 1562 2307 propria
1594 2237 1753 2291 disci-

187 2333 341 2400 plina
383 2334 662 2387 coercebat
692 2340 716 2370 ο
746 2330 1008 2395 intonsus,
1045 2329 1199 2400 quasi
1245 2330 1473 2384 futuram
1521 2329 1754 2399 speciem

191 2422 459 2485 iudicans,
484 2429 541 2473 ut
579 2420 1057 2487 irreprebensibilis
1081 2422 1134 2473 in
1167 2420 1364 2489 templo
1389 2418 1589 2474 Christi
1623 2434 1757 2486 prte-

191 2520 476 2577 pararetur
501 2511 767 2565 sacerdos.
793 2510 926 2565 Nam
952 2512 1095 2580 quod
1124 2512 1263 2567 inter
1303 2510 1557 2566 mortales
1580 2508 1756 2565 adhuc

191 2601 360 2655 valde
387 2600 588 2655 videtur
616 2600 832 2656 difficile
873 2613 982 2657 tam
1025 2611 1242 2657 cautum
1273 2616 1393 2656 esse
1417 2616 1752 2670 quemquam,

192 2692 291 2759 qui
322 2705 379 2745 se
421 2706 452 2745 a
474 2690 668 2747 Judaeis
693 2692 777 2747 vel
824 2692 1088 2747 haereticis
1114 2693 1236 2746 cibo
1264 2690 1577 2759 suspendat,
1618 2692 1752 2745 adeo

192 2782 282 2836 vir
308 2783 671 2837 sanctissimus
717 2784 896 2837 hostes
922 2783 1197 2844 catholica:
1243 2781 1514 2851 religionis
1560 2781 1755 2835 abhor-

195 2876 329 2943 ruit,
358 2884 416 2929 ut
455 2890 561 2929 non
598 2875 1136 2942 dicam-convivium,
1165 2874 1259 2930 sed
1289 2888 1459 2941 neque
1503 2871 1755 2928 salutatio

195 2964 251 3019 ei
306 2963 460 3018 fuerit
506 2979 625 3018 cum
673 2965 757 3018 bis
806 2963 1142 3033 prastereunti
1198 2962 1511 3020 communis.
1544 2960 1757 3022 Vitabat

1859 539 2141 603 virtutum;
2177 554 2274 593 nec
2313 549 2427 593 erat
2456 539 2592 592 fama
2624 540 2741 607 ejus
2779 547 3027 593 contenta
3054 537 3417 604 circumjectas

1862 638 2059 681 tantum
2087 627 2282 683 Gallias
2326 628 2615 692 illustrare,
2667 630 2763 683 sed
2809 638 3022 681 exteras
3071 628 3334 691 nationes,
3366 635 3421 678 et

1859 718 2104 787 regiones
2147 718 2415 787 implebat,
2459 720 2768 773 meritorum
2813 720 2985 788 gratia
3034 726 3415 786 percurrente;

1858 807 2039 877 sicque
2065 818 2239 861 actum
2274 816 2356 862 est
2379 818 2436 863 ut
2465 808 2517 862 in
2546 812 2657 862 toto
2683 808 2814 862 orbe
2835 807 3092 869 velociter
3119 807 3260 862 beati
3289 820 3421 875 pon-

1862 898 2016 952 tificis
2044 899 2208 967 gloria
2237 900 2506 954 militaret.
2660 960 2661 963 η

1929 990 1983 1043 5.
2018 989 2179 1057 Igitur
2226 984 2524 1044 Constantii
2586 989 2919 1058 imperatoris
2976 997 3243 1059 tempore,
3295 1002 3416 1041 cum

1859 1079 2051 1133 Ariana
2098 1079 2339 1143 haeresis,
2386 1090 2643 1135 venenata
2695 1080 2764 1134 de
2813 1079 3039 1135 radieetl
3069 1080 3200 1134 ﬂore
3245 1078 3420 1133 toxico

1864 1161 2189 1236 pullularet,
2232 1176 2354 1223 tunc
2396 1169 2480 1223 vir
2529 1170 2937 1233 sanctissimus,
2979 1170 3171 1223 timore
3221 1169 3417 1233 nudus,

1861 1260 1981 1315 fidei
2040 1260 2272 1319 fervore.
2298 1261 2542 1324 vestitus,
2600 1260 2750 1329 quasi
2820 1260 3036 1328 signifer
3084 1258 3420 1328 belligerator

1861 1367 1955 1421 per
1983 1351 2181 1405 medias
2207 1352 2348 1406 acies
2399 1352 2538 1406 inter
2583 1351 2803 1406 hostiles
2836 1351 3106 1415 fremitus,
3138 1329 3415 1404 inter.h:e-

1859 1441 2051 1497 retices
2091 1441 2332 1513 gladios,
2397 1455 2457 1497 se
2524 1441 2799 1509 ingerebat
2847 1439 3161 1507 intrepidus.
3214 1437 3412 1491 Christi

1859 1530 2115 1586 charitate
2161 1544 2402 1596 securus,
2451 1531 2579 1583 nihil
2631 1530 2699 1583 de
2743 1543 2837 1584 sua
2882 1538 3054 1582 morte
3100 1527 3411 1586 formidans,

1862 1626 1886 1656 ⁸
1915 1620 2042 1673 illud
2086 1622 2257 1673 selum
2298 1624 2561 1683 metuens,
2596 1616 2734 1686 quod
2764 1617 2925 1684 absit,
2956 1616 3261 1683 praeiudicio
3291 1614 3417 1667 reli-

1856 1707 2027 1778 gionis
2049 1709 2242 1777 .illato,
2273 1708 2586 1763 neviveret.
2624 1706 2756 1761 Hinc
2781 1721 2812 1758 a
2846 1705 3065 1759 Valente
3107 1712 3163 1758 et
3193 1702 3414 1757 Ursacio

1862 1797 2142 1866 episcOpis,
2173 1796 2261 1865 qui
2297 1811 2456 1865 prava
2486 1788 2796 1851 credulitate
2839 1795 3128 1850 Ecclesiam
3172 1793 3265 1847 Dei
3303 1800 3415 1846 tur.

1859 1889 1986 1946 bare
2010 1888 2353 1959 pertinaciter
2384 1886 2720 1951 insistebant,
2762 1885 3069 1953 imperatori
3100 1898 3409 1952 persuasum

1857 1990 1939 2035 est
1976 1990 2035 2033 ut
2076 1978 2245 2033 virum
2290 1977 2735 2041 eruditissimum,
2782 1976 2849 2029 de
2893 1968 2999 2044 quo
3049 1974 3331 2041 loquimur,
3360 1979 3418 2025 et

1861 2066 2163 2136 Dionysium
2207 2065 2678 2130 Mediolanensem,
2734 2071 2789 2120 et
2846 2064 3133 2123 Eusebium
3188 2061 3416 2116 Vercel-

1858 2157 2081 2223 lensem,
2122 2155 2307 2209 exsilio
2342 2152 2363 2193 ¹
2393 2154 2785 2209 condemnaret.
2836 2153 2978 2207 Nihil
3021 2154 3161 2206 enim
3208 2160 3415 2219 poterat

1856 2254 1979 2299 ante
2019 2243 2421 2311 insuperabilem
2449 2241 2616 2297 sancti
2652 2241 2838 2296 llilarii
2869 2240 3166 2295 facundiam
3194 2238 3409 2292 hereti-

1855 2348 1951 2389 cus
1975 2334 2233 2388 obtinere.
2276 2332 2541 2403 Sperabat
2572 2332 2714 2387 enim
2748 2330 2916 2386 hostis
2960 2329 3080 2383 fidei
3125 2328 3326 2397 aliquas
3354 2342 3413 2381 se

1857 2422 2089 2478 nebulas
2120 2418 2389 2491 splendori
2438 2420 2704 2474 catholico
2758 2434 2913 2487 posse
2967 2417 3313 2486 praetendere,
3363 2415 3410 2469 si

1858 2524 2096 2568 retrusus
2143 2505 2335 2566 exsilio
2385 2512 2464 2565 vir
2508 2510 2628 2566 talis
2682 2526 2713 2565 a
2769 2509 3058 2564 certamine
3110 2507 3411 2572 defuisset,

1856 2599 2103 2669 quoniam
2128 2599 2173 2654 si
2201 2599 2317 2669 quis
2343 2612 2622 2666 pervorsus
2644 2597 2811 2652 voluit
2831 2610 2952 2652 cum
2980 2596 3073 2651 illo
3100 2592 3407 2662 conﬂigere,

1858 2703 1923 2743 ac
1949 2688 1993 2742 si
2021 2696 2196 2740 mutus
2218 2697 2271 2741 et
2292 2686 2537 2750 claudus.
2581 2699 2678 2741 nec
2702 2684 2861 2740 verba
2892 2691 3099 2753 poterat
3143 2681 3405 2753 proferre,

1858 2790 1956 2830 nec
2007 2773 2439 2842 responsionibus
2484 2787 2735 2837 currere;
2779 2772 2874 2826 sed
2919 2770 3070 2840 quasi
3118 2780 3303 2823 natans
3353 2767 3409 2822 in

1800 2848 1827 2866 ’
1858 2866 2067 2934 pelago,
2097 2871 2220 2919 ante
2267 2863 2485 2917 fluctum
2533 2861 3005 2931 ejus.eloquenti:e
3049 2858 3404 2929 mergebatur.

1856 2951 2036 3017 itaque
2064 2952 2118 3004 in
2154 2950 2435 3020 Phrygiam
2468 2950 2606 3004 Asiae
2648 2950 2917 3018 regionem
2962 2948 3154 3002 missus
3195 2945 3405 3011 exsilio,

196 3052 336 3115 bare,
367 3051 614 3106 Davidico
655 3051 898 3105 suffultus
938 3052 1203 3120 exemplo,
1241 3065 1311 3105 ne
1339 3056 1457 3104 cuin
1489 3049 1747 3103 haereticis

1857 3039 1921 3103 ad
1948 3047 2289 3107 augmentum
2318 3038 2550 3101 virtutis,
2573 3037 2770 3105 gratias
2798 3035 2906 3107 egit
2931 3036 3059 3101 Deo,
3089 3036 3209 3106 quia
3234 3048 3405 3105 quan-

1858 3137 1960 3146 ..-μ
2000 3142 2087 3146 __._
2122 3126 2329 3146 _-_s,.-
2370 3124 2561 3146 t‘l-..2-.!
2596 3125 2796 3146 I-__:_--
2828 3125 3125 3146 At---J-L-.
3178 3124 3237 3146 Δ-
3290 3122 3400 3146 ..ΑΙΑ

200 3152 439 3192 mensam
489 3138 866 3207 participando,
921 3140 1071 3192 fleret
1124 3139 1197 3191 illi
1252 3139 1305 3191 in
1352 3136 1750 3191 scandalum.0

198 3244 357 3297 quam
399 3228 838 3297 perfectissimum
888 3228 1104 3292 laieum,
1144 3226 1297 3295 cujus
1328 3226 1621 3301 imitatores
1651 3226 1752 3293 ipsi

198 3324 359 3381 etiam
396 3336 513 3376 esse
538 3322 839 3376 desiderant
865 3319 1196 3384 sacerdotes;
1226 3318 1310 3372 cui
1339 3332 1442 3373 non
1473 3317 1571 3373 fuit
1608 3316 1749 3372 aliud

198 3414 401 3475 vivere,
452 3411 549 3465 nisi
599 3411 866 3464 Christum
918 3424 1038 3462 cum
1085 3393 1373 3462 dilectione
1430 3408 1635 3469 timere,
1695 3415 1749 3461 et

199 3514 321 3563 cum
348 3500 533 3552 timore
556 3498 795 3564 diligere,
824 3494 975 3563 cujus
1002 3508 1257 3562 sequaces
1284 3502 1501 3547 currunt
1538 3492 1611 3566 ad.
1635 3487 1749 3561 glo-

200 3590 357 3651 riam,
385 3587 707 3640 divertentes
747 3584 817 3637 ad
869 3582 1129 3651 pmnani;
1161 3583 1397 3639 credenti
1452 3584 1748 3638 succedunt

206 3675 439 3746 pra-mia,
471 3673 737 3727 recusanti
763 3680 1023 3728 tormenta
1048 3673 1062 3725 l
1092 3671 1193 3738 Qui
1216 3686 1400 3727 omnes
1429 3672 1495 3726 de
1539 3673 1624 3740 pio
1664 3673 1747 3728 re;

201 3764 411 3833 ligionis
433 3777 591 3832 opere
613 3772 973 3825 commoneas,
1005 3776 1142 3816 nunc
1160 3760 1291 3815 alios
1313 3762 1380 3833 de
1407 3760 1744 3817 confessione

199 3852 575 3908 inmstimabilis
644 3860 838 3906 sancta:
891 3850 1161 3905 Trinitatis
1208 3840 1538 3915 informatus,
1604 3865 1743 3905 nune

197 3942 433 4009 reliquos
475 3939 821 4007 promissione
870 3939 1016 4005 regni
1060 3937 1293 3991 cmleStis
1343 3937 1599 4002 invitam,
1638 3952 1740 3992 non

196 4034 439 4087 cessabat
464 4031 516 4085 in
540 4032 743 4100 plebem
766 4030 923 4084 verba
958 4014 1216 4094 veritatis,
1256 4031 1479 4085 fructum
1509 4030 1629 4085 fidei
1655 4046 1742 4087 re-

194 4121 502 4185 dundantia,
524 4121 805 4177 seminare.

268 4214 325 4268 ι.
354 4213 465 4293 Quo
488 4211 785 4289 cognito-de
813 4220 1000 4269 sancto
1027 4210 1244 4275 Hilario,
1267 4210 1509 4277 quoniam
1539 4220 1739 4265 tantum

203 4304 404 4366 lumen,
430 4302 528 4355 etsi
557 4300 828 4367 voluisset,
859 4302 1022 4356 latere
1048 4315 1151 4353 non
1196 4301 1383 4368 potuit,
1412 4303 1605 4369 quippe
1648 4316 1740 4355 ne-

1857 3137 1966 3180 tum
1999 3142 2093 3194 pro
2122 3126 2333 3179 nomine
2369 3124 2562 3179 Christi
2593 3125 2800 3194 longius
2823 3125 3129 3179 discedebat
3173 3124 3240 3179 de
3288 3122 3403 3177 solo

1856 3216 2086 3285 proprio,
2122 3223 2321 3268 tantum
2350 3213 2655 3271 merebatur
2681 3213 2794 3267 ﬂeri
2826 3212 3046 3269 vicinior
3071 3212 3228 3267 emlo.

1923 3325 1975 3381 6.
2016 3326 2115 3393 Qui
2145 3326 2269 3379 dum
2299 3323 2363 3379 ad
2391 3324 2561 3379 locum
2596 3323 2923 3393 pervenisset
2950 3322 3233 3392 optabilem
3257 3368 3271 3390 ,
3298 3339 3398 3379 no-

1851 3414 1932 3467 bis
1964 3413 2237 3467 taecndum
2268 3427 2372 3467 non
2401 3422 2503 3476 est,
2533 3412 2673 3479 quod
2710 3412 2785 3465 illi
2819 3412 3064 3465 divinitus
3089 3425 3397 3465 concessum

1848 3510 1950 3553 est.
1984 3500 2113 3553 Nam
2142 3514 2207 3553 eo
2236 3508 2473 3566 tempore
2492 3539 2506 3561 ,
2537 3506 2722 3553 sancto
2749 3498 2848 3552 sibi
2886 3498 3082 3567 Spiritu
3114 3498 3398 3565 revelante,

1849 3587 2093 3659 cognovit
2134 3588 2271 3657 quod
2317 3586 2667 3641 beatissimam
2698 3596 2723 3634 ι
2770 3588 2963 3642 Abram
3003 3588 3169 3641 filiam
3203 3604 3398 3656 suam,

1847 3692 2003 3746 quam
2033 3690 2153 3731 cum
2184 3683 2353 3730 matre
2373 3674 2599 3730 Pictavis
2630 3675 2931 3745 reliquerat,
2959 3675 3170 3745 quidam
3191 3676 3401 3745 juvenis

1849 3765 2239 3830 nobilissimus,
2267 3765 2526 3834 praedives
2567 3766 2953 3835 pulcherrimus
2973 3810 2987 3834 ,
3017 3768 3241 3836 conjugii
3279 3768 3395 3820 vin-

1847 3858 1967 3913 culo
1993 3856 2093 3912 sibi
2112 3866 2379 3925 quaereret
2405 3856 2811 3920 annectendam.
2842 3857 2944 3912 Sed
2968 3857 3081 3927 ipse
3104 3857 3401 3912 interventu

1846 3945 2101 4001 orationis
2128 3944 2357 3999 assidua:
2386 3944 2656 3999 cmlestcm
2690 3944 2767 3997 illi
2791 3959 3042 4012 sponsum
3071 3946 3187 4000 sine
3211 3954 3400 3999 conta-

1848 4036 2134 4092 minatione
2182 4033 2503 4102 providerat.
2548 4033 2665 4086 Mox
2710 4033 3099 4100 opportunitate
3147 4043 3355 4100 reperta
3383 4074 3396 4097 ,

1771 4163 1778 4169 -
1845 4144 1999 4195 manu
2023 4127 2232 4197 propria
2258 4125 2606 4192 subscriptam
2636 4124 2687 4193 δ’,
2716 4125 2841 4180 filia:
2868 4126 3058 4179 direxit
3084 4125 3358 4193 epistolam
3380 4165 3395 4188 ,

1844 4217 2131 4273 sufficienti
2154 4216 2265 4271 sale
2286 4215 2577 4280 conditam,
2602 4225 2656 4269 et
2680 4215 2821 4269 velut
2841 4216 3140 4268 aromaticis
3162 4229 3398 4284 unguen—

1846 4309 1913 4361 tis
1942 4306 2164 4359 infusam
2189 4343 2203 4369 ,
2231 4319 2348 4373 quae
2378 4313 2587 4358 tenetur
2625 4304 2849 4358 Pictavis
2890 4318 2985 4371 pro
3014 4318 3231 4357 munere
3266 4317 3394 4365 con-

196 4393 458 4448 cessarius
487 4390 617 4464 [ΑΙ-ν
660 4388 1039 4459 necessarium]
1067 4399 1126 4442 ιιι
1169 4390 1370 4444 alienas
1400 4391 1643 4444 tenebras
1678 4391 1740 4467 in
1766 4387 1822 4450 Β
1846 4404 2076 4458 servata,
2104 4393 2345 4447 indicans
2370 4393 2418 4446 ei
2447 4393 2587 4461 quod
2618 4394 2775 4446 talem
2808 4406 3058 4457 sponsum
3084 4384 3271 4444 anxius
3298 4398 3393 4458 pa-

200 4485 368 4534 lucem
407 4478 734 4551 transferret,
777 4476 1132 4531 concordante
1176 4477 1356 4531 favore
1394 4477 1593 4544 populi,
1645 4487 1738 4533 aut

198 4571 371 4639 potius
415 4567 504 4619 Dei
556 4563 754 4632 Spiritu
803 4568 1179 4631 proclamante,
1208 4565 1287 4618 vir
1312 4564 1435 4617 olim
1469 4567 1737 4632 mysteriis

198 4663 495 4729 deputatus,
534 4658 815 4723 aliquando
852 4658 1018 4713 sacris
1061 4658 1312 4710 altaribus
1353 4658 1601 4711 sacerdos
1626 4658 1737 4714 ele-

269 4812 295 4877 ἐ
340 4809 393 4861 In
423 4807 583 4877 veteri
624 4802 1286 4877 CodioeAColbqfegione
1312 4806 1626 4877 Aquitaniae.
1681 4810 1734 4863 In

197 4876 323 4936 solis
366 4875 525 4934 Edit..
555 4874 774 4941 regionis
814 4873 1098 4941 Aquitaniae
1136 4873 1377 4935 partibus.
1424 4876 1520 4930 llic
1566 4877 1736 4931 Picta-

202 4944 392 5009 viensis
429 4942 651 5010 civitatis
676 4942 784 5010 jam
815 4956 1079 5010 expressa:
1108 4942 1313 4995 videtur
1349 4956 1532 4997 auctor
1571 4948 1735 5000 vitare

198 5014 425 5075 voluisse
454 5009 835 5074 repetitiOnem.
882 5009 1051 5063 ltuea.

266 5081 301 5199 ιι
341 5078 716 5200 Gelmeticensis
761 5077 958 5141 Codex,
1019 5091 1141 5133 cum
1197 5077 1510 5145 Compend.,
1558 5091 1737 5135 octauo

266 5165 353 5200 ια.
420 5162 563 5200 toea.

231 5152 353 5203 iuta.
398 5152 563 5202 linea.

198 5170 353 5221 gutta.
398 5170 563 5202 "DEI.

270 5226 293 5254 ο
322 5218 391 5270 ita
435 5215 679 5270 meliores
706 5215 875 5285 ﬁdem,
929 5228 1034 5283 quo
1090 5213 1251 5267 verbo
1303 5210 1353 5285 id
1410 5214 1737 5285 significatur

202 5296 423 5351 tempus,
452 5296 557 5352 quo
585 5280 812 5352 nondum
860 5280 960 5352 per
986 5292 1258 5352 tonsuram
1281 5281 1427 5352 clero
1456 5280 1737 5352 adjunctus

204 5348 321 5407 erat
337 5348 584 5405 Hilarius.
614 5351 667 5404 In
689 5351 804 5403 aliis
828 5348 973 5403 libris
1000 5368 1011 5401 :
1042 5350 1280 5402 intentus.
1304 5348 1471 5403 IIDEI.

268 5418 293 5457 ἀ
322 5421 540 5485 Quidam
571 5421 716 5481 Mss.,
744 5418 885 5485 [loris
924 5418 1097 5471 1οείιί.
1127 5418 1301 5485 'llagis
1338 5418 1587 5485 placeret.
1614 5436 1734 5473 cum

198 5488 501 5554 Compend.,
535 5487 645 5538 dira
694 5488 927 5556 contagia
969 5485 1264 5554 pullularet,
1309 5488 1351 5539 si
1382 5496 1434 5539 et
1475 5490 1609 5543 alter
1636 5490 1737 5543 suf-

195 5562 493 5627 fragantur.
518 5556 681 5627 lmen.

268 5622 294 5662 δ
330 5626 384 5679 In
408 5622 646 5693 vulgatis,
676 5623 805 5675 illud
823 5622 984 5678 solum
1013 5624 1273 5691 metuebat,
1302 5639 1360 5676 ne
1382 5626 1733 5695 prejudicinm

1844 4496 1923 4539 ter
1952 4484 2027 4538 illi
2056 4482 2393 4551 providisset,
2426 4481 2577 4549 cujus
2603 4480 2847 4533 nobilitas
2874 4480 3037 4534 cmlos
3063 4481 3393 4545 ascenderet,

1842 4570 2173 4643 pulchritudo
2206 4584 2444 4623 rosarum
2473 4577 2529 4621 et
2564 4567 2663 4621 lilii
2697 4569 3142 4635 comparationem
3184 4584 3391 4637 prame-

1839 4665 2009 4726 deret,
2039 4658 2175 4714 oculi
2203 4671 2527 4726 gemmarum
2564 4655 2578 4693 ί
2610 4657 2784 4712 lumen
2811 4657 3197 4724 obnubilarent,
3232 4658 3393 4712 vestis

1836 4813 2065 4883 religioni
2084 4851 2101 4876 ν
2146 4813 2279 4881 quod
2303 4813 2480 4883 absit,
2506 4811 2717 4867 illatum
2737 4811 3046 4883 prwvaleret.
3088 4810 3389 4883 I‘Elegantjor

1837 4878 2116 4945 est'lectio,
2149 4878 2305 4947 quam
2344 4882 2653 4935 exhibemus
2682 4897 2744 4934 ex
2792 4880 3084 4944 potioribus
3110 4878 3231 4931 Mss.
3282 4880 3387 4933 Ilo-

1839 4967 1952 5003 rum
1982 4950 2033 5002 in
2064 4963 2167 5004 uno
2193 4958 2365 5003 exstat
2400 4950 2558 5003 illata:
2590 4966 2689 5001 non
2718 4951 2769 5001 in
2800 4949 2923 5003 luto.
2954 4949 3066 5001 Illos
3096 4963 3161 5000 ex
3193 4949 3382 5002 iisdem

1837 5018 2161 5145 {estilui'mus
2183 5057 2200 5084 ,
2231 5032 2389 5086 prava
2414 5017 2738 5084 credulitate;
2770 5016 2857 5071 ubi
2883 5017 3181 5070 obtinuerat
3207 5018 3388 5070 crude-

1860 5096 1997 5139 ttate.
2055 5101 2203 5141 ibt-ll.

1860 5096 1997 5139 uate.
2032 5096 2203 5141 IlDl-ZI.

1911 5153 1930 5191 τ
1974 5154 2082 5221 lioc
2110 5171 2212 5207 non
2245 5168 2349 5208 uno
2377 5164 2430 5208 et
2455 5155 2640 5209 eodem
2670 5168 2809 5206 anno
2836 5152 3074 5221 contigit.

1837 5290 1855 5344 Ι
1908 5231 1931 5267 8
1972 5220 2027 5275 In
2074 5224 2307 5291 pluribus
2349 5222 2473 5278 Mss.
2517 5233 2817 5277 constanter
2854 5220 3122 5285 scribitur,
3170 5222 3381 5288 Aprum.

1862 5304 2003 5344 toan.
2298 5342 2301 5344 _

1862 5304 2003 5344 IDEII.
2298 5342 2301 5345 .

1908 5358 1934 5395 ιι
1974 5360 2219 5415 Additum
2253 5359 2339 5413 ltie
2375 5368 2524 5423 erat,
2556 5359 2695 5424 infra
2722 5370 2831 5427 post
2863 5358 3043 5411 librum
3076 5359 3381 5422 «cumtum,

1836 5428 1974 5493 quod
2004 5444 2065 5481 ex
2101 5428 2335 5494 margine
2363 5428 2575 5495 irrepsit
2602 5428 2652 5480 in
2685 5437 2902 5480 textum.
2964 5426 3134 5495 liueat.

1914 5496 1925 5531 ί
1964 5492 2250 5548 .Gillotiana
2282 5492 2693 5557 Editio,'tumine
2730 5496 3055 5548 luminarenf.
3083 5492 3357 5562 Compend

1837 5566 1979 5632 Mss.,
2016 5566 2205 5619 lumina
2228 5564 2588 5618 illuminarrnt.
2626 5564 2785 5618 ltnw.
