3948 6218
504 254 607 312 Ηπό

1214 247 1532 302 VENANTH
1573 245 1726 301 HON.
1768 245 1969 319 CLEll.
2013 240 2406 298 FORTUNATI
2443 242 2725 298 OPERUM
2769 243 2946 299 PARS
2986 243 3043 298 ll.

3649 245 3788 303 45L.

507 364 796 421 candorem
829 360 960 413 nivis
989 359 1334 427 opprimeret,
1376 369 1684 413 ornamenta
1716 355 2069 419 inaestimabili
2100 356 2148 411 Α
2178 352 2504 421 iniquitatem
2555 354 2668 420 ipsa
2721 364 2804 408 est
2849 353 2993 407 illata
3040 353 3322 408 calumnia.
3373 353 3529 422 Quod
3574 370 3772 410 tamen

510 453 716 522 fulgore
744 458 1045 514 vernarent,
1085 449 1284 502 divitiae
1323 450 1458 502 intra
1489 463 1548 503 se
1595 465 1751 517 regna
1784 448 2074 516 concludc-.

512 551 626 600 rent
655 580 672 606 ,
698 541 814 608 ejus
855 538 1109 606 sapientia
1160 538 1712 606 incomprehensibilis
1755 547 2026 595 emanaret
2054 579 2069 604 ,

510 629 735 686 dulcedo
767 627 867 680 favi
898 627 1724 696 mellaopostpoueret;pudicitia
1758 627 2074 681 incontami-

510 727 630 772 uata
660 717 1004 793 persisteret,
1043 717 1176 771 odor
1213 718 1469 771 suavitate
1510 717 1801 785 fragraret,
1837 716 2082 772 thesauri

507 809 624 864 sine
669 808 967 862 defectione
1006 818 1329 862 constarent.
1378 809 1538 863 Addit
1578 825 1706 878 ergo
1758 809 1972 863 monitis
2020 818 2078 863 ut

511 896 614 951 filia
645 896 771 950 nulli
801 911 860 952 se
888 897 1033 973 prius
1065 911 1094 949 a
1126 906 1295 950 matre
1323 897 1487 969 divisa
1516 898 1881 972 coniungeret,
1916 912 2070 963 quam

511 993 536 1021 α
567 996 624 1040 ut
651 988 816 1056 patris
845 996 1177 1053 exspectaret
1208 988 1501 1055 pollicitum
1523 1027 1538 1050 ,
1567 997 1618 1041 et
1649 1004 1902 1056 sponsum
1931 989 2073 1053 pari-

509 1081 590 1128 ter
617 1087 737 1124 cum
772 1073 1121 1140 promissione
1153 1084 1450 1129 venturum.
1484 1075 1632 1142 Quod
1673 1077 1814 1130 Ahra
1845 1076 2070 1132 dulciter

507 1162 798 1230 excipiens,
827 1172 882 1216 et
911 1167 1058 1231 quasi
1089 1179 1342 1233 sponsum
1373 1166 1603 1218 futurum
1645 1166 1696 1219 iu
1726 1167 1950 1234 epistola
1983 1181 2073 1234 pa-

508 1251 608 1308 tris
641 1253 966 1320 amplecteus
987 1296 1001 1319 ,
1035 1250 1449 1308 admonitionem
1494 1266 1672 1308 secuta
1701 1265 1823 1322 est,
1857 1257 1983 1309 nulli
2016 1257 2067 1311 in

514 1341 764 1423 coi-jpgio
784 1357 842 1397 se
861 1344 1157 1396 resolvens.
1180 1344 1284 1398 Sed
1309 1345 1536 1412 qualiter
1557 1346 1620 1398 ad
1651 1347 1793 1399 illum
1817 1361 2071 1414 sponsum

515 1435 838 1502 pervenerit,
867 1435 1013 1488 locus
1042 1436 1094 1489 in
1125 1435 1362 1504 sequenti
1391 1446 1654 1491 servatur.

581 1524 632 1577 7.
674 1524 877 1578 Interea
901 1540 1018 1578 cum
1047 1534 1156 1580 toto
1179 1526 1309 1579 orbe
1335 1525 1544 1580 Arianae
1565 1527 1783 1581 haeresis
1807 1529 2072 1596 perversi-

509 1621 594 1667 tas
624 1614 948 1680 pullularet,
976 1615 1101 1667 dato
1127 1613 1449 1681 generaliter
1472 1618 1815 1683 imperatoris
1857 1618 2031 1671 edicto
2057 1659 2070 1682 ,

2182 441 2377 494 athleta
2416 441 2610 496 Christi
2647 444 2841 515 beatus
2889 443 3118 497 llilarius
3161 457 3474 514 agnoscens,
3517 445 3768 514 graviter

2173 531 2331 585 'dnlet
2371 533 2508 600 apud
2544 533 2843 586 Ariminum
2900 532 3095 586 diaboli
3140 533 3482 601 praevaluisse
3527 535 3766 590 mendae

2184 621 2358 690 cium,
2409 623 2462 676 in
2505 633 2704 676 tantum
2755 633 2811 676 ut
2854 631 2908 678 et
2942 624 3242 682 Orientales
3290 635 3468 694 partes
3506 626 3768 681 similiter

2182 714 2478 782 composito
2524 712 2797 783 pravitatis
2837 714 2956 769 fuco
2995 714 3255 768 inliceret.
3303 714 3617 785 Imperatori
3660 731 3768 770 au-

2184 811 2290 856 tem
2312 798 2337 839 ἀ
2371 802 2538 857 tribus
2561 803 2751 857 libellis
2780 803 3015 870 oblatis,
3028 818 3213 871 preces
3235 802 3424 857 effudit
3452 813 3529 868 ut,
3560 805 3610 858 in
3635 806 3788 873 ejus.

2181 905 2464 960 conspectu
2492 895 2728 949 collectis
2751 895 3266 960 adversariis,_esset
3291 895 3342 950 ei
3369 905 3553 950 contra
3583 897 3766 951 luere.

2185 984 2317 1037 ticos
2343 977 2675 1051 disceptandi
2705 983 2773 1038 de
2813 984 3070 1052 religione
3098 984 3306 1038 licentia
3325 1023 3343 1050 ,
3377 999 3442 1038 ne
3471 987 3763 1041 veritatem

2182 1072 2378 1126 falsitas
2404 1072 2765 1138 oburnbraret,
2809 1077 2835 1108 ⁸
2866 1087 2934 1127 ne
2973 1073 3209 1142 aequitati
3259 1073 3507 1142 iniquitas
3553 1089 3766 1141 praeva-

2182 1162 2335 1224 leret,
2370 1177 2435 1216 ne
2465 1162 2754 1227 imperator
2784 1161 2891 1215 Deo
2929 1165 3241 1227 resisteret,
3276 1178 3343 1216 ne
3384 1161 3503 1217 fidei
3533 1164 3786 1232 perfidia.

2185 1254 2486 1312 rebellaret.
2533 1251 2680 1306 Unde
2734 1249 2930 1306 Valens
2980 1261 3035 1306 et
3085 1252 3361 1321 Ursacius,
3412 1252 3768 1310 conscientia

2185 1353 2333 1397 reatu
2374 1343 2663 1411 perterriti,
2703 1344 2977 1412 quoniam,
3028 1343 3075 1398 si
3119 1344 3334 1398 daretur
3384 1344 3604 1400 facultas
3640 1359 3768 1400 cer.

2186 1436 2330 1489 tandi
2358 1479 2373 1500 ,
2418 1450 2538 1488 mox
2582 1450 2644 1490 se
2692 1437 3148 1506 recognoscebant
3189 1436 3374 1490 llilarii
3412 1436 3790 1493 contentione.

2181 1524 2469 1594 prosterni,
2494 1523 2784 1584 sollicitant
2805 1523 3146 1592 imperatoris
3165 1527 3424 1594 animum,
3453 1523 3473 1563 ί
3510 1535 3614 1578 tarn
3641 1540 3776 1580 ma-.

2186 1617 2333 1683 ligna,
2355 1625 2500 1683 parte
2524 1616 2814 1683 captivum,
2838 1619 2897 1670 ut
2927 1616 3101 1686 ipsum
3134 1618 3226 1672 Dei
3257 1619 3428 1672 virum
3461 1617 3526 1671 ad
3557 1617 3767 1673 Gallias

511 1709 568 1757 ut
597 1716 785 1757 omnes
814 1703 1110 1756 Orientales
1138 1702 1383 1770 episcopi
1410 1704 1547 1768 apud
1575 1703 1902 1770 Seleuciam,
1926 1703 2070 1759 Isau-
2106 1692 2152 1753 Β
2181 1706 2358 1760 redire
2388 1717 2736 1774 perurgeret,
2763 1708 3024 1771 dicentes,
3065 1709 3157 1763 illo
3187 1721 3472 1778 prasente,
3505 1710 3784 1768 heretica,

445 1784 451 1788 ’
510 1789 605 1844 ria:
634 1791 892 1857 Oppidum
911 1831 924 1851 ,
955 1789 1342 1854 convenirent,
1365 1790 1726 1857 disceptaturi
1756 1792 1879 1859 quid
1908 1793 2078 1846 senti-

509 1887 628 1933 rent
665 1877 732 1960 de
769 1877 888 1932 fidei
922 1877 1180 1942 veritate,
1229 1887 1352 1930 tunc
1397 1878 1536 1932 inter
1580 1880 1845 1948 reliquos,
1889 1891 2079 1951 quarto

509 1966 616 2034 jam
643 1968 815 2023 exsilii
843 1983 983 2021 anno
1009 1970 1076 2022 de
1108 1968 1334 2036 Phrygia
1366 1979 1580 2024 sanctus
1612 1970 1911 2025 llilariusin
1939 1987 2076 2041 pra:-

509 2058 653 2113 dicto
683 2059 821 2138 lqco,
853 2058 879 2097 δ
910 2061 1030 2114 data
1059 2060 1159 2113 sibi
1194 2061 1442 2128 pergendi
1479 2061 1776 2130 evectione,
1818 2066 1882 2118 ad
1913 2077 2105 2136 syno-'

509 2150 637 2204 dum
689 2151 873 2205 venire
921 2151 1279 2215 compellitur.
1334 2152 1432 2218 Qui
1484 2153 1746 2221 quoddam
1804 2156 2078 2218 castellum

510 2243 633 2296 dum
663 2243 894 2307 adisset,
926 2243 1009 2297 die
1041 2244 1316 2297 Dominico
1347 2248 1614 2313 ingressus
1653 2257 1735 2300 est
1784 2249 2034 2316 templum
2063 2266 2093 2314 ;‘

515 2348 741 2401 moxque
773 2333 1047 2386 Florentia
1068 2334 1240 2401 puella
1282 2335 1493 2401 gentilis
1517 2375 1532 2398 ,
1574 2336 1873 2403 irrumpens
1907 2338 2082 2389 multi-

516 2423 752 2476 tudinem
784 2423 985 2490 populi,
1017 2437 1144 2476 voce
1177 2437 1368 2492 magna
1398 2439 1611 2476 servum
1644 2423 1738 2477 Dei
1772 2425 1893 2478 illuc
1918 2424 2080 2478 adve-

510 2515 656 2568 nisse
685 2521 875 2568 testata
913 2523 1032 2580 est,
1079 2523 1134 2569 et
1171 2514 1236 2567 ad
1280 2514 1440 2582 pedes
1483 2513 1596 2582 ejus
1639 2529 1924 2568 accurrens
1973 2530 2078 2567 non

515 2605 742 2658 cessavit
773 2610 971 2671 petere,
1007 2603 1105 2656 nisi
1139 2604 1345 2671 signum
1377 2605 1549 2658 crucis
1579 2604 1644 2658 ab
1676 2605 1789 2672 ipso
1819 2605 1919 2659 sibi
1963 2605 2080 2659 fieri

512 2691 740 2747 fideliter
766 2692 1122 2760 impetrasset.
1163 2694 1332 2760 Quam
1367 2692 1664 2747 Florentius
1690 2703 1839 2760 pater
1868 2701 2080 2747 secutus

512 2792 624 2843 est,
656 2790 711 2837 et
740 2796 927 2836 cuneta
971 2783 1166 2835 familia
1199 2784 1249 2835 in
1280 2783 1491 2835 nomine
1523 2782 1729 2834 Domini
1775 2790 2085 2835 meruerunt

513 2871 711 2938 pariter
734 2871 1005 2936 baptizari.
1034 2870 1163 2936 Qum
1191 2870 1458 2924 Florentia
1477 2910 1491 2933 ,
1524 2870 1725 2924 relictis
1753 2868 2080 2935 parentibus,

517 2957 756 3026 vestigiis
783 2959 897 3025 ejus
924 2960 1210 3020 inhaerens,
1237 2972 1404 3024 usque
1427 2957 1664 3010 Pictavos
1691 2956 1942 3022 perducta
1964 2966 2080 3020 est;

518 3054 722 3112 patrem
752 3059 879 3098 vero
905 3058 964 3098 se
998 3044 1217 3109 habere,
1251 3061 1354 3098 non
1386 3060 1414 3095 a
1443 3058 1547 3110 quo
1575 3053 1822 3112 generata
1853 3051 1951 3109 est,
1987 3043 2083 3098 sed

519 3151 613 3204 per
640 3151 799 3205 quem
829 3143 1140 3204 regenerata
1169 3145 1269 3194 est,
1301 3134 1640 3203 praedicabat.

594 3223 645 3276 8.
686 3224 818 3277 Cum
845 3239 967 3279 vero
993 3223 1287 3279 Seleuciam
1319 3223 1665 3290 pervenisset,
1696 3239 1886 3291 magno
1907 3224 2086 3279 favore
2114 3241 2118 3244 ‘

520 3330 549 3369 a
583 3318 786 3371 cunctis
827 3327 1079 3386 exceptus
1109 3327 1220 3383 est,
1255 3331 1320 3369 eo
1347 3317 1485 3384 quod
1517 3317 1692 3370 divina
1725 3317 2082 3371 misericordia

522 3408 678 3460 talem
703 3409 872 3461 virum
903 3407 1393 3476 prudentissimum,
1426 3416 1480 3460 et
1508 3407 1760 3473 singulari
1787 3407 2084 3462 eruditione

522 3508 854 3563 compertum
876 3537 892 3564 ,
925 3498 976 3550 in
1008 3499 1368 3564 spectaculum
1400 3497 1578 3549 mundi
1613 3497 1951 3564 produxerit,
1996 3496 2082 3550 ubi

518 3597 635 3641 erat
674 3587 740 3639 de
774 3588 872 3640 fide
912 3587 1256 3652 censendum.
1308 3586 1439 3638 lline
1474 3595 1590 3652 post
1637 3587 2081 3638 examinationem

523 3676 716 3743 agnitis
749 3677 985 3728 hostibus
1011 3685 1064 3728 et
1086 3675 1376 3742 oppressis,
1405 3675 1634 3727 decretis
1657 3675 1708 3726 in
1730 3676 1927 3743 scripto
1953 3689 2086 3727 con-

517 3766 673 3827 ditis,
716 3778 964 3832 prespera
995 3779 1185 3832 gerens
1225 3764 1411 3834 synodi
1454 3763 1518 3816 ad
1549 3765 1919 3829 imperatorem
1957 3762 2088 3816 diri-

517 3858 660 3926 gitur
708 3855 897 3923 legatio
931 3873 942 3907 :
976 3868 1094 3908 cum
1130 3847 1228 3923 qua
1277 3855 1508 3923 perrexit
1542 3863 1756 3910 sanctus
1800 3854 2034 3908 llilarius
2066 3897 2081 3921 ,

517 3949 756 4015 quamvis
784 3947 830 3999 ei
859 3961 962 4000 non
995 3945 1177 3998 fuisset
1207 3947 1524 4013 injunctnm,
1558 3938 1796 4026 metuens
1820 3960 1885 3999 ne
1912 3945 2086 3998 adhuc

516 4046 698 4090 contra
732 4037 1002 4105 religionis
1037 4036 1282 4103 dogmata
1316 4036 1601 4101 respiraret
1631 4036 1878 4088 damnata
1922 4037 2084 4104 perfi-

522 4127 630 4178 tlia.
663 4127 765 4179 Sed
792 4127 1057 4176 disserere
1082 4123 1294 4190 longum
1323 4133 1404 4175 est
1430 4117 1655 4188 qualiter
1683 4127 1734 4176 in
1766 4125 2084 4180 Ariminensi

524 4212 752 4283 synodo,
786 4224 804 4249 ο
831 4212 1121 4280 composita
1152 4211 1420 4264 mentione
1447 4212 1587 4263 aliud
1611 4228 1670 4264 ex
1697 4213 1800 4265 alio
1825 4214 2079 4278 referens,

521 4302 664 4354 fraus
697 4299 942 4352 h:cretica
973 4299 1275 4365 serpentino
1309 4299 1453 4364 lapsu
1487 4300 1844 4362 subrepserit,
1875 4309 1928 4352 et
1955 4317 2084 4364 quo-

526 4388 683 4442 modo
728 4399 906 4456 postea
941 4387 1125 4456 legatis
1171 4389 1576 4442 Seleucensibus
1616 4403 1708 4455 per
1752 4389 2086 4455 imperatoris

595 4505 620 4533 ι
665 4497 733 4549 lta
758 4497 932 4549 Codex
978 4493 1270 4562 Compend.
1300 4498 1397 4549 Alii
1432 4513 1578 4556 vero,
1607 4506 1659 4548 ut
1688 4507 1885 4561 patrem
1911 4513 2086 4564 exspe-

524 4575 676 4620 ctaret
707 4567 798 4618 sibi
837 4567 1143 4634 pollicitum.
1190 4567 1359 4619 Antea
1407 4568 1454 4617 in
1488 4579 1709 4634 quatuor
1763 4568 1913 4630 Mss.,
1947 4572 2087 4632 prius

526 4638 656 4689 male
684 4635 861 4697 divisa,
893 4650 996 4687 non
1028 4636 1168 4702 prius
1197 4645 1226 4685 α
1255 4650 1411 4686 matre
1441 4637 1618 4689 divisa.
1656 4637 1826 4690 Ιιῡωι.
1854 4644 1863 4655 ’

594 4704 621 4744 ³
665 4706 871 4774 Aliquot
899 4706 1046 4764 Mss.,
1077 4705 1196 4755 data
1223 4705 1464 4766 sectione,
1487 4708 1576 4774 vel
1610 4709 1877 4758 erectimie.
1912 4707 2087 4774 Sulpi-

529 4777 644 4830 cius
665 4771 815 4837 Sev_.,
839 4776 956 4826 data
980 4774 1242 4826 evectionis
1264 4775 1429 4841 cepia.
1457 4771 1687 4827 llahetnr
1716 4778 1804 4828 lib.
1833 4793 1920 4836 xu,
1952 4771 2081 4830 God.

525 4846 592 4899 de
629 4859 786 4898 cursu
831 4845 1081 4910 publico:
1128 4842 1452 4895 Et'ectionttnt
1481 4845 1674 4906 capiam
1700 4886 1713 4906 ,
1760 4861 1874 4896 cum
1924 4847 2085 4906 proli-

525 4915 738 4966 circendi
768 4916 835 4966 ad
865 4931 955 4966 nos
997 4919 1262 4966 necessitas
1291 4913 1462 4980 fuerit,
1504 4915 1744 4967 serenitas
1785 4926 1954 4966 nostra
1982 4915 2086 4966 Iar-

522 4985 626 5052 gita
653 4995 744 5035 est.
776 4985 941 5036 IIDEM.

599 5062 621 5088 ε
665 5052 961 5118 Legendntn
1022 5051 1157 5104 haud
1211 5051 1369 5105 dubie
1417 5050 1727 5103 menlilione.
1784 5053 1890 5104 lioc
1943 5054 2082 5105 enim

526 5121 724 5174 dictum
752 5133 832 5174 est
858 5122 924 5174 de
952 5123 1224 5175 mendacio
1250 5121 1589 5180 Arianorum,
1617 5137 1720 5186 quo
1750 5137 1931 5175 vocem
1960 5125 2084 5175 sub-

531 5192 740 5244 stantiae
783 5190 848 5242 ab
876 5191 1233 5244 Orientalibus
1270 5190 1486 5243 omnino
1529 5191 1704 5253 respui
1757 5190 2086 5258 impudenter

531 5261 736 5315 mentiti
769 5268 907 5312 sunt.
959 5261 1012 5312 ln
1052 5261 1177 5314 Mss.
1211 5259 1523 5329 Compend.,
1569 5260 1898 5325 compositum
1942 5279 2082 5314 men.

527 5331 746 5383 decium.
771 5330 938 5383 ltnsu.

600 5398 624 5436 ά
663 5402 749 5453 Sic
774 5400 1036 5466 Sulpicius
1066 5399 1293 5452 Severus
1325 5399 1414 5452 lib.
1451 5415 1508 5451 ll.

602 5478 624 5505 ⁸
665 5469 721 5521 lu
765 5469 1030 5538 Vulgatis,
1059 5485 1119 5520 ne
1149 5468 1414 5522 Trinitatis
1455 5468 1572 5533 ﬁdei
1613 5466 1894 5532 iniquitatis
1934 5471 2084 5538 perﬁ-

531 5538 616 5588 dia
646 5538 1031 5602 interpolatoris
1061 5554 1241 5604 opera.
1278 5540 1412 5591 Mox.
1449 5543 1501 5592 S.
1531 5538 1706 5590 Maus.

604 5605 620 5643 ί
664 5607 749 5660 Sic
797 5611 1022 5674 potiere:
1068 5611 1190 5664 Mss.
1227 5608 1492 5664 Vctustior
1532 5625 1560 5662 e
1593 5608 1764 5675 0011).,
1802 5617 1900 5660 tam
1937 5612 2081 5664 mtili-

2182 1810 2286 1848 non
2318 1808 2478 1862 posse
2508 1796 2932 1852 machinamenta
2962 1798 3238 1864 prolicere.
3271 1798 3386 1864 Quo
3414 1799 3658 1862 obtentu,
3691 1799 3766 1852 ad

2185 1885 2384 1939 Gallias
2413 1886 2722 1954 compulsus
2749 1872 3051 1954 revertitur,
3083 1898 3273 1956 putans
3300 1891 3530 1958 amplius
3558 1907 3625 1946 se
3648 1893 3766 1958 pati

2183 1977 2429 2031 exsilium
2457 2017 2472 2042 ,
2500 1976 2641 2044 quod
2679 1977 2790 2033 illic
2816 1979 3266 2046 perturbationem
3301 1980 3554 2036 Ecclesiae
3596 1982 3767 2036 relin-

2179 2069 2410 2135 quebat,
2462 2067 2691 2121 termino
2737 2067 3142 2136 disceptationis
3190 2085 3298 2123 non
3350 2081 3664 2124 consecuto.
3718 2070 3773 2124 ο

2181 2159 2394 2212 beatum
2445 2157 2770 2224 pontificem,
2804 2160 2890 2226 qui
2938 2160 2990 2212 in
3024 2173 3233 2212 summo
3260 2160 3567 2213 discrimine
3592 2199 3607 2223 ,
3661 2160 3770 2213 ini-

2181 2248 2321 2300 mico
2349 2246 2505 2298 etiam
2534 2246 2633 2298 sibi
2673 2245 2852 2312 judice
2879 2285 2894 2309 ,
2928 2245 3058 2298 adiit
3102 2247 3328 2299 tribunal
3359 2248 3605 2314 imperii,
3643 2247 3769 2302 sine

2183 2336 2372 2387 timore
2425 2333 2723 2386 tormenti!
2781 2332 2918 2388 Vere
2981 2334 3103 2388 totis
3157 2337 3448 2390 visceribus
3502 2338 3779 2404 diligebat-

2182 2422 2377 2476 Christi
2427 2437 2674 2488 regnum.
2719 2424 2805 2494 qui
2847 2438 2952 2479 non
3001 2423 3316 2479 formidabat
3361 2427 3413 2478 in
3461 2427 3779 2494 principatu.

2183 2511 2571 2566 Constantium.
2614 2511 2744 2563 Nam
2785 2512 2924 2578 quod
2957 2527 3014 2565 se
3051 2529 3145 2580 pro
3190 2514 3411 2566 Domino
3439 2515 3518 2566 sic
3550 2516 3770 2583 ingere-

2181 2603 2272 2660 bat
2300 2612 2481 2670 aperto
2512 2603 2771 2670 periculo,
2804 2604 3028 2670 optabat
3063 2606 3372 2673 martyrium
3400 2645 3416 2669 ,
3450 2608 3492 2658 si
3525 2622 3630 2660 non
3662 2608 3766 2660 de-

2183 2693 2370 2747 fuisset
2401 2707 2713 2760 percussor;
2743 2704 2797 2747 et
2823 2704 2996 2746 tamen
3021 2699 3228 2748 animus
3256 2697 3481 2761 sumpsit
3507 2696 3764 2764 gloriam,

2184 2782 2283 2835 etsi
2332 2791 2538 2847 tempus
2578 2795 2682 2833 non
2730 2781 2906 2833 intulit
2956 2795 3186 2846 prauam.
3234 2783 3337 2836 Sed
3387 2783 3529 2836 hunc
3577 2783 3770 2851 ipsum.

2187 2869 2364 2921 divino
2435 2877 2562 2922 nutu
2635 2877 2900 2922 servatum
2949 2872 3204 2923 testificor
3275 2885 3369 2937 pro
3416 2872 3761 2926 correctione

2191 2966 2562 3012 Bcunctorum.
2607 2958 2737 3014 Nam
2769 2974 2903 3026 pene
2929 2969 3095 3013 totum
3127 2959 3376 3013 mundum
3405 2961 3553 3027 gravi
3576 2974 3777 3026 errore

2188 3047 2495 3112 confusum,
2526 3046 2678 3101 factis
2709 3047 2906 3116 sapius
2931 3048 2985 3101 in
3015 3047 3184 3101 Gallia
3210 3049 3448 3116 synodis,
3483 3062 3579 3116 per
3610 3049 3759 3102 Hila-

2187 3142 2322 3192 rium
2367 3139 2527 3193 fuisse
2555 3138 2790 3192 adtviam
2840 3139 3078 3192 veritatis
3104 3139 3388 3192 adductum
3412 3179 3428 3202 ,
3476 3142 3764 3194 confitetur

2187 3229 2362 3300 lingua
2391 3231 2690 3283 multorum.
2716 3229 2849 3296 Quid
2880 3238 3054 3284 autem
3085 3231 3304 3284 interest
3333 3231 3384 3294 ιι,
3412 3229 3492 3282 vel
3523 3230 3625 3282 sibi
3655 3246 3754 3298 pro

2187 3329 2381 3372 aeterna
2415 3320 2515 3371 vita
2570 3318 2766 3371 factum
2812 3317 2974 3371 fuisse
3024 3326 3349 3386 martyrem,
3396 3318 3482 3371 vel
3530 3318 3762 3386 amplius

2188 3408 2418 3484 vixisse,
2475 3407 2661 3476 reliqui
2713 3421 2779 3460 ne
2831 3407 3113 3474 perirent?
3160 3406 3320 3474 igitur
3366 3405 3762 3460 sanctissimam

2187 3502 2414 3554 animam
2445 3499 2541 3552 etsi
2585 3498 2790 3566 gladius
2821 3499 3182 3566 persecutoris
3225 3513 3330 3551 non
3371 3497 3612 3563 abstulit,
3645 3498 3760 3566 pal-

2186 3604 2327 3642 main
2361 3598 2534 3641 tamen
2568 3587 2804 3656 martyrii
2838 3602 2945 3639 non
2975 3586 3171 3639 amisit.

2257 3678 2312 3730 9.
2353 3677 2675 3744 ltaquedum
2705 3676 3078 3743 regrederetur
3110 3677 3174 3726 ad
3206 3677 3413 3742 propria
3435 3714 3453 3739 ,
3486 3685 3614 3728 tunc
3636 3674 3761 3728 bea-

2188 3775 2272 3820 tus
2300 3766 2570 3828 Martinus,
2602 3779 2752 3830 teque
2774 3764 3082 3816 meritorum
3108 3765 3304 3815 lumine
3335 3763 3484 3816 inon
3510 3765 3740 3816 abscon-

2187 3867 2297 3918 sus,
2325 3852 2412 3916 qui
2437 3850 2503 3904 ab
2522 3853 2706 3904 eodem
2735 3859 2918 3904 sancto
2942 3850 3140 3902 llilario
3163 3851 3436 3902 exoreista'
3452 3858 3538 3902 est
3562 3859 3751 3916 postea

2187 3944 2521 4009 constitutus,
2550 3940 2761 4008 cognito
2792 3942 3020 3993 adventu
3051 3939 3165 4007 ejus
3186 3978 3201 4002 ,
3236 3939 3454 3992 Romam
3494 3938 3752 3993 festinan-

2191 4047 2270 4090 ter
2293 4034 2542 4088 occurrit.
2572 4033 2736 4097 Quem
2765 4045 2882 4084 eum
2909 4030 3016 4098 jam
3048 4028 3361 4096 praeteriisse
3386 4038 3752 4096 cegnosceret,

2185 4118 2355 4193 usque
2388 4123 2452 4175 ad
2481 4121 2677 4176 Gallias
2716 4129 3032 4174 consecutus
3061 4128 3162 4172 est.
3201 4118 3378 4186 Neque
3408 4118 3548 4170 enim
3578 4117 3753 4170 Marti-

2190 4214 2326 4278 nus,
2358 4215 2444 4281 qui
2488 4216 2660 4267 adliuc
2707 4213 3120 4266 catecliunienus
3159 4209 3423 4264 Christum
3469 4208 3752 4278 chlamyde

2191 4322 2283 4358 sua
2318 4315 2511 4367 tectum
2543 4303 2725 4358 videre
2762 4302 2995 4366 meruit,
3044 4302 3117 4354 illi
3148 4302 3370 4356 devotus
3411 4307 3749 4361 occurreret,

2193 4397 2290 4449 nisi
2324 4411 2415 4463 per
2438 4393 2610 4447 omnia
2641 4393 2909 4463 mysteriis
2941 4394 3151 4461 plenum
3181 4394 3231 4446 in
3260 4382 3325 4447 eo
3347 4390 3592 4460 spiritum
3622 4385 3753 4471 prte-

2188 4521 2285 4569 gna
2315 4520 2367 4555 re
2409 4521 2497 4574 per
2524 4513 2682 4555 artem
2729 4503 2998 4574 captitum.
3042 4503 3232 4556 Cmteri
3278 4517 3404 4556 vero
3448 4502 3616 4567 libri,
3646 4503 3749 4570 ia-

2189 4591 2371 4640 magna
2400 4591 2459 4626 ea:
2489 4585 2630 4639 parte
2654 4589 2747 4640 cap
2771 4573 2923 4627 ivum.
2956 4573 3120 4628 Ιιυειι.

2208 4644 2215 4649 ’
2262 4652 2285 4688 α
2325 4643 2492 4703 Editi,
2544 4643 2846 4699 multorum.
2893 4642 3242 4693 renitentibus
3288 4640 3554 4705 plerisque
3597 4640 3746 4697 Μαι..

2187 4712 2377 4774 qubus
2424 4711 2738 4776 siiﬂ'ragatur
2783 4711 2906 4762 illud
2953 4711 3193 4776 Sulpicii,
3253 4722 3376 4773 pag.
3412 4706 3518 4776 262
3552 4724 3566 4757 :
3602 4707 3748 4773 Opti-

2188 4797 2321 4831 mum
2368 4781 2502 4847 factu
2539 4775 2828 4840 arbitratus,
2875 4775 3109 4831 revocare
3153 4787 3356 4847 (strictos
3398 4775 3467 4825 ad
3506 4777 3748 4847 genite!-

2189 4851 2333 4910 tiam,
2362 4842 2699 4914 frequentibus
2727 4849 2861 4898 intra
2892 4848 3087 4899 Gallias
3115 4843 3496 4914 coniciliiaLetc.
3526 4842 3699 4914 Ιιιιβι.

2257 4915 2284 4952 h
2327 4911 2377 4968 In
2428 4911 2677 4983 Vulgatis,
2719 4916 2795 4966 vel
2838 4917 2921 4977 si;
2965 4918 3016 4966 in
3062 4913 3298 4981 pluribus
3341 4911 3493 4975 “$3.,
3539 4911 3616 4965 vel
3667 4929 3746 4983 se,

2189 4986 2352 5054 magis
2381 4979 2555 5053 placet
2582 4999 2700 5037 cum
2734 4979 3174 5050 potieribus,‘vef
3193 4983 3312 5044 sibi,
3346 4979 3750 5054 hoc-est,»un

2186 5053 2291 5109 sibi
2319 5057 2405 5109 uni
2435 5054 2734 5122 profuisset.
2767 5054 2935 5106 Ιιυειι.
3403 5112 3472 5122 ,_
3564 5053 3581 5072 ⁸

2264 5127 2278 5162 ί
2323 5117 2600 5191 Antiquior
2629 5123 2752 5177 Mss.
2785 5123 2966 5185 συιδ..
3007 5137 3109 5174 non
3137 5117 3406 5175 obscurus.
3429 5117 3567 5172 Tum
3598 5119 3747 5176 Color

2186 5196 2347 5264 pend.
2375 5213 2387 5248 :
2415 5199 2498 5263 qui
2524 5195 2588 5248 ab
2614 5192 2814 5246 Hilario
2839 5194 3103 5260 defensore
3125 5201 3299 5264 sancto
3319 5191 3598 5264 emorcista,
3623 5201 3745 5264 etc,

2186 5261 2382 5318 omissa
2413 5261 2541 5318 voce
2589 5273 2782 5330 postea,
2835 5279 2991 5331 quam
3041 5277 3134 5327 per
3161 5263 3420 5329 glossema
3480 5262 3584 5314 huc
3626 5261 3748 5331 irre-

2191 5335 2362 5397 psisse
2415 5344 2600 5388 censet
2631 5330 2934 5386 Bollandus.
2988 5332 3304 5385 Aliascerte
3356 5339 3622 5399 pugnaret
3675 5330 3747 5382 hic

2188 5404 2510 5457 Fortunatus
2539 5419 2658 5456 cum
2691 5403 2922 5469 Sulpicio
2948 5444 2961 5465 ,
2994 5402 3083 5465 qui
3115 5399 3391 5452 Mattinuttt
3430 5401 3500 5451 ab
3532 5400 3744 5469 Hilario.

2187 5481 2467 5537 antequam
2493 5467 3121 5537 exsularet,rexorcistam
3150 5468 3451 5525 ordinatum
3475 5482 3603 5524 esse
3625 5467 3745 5523 κείν

2188 5544 2279 5599 hit.
2317 5543 2480 5596 linea.
