3876 6358
68 258 177 316 “5

1191 251 1347 309 Vl'l‘A
1387 250 1445 309 S.
1484 250 1736 309 HILARII
1773 250 2241 309 PICTAYIENSIS

3220 254 3342 311 NG.

70 372 317 428 vidisset.
347 368 455 425 Nec
483 369 674 423 mirum
719 367 765 423 si
794 366 884 423 ille
922 366 1011 435 qui
1042 364 1209 421 Deum
1254 366 1399 435 prius
1424 364 1553 420 vidit
1578 363 1851 432 inAjaco
1902 366 2136 432 nomine,
2183 364 2308 419 dum
2355 352 2699 437 prmccpissct
2749 369 3068 433 consistere,
3119 368 3319 426 virtute
3400 432 3403 433 ν

67 476 305 533 paupere
332 470 517 531 postea
566 459 714 513 illum
758 458 997 513 habitare
1041 466 1390 529 cognosceret
1435 458 1491 517 in
1534 456 1633 512 do-

66 564 238 609 CIOI'O.

137 641 228 697 10.
272 639 403 695 Illud
451 640 615 694 etiam
662 636 818 690 nobis
866 652 969 691 non
1018 634 1270 694 convenit
1312 648 1418 692 tam
1462 636 1638 693 nobile

65 732 344 803 praterire
372 730 705 785 miraculum.
750 728 879 783 Nam
908 743 1031 783 cum
1065 736 1091 764 ⁸
1122 731 1261 785 circa
1290 728 1637 785 Gallinariam

66 820 297 880 insulam
342 818 746 889 propinquaret,
778 818 1034 873 relatione
1063 821 1277 889 agnovit
1300 820 1593 876 vicinorum
1617 858 1635 885 ,

64 910 269 979 ibidem
308 907 541 979 ingentia
580 909 902 977 serpentium
946 909 1217 964 volumina
1260 909 1377 965 sine
1417 923 1641 967 numero

65 1000 377 1070 pervagari,
405 1008 461 1054 et
485 999 555 1053 ob
596 999 698 1055 hoc
724 999 970 1069 quamvis
1008 1000 1115 1055 illis
1146 1001 1258 1054 hzee
1287 999 1457 1055 insula
1488 1000 1641 1056 vide-

68 1101 221 1147 retur
267 1092 458 1157 vicina,
513 1098 731 1161 propter
774 1091 1197 1147 inaccessibiiem
1241 1101 1418 1147 tamen
1462 1092 1638 1146 locum

64 1180 281 1250 longius
308 1181 413 1235 illis
440 1181 719 1236 videbatur
741 1195 862 1237 esse
886 1195 1042 1250 quam
1071 1180 1273 1236 Africa.
1297 1181 1411 1248 Quo
1434 1181 1637 1248 audito,

63 1272 147 1327 vir
179 1270 277 1327 Dei
306 1275 541 1326 sentiens
569 1271 668 1326 sibi
697 1271 765 1325 de
803 1269 1011 1325 bestiali
1044 1286 1216 1341 pugna
1246 1270 1429 1327 venire
1466 1272 1639 1325 victo-

64 1362 223 1435 riam,
253 1364 307 1417 in
338 1364 553 1417 nomine
606 1350 841 1427 Domini,
867 1361 1201 1430 praecedente
1222 1362 1396 1418 crucis
1418 1363 1637 1427 auxilio,

62 1451 342 1508 descendit
372 1454 425 1522 in
472 1454 735 1517 insulam;
766 1467 938 1521 eoque
967 1452 1083 1507 viso
1107 1491 1123 1518 ,
1158 1463 1435 1521 serpentes
1472 1452 1525 1505 in
1558 1450 1641 1505 fu-

62 1555 185 1611 gam
226 1540 475 1595 conversi
520 1549 681 1603 sunt,
728 1554 831 1593 non
865 1540 1155 1611 tolerantes
1198 1541 1314 1608 ejus
1342 1550 1637 1608 aspectum.

58 1630 213 1695 Tunc
240 1630 491 1691 baculum
530 1630 698 1699 figens
722 1630 774 1684 in
806 1641 1002 1685 terram
1028 1670 1044 1693 ,
1086 1629 1237 1700 quasi
1264 1640 1457 1683 metam
1483 1670 1501 1697 ,
1532 1644 1640 1699 quo

62 1735 237 1793 usque
262 1719 516 1775 deberent
554 1732 842 1775 excurrere
865 1759 881 1785 ,
912 1720 1123 1773 virtutis
1153 1718 1181 1757 δ
1215 1719 1449 1789 potentia
1493 1719 1637 1774 desi~

60 1811 284 1878 gnavit;
320 1825 417 1866 nec
456 1811 684 1878 amplius
730 1811 945 1865 libertas
967 1820 1050 1865 est
1075 1810 1179 1864 illis
1218 1800 1479 1879 occupare
1499 1809 1642 1879 quod

60 1900 233 1954 vetuit
254 1910 302 1961 ο,
325 1909 573 1969 tanquam
604 1900 648 1952 si
678 1900 884 1968 reliqua
909 1914 1031 1968 pars
1054 1898 1241 1953 inSuize
1264 1914 1367 1953 non
1385 1901 1457 1952 sit
1476 1908 1642 1965 terra,

59 1986 154 2045 sed
188 1988 441 2057 pelagus;
486 1989 608 2056 quia
640 1989 769 2043 dum
799 2004 1013 2057 semper
1038 1990 1182 2043 illam
1222 2000 1421 2057 partem
1452 2004 1643 2044 vereo-

63 2088 147 2134 tur
176 2076 462 2147 attingere,
491 2078 697 2132 facilius
723 2086 839 2133 erat
862 2078 968 2132 illis
990 2093 1139 2132 mare
1171 2078 1399 2132 transire
1428 2076 1455 2113 ἀ
1481 2093 1639 2148 quam

60 2184 281 2225 vocem.
314 2168 358 2223 Ο
381 2157 761 2224 immutabilem
788 2169 1096 2232 terminum,
1124 2169 1193 2223 de
1217 2182 1464 2224 sermone
1490 2168 1642 2237 plan.

62 2266 237 2314 talum
265 2260 278 2325 ξ
310 2260 548 2327 Apparet
574 2266 830 2328 quantum
861 2268 945 2313 est
969 2259 1159 2313 melior
1184 2256 1351 2312 Adam
1375 2258 1643 2314 secundus

70 2347 312 2415 antiquo.
344 2347 439 2401 Ille
468 2349 702 2415 serpenti
730 2349 940 2416 paruit;
972 2349 1071 2402 iste
1110 2362 1297 2403 servos
1324 2346 1518 2413 habet,
1548 2348 1639 2417 qui

65 2444 293 2503 possunt
340 2436 677 2503 serpentibus
720 2437 1002 2504 imperare.
1039 2437 1130 2492 Ille
1170 2453 1263 2507 per
1302 2439 1525 2493 bestiam
1570 2441 1640 2495 de

64 2525 196 2581 sede
218 2525 445 2603 paradisi
476 2525 745 2595 proiectus
766 2537 869 2592 est,
898 2528 999 2581 iste
1022 2528 1087 2581 de
1108 2529 1219 2581 suis
1240 2530 1503 2583 cubilibus
1525 2544 1640 2584 ser-

63 2625 256 2685 pentes
301 2602 547 2671 exclusit.
590 2602 849 2685 Deposuit
890 2618 1075 2686 anguis
1113 2627 1136 2656 ο
1165 2617 1365 2686 antiqui
1414 2618 1635 2672 menda-

62 2799 222 2862 cedo,
252 2799 697 2854 medicamentum
724 2838 739 2864 ,
771 2807 826 2854 et
856 2786 1145 2866 meracum,
1182 2808 1307 2853 ante
1334 2812 1494 2869 quem
1522 2798 1639 2853 sine

61 2902 215 2945 more
239 2903 440 2945 venena
462 2888 639 2957 fugata
662 2902 784 2944 sunt
807 2890 821 2943 l
847 2888 1064 2944 Addidit
1086 2898 1281 2953 terram
1308 2888 1633 2951 hominibus,

1738 455 1913 510 divina
1935 452 2214 510 meruitibi
2238 454 2707 529 beatuslfartinus
2734 472 3002 515 mortuum
3028 461 3313 515 suscitare.

1740 546 1944 603 Deinde
1972 556 2091 616 post
2140 546 2487 629 aliquot‘dies
2531 545 2707 603 infans
2745 547 2968 629 quidam
3005 550 3123 605 sine
3152 549 3322 619 bapti-

1737 637 1841 693 smi
1888 638 2293 710 regeneratione
2336 626 2616 693 defunctus
2670 626 2762 693 est
2800 656 2814 691 :
2868 638 3070 709 duplici
3143 648 3335 696 morte.

1740 730 2050 798 damnatus,
2094 738 2409 800 prmsentem
2469 730 2727 785 amiserat
2771 719 2943 785 lucem
2973 771 2989 796 ,
3046 738 3101 785 et
3159 744 3319 798 pinna

1740 819 1905 876 futuri
1930 820 2113 876 stecuii
2142 835 2247 875 non
2275 818 2511 875 carebat.
2533 818 2684 874 'I‘unc
2711 828 2879 874 mater
2907 816 3174 887 exstincti,
3200 832 3321 888 qua

1730 909 1849 979 ‘jam
1878 919 2048 965 mater
2070 924 2176 965 non
2205 918 2340 973 erat,
2362 908 2485 963 dum
2514 906 2681 963 filium
2711 921 2820 963 non
2847 906 3096 970 habebat,
3125 921 3320 977 provo-

1742 1002 1850 1057 luta
1871 1002 1937 1056 ad
1968 1004 2129 1072 pedes
2153 1002 2327 1057 sancti
2348 1000 2555 1067 Hilarii,
2587 1000 3020 1071 praecedentibus
3036 998 3314 1069 Iacrymis,

1741 1094 1847 1150 nati
1877 1092 1961 1148 sui
1987 1106 2181 1162 corpus
2228 1091 2413 1147 effudit
2431 1131 2447 1157 ,
2475 1090 2786 1146 exclamans
2812 1107 2825 1141 :
2859 1083 3117 1145 Martinus
3146 1088 3321 1143 adhuc

1740 1183 2001 1252 incipiens
2047 1182 2494 1239 catechumenum
2549 1192 2829 1237 mortuum
2872 1182 3182 1249 revocavit;
3230 1190 3319 1247 tu,

1740 1272 1997 1344 pontifex,
2020 1272 2207 1340 redde,
2262 1286 2410 1341 rogo,
2447 1271 2635 1337 lilium,
2680 1280 2771 1326 aut
2799 1270 2953 1339 mihi,
3003 1280 3097 1325 aut
3146 1270 3323 1339 bapti-

1740 1378 1857 1419 smo
1874 1382 1889 1430 ;
1908 1365 1996 1436 qui
2015 1364 2197 1435 populi
2226 1370 2376 1435 pater
2397 1362 2723 1432 agnosceris,
2748 1370 2807 1419 ut
2824 1376 2923 1432 ego
2944 1372 3115 1417 mater
3134 1374 3319 1428 vocer.

1739 1471 1944 1527 quaso,
1977 1456 2244 1512 obtineas.
2267 1456 2358 1510 Sic
2381 1455 2471 1509 illa
2501 1456 2621 1523 plus
2647 1454 2900 1525 lacrymis
2920 1460 3138 1523 petente
3159 1466 3320 1521 quam

1740 1549 1941 1616 verbis,
1973 1556 2269 1604 oommotus
2295 1554 2379 1602 est
2427 1547 2626 1616 pietate
2672 1546 2756 1601 vir
2780 1544 2896 1611 Dei,
2929 1553 3003 1609 et,
3043 1548 3322 1613 spectante

1743 1638 1967 1708 populo,
2002 1645 2029 1685 s
2062 1635 2129 1689 ad
2161 1642 2415 1690 consueta
2463 1647 2612 1689 arma
2657 1644 2965 1697 recurrens,
3015 1630 3067 1685 in
3122 1637 3318 1685 terrain

1668 1700 1720 1763 Β
1746 1700 2116 1797 prosternitur.
2141 1725 2258 1780 Ilox
2282 1722 2537 1793 paulatim
2559 1721 2795 1777 defuncti
2824 1717 2854 1757 ιι
2885 1717 3132 1789 pallor‘in
3154 1715 3316 1771 rube-

1743 1832 1857 1873 rem
1888 1817 2250 1881 convertitur,
2282 1813 2474 1883 frigida
2502 1810 2741 1867 membra
2762 1850 2779 1883 ,
2809 1815 3062 1877 revocato
3107 1806 3316 1874 spiritu.

1744 1906 2119 1975 intepescunt,
2145 1904 2283 1960 oculi
2314 1904 2513 1973 apertis
2540 1900 2911 1972 palpebrarum
2937 1899 3116 1969 jauuis
3164 1910 3318 1967 pere-

1742 1998 1952 2066 grinum
1998 1996 2175 2049 lumen
2202 2004 2520 2062 agnoscunt,
2561 2004 2662 2045 vox
2708 1988 2951 2052 adducto.
2983 2001 3108 2042 aere
3134 1986 3202 2041 de
3232 1999 3321 2055 pe.

1742 2092 1905 2143 ctorts
1932 2084 2200 2138 domicilio
2226 2082 2453 2137 conﬂata
2473 2078 2758 2159 profertur,
2773 2091 2994 2153 gressus
3014 2076 3124 2131 suis
3148 2075 3318 2129 vesti-

1741 2180 1842 2249 giis
1870 2176 2136 2233 redivivus
2185 2174 2507 2235 extenditur,
2562 2172 2615 2226 in
2646 2169 2935 2224 anterioris
2984 2165 3319 2245 fundamenti

1742 2281 1937 2326 statum
1990 2276 2096 2323 tnta
2144 2266 2343 2321 fabrica
2371 2272 2679 2318 renovatur.
2710 2260 2849 2327 Quid
2880 2256 3077 2327 plura?
3104 2255 3315 2312 Tauditt

1739 2361 1908 2433 jac‘uit
1945 2356 2200 2415 sacerdos
2230 2357 2281 2410 in
2312 2354 2547 2423 pulvere,
2581 2352 2754 2405 donec
2780 2349 2983 2418 pariter
3010 2352 3312 2415 surgerent,
3346 2340 3349 2347 ’

1742 2468 1906 2509 senex
1931 2440 2005 2505 de'
2023 2449 2289 2511 oratione,
2318 2445 2496 2498 infans
2528 2443 2593 2496 de
2618 2450 2811 2495 morte.
2836 2438 2978 2493 Ecce
3005 2437 3111 2491 vita
3133 2434 3315 2490 lauda-

1740 2543 1864 2597 bilis
1888 2580 1903 2605 ,
1934 2553 2053 2607 quae
2081 2537 2149 2591 de
2175 2535 2397 2588 alterius
2426 2545 2652 2599 corpore
2699 2542 2884 2582 necem
2910 2524 3157 2593 precibus
3179 2522 3315 2583 elfug

1682 2685 1687 2690 ,
1740 2635 1901 2702 gavit,
1928 2629 2177 2697 Spoliavit
2215 2623 2520 2683 Tartarum,
2548 2633 2705 2684 spem
2756 2617 2962 2671 habens
2983 2617 3036 2669 in
3076 2614 3313 2670 Christo.

60 2708 204 2765 cium
229 2746 247 2775 ,
277 2709 365 2777 qui
396 2708 579 2763 didicit
609 2707 833 2777 implere
875 2708 1203 2763 mandatum.
1233 2708 1277 2762 Ο
1302 2707 1489 2763 Hilarii
1518 2709 1637 2763 dul-
1679 2718 1683 2727 ‘

1741 2724 1883 2777 Mors
1911 2719 1983 2773 ibi
2026 2716 2143 2787 jura
2171 2728 2280 2768 non
2324 2710 2526 2772 tenuit,
2553 2706 2639 2761 ubi
2664 2705 2894 2759 Hilarius
2922 2705 3027 2757 vim
3056 2702 3314 2757 orationis

1740 2810 1980 2881 ingessit.
2003 2805 2107 2863 Sed
2141 2814 2285 2858 tanta
2314 2816 2401 2857 res
2421 2813 2526 2853 non
2557 2805 2737 2881 potest
2766 2794 2965 2849 nostris
2990 2791 3169 2847 verbis
3191 2792 3313 2860 plus

1738 2879 1949 2966 ornari,
2010 2910 2167 2967 quam
2233 2892 2399 2962 ipsius
2449 2879 2677 2943 meritis.
2741 2885 2903 2953 Nunc
2935 2896 3062 2938 vero
3110 2894 3314 2936 memo-

59 2961 185 3050 quia
218 2982 273 3036 in
303 2982 420 3037 loco
448 2980 643 3035 bellua:
669 2981 841 3035 incola
872 2968 1284 3049 transmigravit.
1317 2977 1425 3036 Sed
1452 2993 1635 3035 rever-

1742 2993 1964 3049 randqu
2031 2997 2138 3054 est,
2203 2984 2344 3056 quod
2402 2994 2560 3049 supra
2615 2978 2631 3017 ί
2678 2975 3138 3046 praetermisimus,
3186 2986 3316 3045 quas

1742 3085 1775 3088 __
1960 3081 1973 3088 -
2112 3079 2123 3088 .
2253 3077 2284 3088 1·
2429 3072 2442 3088 ι
2479 3084 2524 3088 γ-
2559 3069 2792 3088 s_,L!--.-
2829 3064 3082 3088 ...ε--,...1-
3131 3077 3287 3088 -..η-ι.

62 3081 241 3126 tamur
267 3070 333 3124 ad
360 3068 624 3124 ordinem.

80 3182 85 3185 -
136 3158 228 3215 II.
265 3158 423 3224 Cum,
448 3157 515 3212 de
535 3156 723 3213 exsilio
751 3170 1057 3229 regressus,
1114 3155 1355 3211 introivit
1380 3156 1637 3222 Pictavis,

62 3265 278 3305 summo
326 3250 512 3305 favore
558 3249 879 3319 plaudebant
925 3263 1111 3304 omnes
1153 3248 1372 3317 pariter,
1400 3263 1465 3304 eo
1492 3249 1635 3317 quod

64 3340 293 3394 ecclesia
314 3338 604 3406 recepisset
626 3338 949 3407 pontificem,
973 3352 1100 3408 grex
1118 3347 1415 3406 pastorem;
1436 3344 1491 3390 et
1514 3351 1576 3391 ac
1590 3336 1636 3391 si

62 3443 253 3483 omnes
268 3443 388 3482 cum
422 3428 536 3495 ipso
566 3439 690 3508 tunc
711 3428 977 3481 redissent
1000 3427 1067 3480 ad
1097 3428 1319 3494 patriam
1342 3463 1361 3491 ,
1409 3427 1477 3480 ita
1520 3427 1635 3480 sine

62 3517 155 3573 illo
176 3532 239 3572 se
265 3515 487 3571 exsules
519 3515 681 3571 fuisse
709 3514 992 3570 deflebant.

135 3604 228 3661 12.
266 3605 451 3674 itaque
479 3603 694 3659 beatum
742 3603 1024 3659 Martinam
1078 3604 1133 3657 in
1173 3599 1356 3676 vico',
1396 3601 1635 3672 Locoge-

134 3740 161 3770 ι
202 3732 392 3788 Plures
437 3733 564 3788 Mss.
591 3776 606 3799 ,
656 3735 791 3786 circa
842 3732 994 3787 Dives
1044 3731 1329 3786 Galliarum
1376 3732 1637 3795 insulam;

59 3802 251 3868 sicque
293 3802 592 3857 Boucltetus
632 3803 788 3867 legit,
825 3818 888 3856 ac
924 3811 1070 3869 putat
1117 3806 1251 3855 hanc
1298 3802 1522 3855 insulam
1568 3803 1636 3856 ad

64 3886 234 3939 rupes
264 3871 637 3926 Primalienses
666 3873 842 3924 sitam.
879 3871 1029 3939 [laud
1064 3870 1245 3935 procul
1274 3870 1526 3939 Rupella_,_
1559 3872 1635 3923 uti

62 3936 356 3996 Boiiandus
384 3940 706 4000 observavit,
740 3941 913 3991 vicum
945 3938 1073 3991 Yves
1100 3948 1153 3991 et
1182 3946 1396 4005 pontem
1432 3936 1635 4001 d'Yres,

59 4010 325 4063 exhibent
349 4008 539 4062 tabulae
566 4008 618 4061 in
647 4008 885 4061 Aluesio.
914 4007 1158 4059 Valesius
1185 4014 1383 4067 autem,
1410 4007 1463 4058 in
1494 4006 1634 4060 notis

58 4078 281 4140 Gallic.,
312 4092 431 4145 pag.
458 4076 584 4138 390,
614 4076 673 4139 2,
708 4086 854 4130 notat
884 4076 1107 4130 insulam
1136 4075 1314 4145 Divom
1342 4077 1635 4142 proximam

54 4162 185 4201 esse
216 4144 331 4201 tum
358 4144 500 4200 ostio
522 4145 749 4214 ,Separis
775 4186 790 4210 ,
826 4154 936 4199 tum
967 4145 1121 4214 alteri
1165 4144 1353 4201 insula:
1381 4160 1498 4212 quae
1540 4145 1638 4198 La-

54 4216 171 4270 tine
223 4214 324 4269 Oia
368 4217 452 4269 vel
500 4212 673 4284 oga,
725 4216 883 4283 vulgo
936 4212 1221 4269 l‘Ile-Dieu
1283 4223 1634 4281 nuncupatur.

53 4285 318 4350 Quamvis
364 4286 490 4338 Mss.
523 4286 863 4338 vetustiorum
906 4284 1217 4337 auctoritate
1267 4284 1590 4337 retineamus
1615 4323 1629 4346 ,

54 4342 409 4408 Gallinariam
437 4353 665 4406 insulani
689 4392 704 4415 ,
736 4368 852 4405 eam
892 4362 1065 4405 tamen
1110 4352 1430 4403 arbitramur
1468 4342 1627 4405 aliam
1658 4342 1712 4402 υ

54 4422 229 4489 fuisse
250 4421 318 4475 ab
338 4422 507 4474 insula
528 4421 772 4487 ejusdem
797 4422 1042 4483 nominis,
1074 4422 1125 4472 in
1156 4420 1287 4471 mari
1310 4420 1484 4473 Tusco
1504 4422 1626 4489 sita,

52 4501 221 4555 quam
259 4490 509 4543 Martinus
557 4491 793 4544 incoluit.
828 4490 970 4543 Alias
998 4490 1254 4543 Martinus
1297 4489 1350 4542 in
1388 4504 1447 4541 ea
1490 4489 1631 4543 Hila-

56 4564 201 4611 rium
227 4568 609 4625 exspectasset,
638 4574 740 4614 nec
767 4562 944 4613 Roma:
972 4566 1227 4613 tentasset
1250 4562 1296 4611 ei
1322 4572 1627 4622 occurrere,

54 4628 98 4679 si
149 4629 258 4682 hac
297 4627 435 4685 illius
478 4630 579 4685 iter
618 4629 821 4684 fuisset.
866 4630 1025 4683 Falso
1066 4629 1226 4681 e:iam
1269 4626 1632 4682 inhabitabilis

55 4699 353 4761 diceretur,
385 4714 504 4765 quae
532 4713 561 4750 a
592 4698 816 4751 Martino
840 4698 1023 4752 fuisset
1052 4697 1305 4750 habitata.
1335 4697 1502 4750 lineis.

124 4765 155 4806 δ
186 4768 262 4822 .In
293 4768 513 4834 duobus,
545 4765 695 4831 Mss.,
725 4769 1018 4835 potentiam.

131 4845 157 4872 ε
202 4836 263 4889 In
293 4835 552 4903 Vulgatis,
583 4845 628 4890 et
656 4845 897 4903 tanquam
922 4837 963 4887 si
987 4838 1093 4888 licet:
1120 4836 1312 4890 insula.
1344 4835 1395 4887 in
1425 4835 1631 4890 duobus

56 4905 245 4973 probs
289 4915 425 4958 noue
455 4905 605 4965 Mss.,
636 4912 870 4971 tanquam
896 4920 1019 4973 pars
1047 4916 1195 4958 terra:
1236 4922 1333 4958 non
1362 4906 1427 4957 sit
1471 4915 1625 4957 terra.

56 4981 112 5027 tn
142 4972 379 5042 casteria,
409 4976 545 5028 utin
577 4985 741 5029 textu.
774 4974 911 5027 Μυκη.
943 4974 999 5042 S_.
1032 4976 1206 5029 ΜΑυη.
1400 5040 1414 5042 _
1472 5022 1477 5031 .

125 5042 152 5080 ἀ
198 5038 475 5098 Vetustior
501 5058 534 5095 e
564 5044 689 5097 Mss.
723 5044 897 5109 Colb.,
926 5038 1081 5110 quam
1112 5045 1211 5095 huc
1239 5058 1366 5094 esse.
1399 5040 1569 5095 Itoeu.

128 5122 153 5149 °
198 5110 283 5175 Ita
315 5120 462 5165 vetus
491 5110 668 5164 Codex
698 5113 851 5164 Coib.
886 5113 987 5164 Alii
1019 5128 1165 5172 vero,
1194 5117 1455 5178 antiquum
1486 5127 1627 5163 meu-

57 5180 294 5235 ἀπειρη.
340 5179 459 5233 Mox
506 5181 705 5247 aliquot
764 5181 887 5234 Mss.
930 5197 959 5233 ο
1004 5182 1195 5233 llilarii
1255 5180 1503 5242 dulcedo;
1568 5194 1630 5233 ac

56 5248 262 5303 deinde
309 5262 428 5303 cum
471 5246 604 5303 edit.
650 5246 752 5301 Gil.
800 5250 1219 5303 medicamentum
1263 5259 1310 5301 et
1372 5252 1623 5302 meritum.

55 5321 236 5381 Im“.
380 5366 389 5371 -
858 5374 865 5381 .

130 5387 151 5425 ¹
196 5385 472 5454 Sulpicius
500 5388 656 5454 hujus
704 5388 1007 5441 monasterii
1040 5388 1198 5440 situm
1231 5404 1330 5439 non
1378 5387 1525 5456 longe
1565 5387 1628 5438 ab

56 5458 256 5523 oppido
304 5452 419 5511 esse
464 5452 661 5523 tradit,
691 5458 785 5511 sed
823 5472 1013 5510 nomen
1044 5458 1160 5523 ejus
1186 5458 1323 5518 silet,
1359 5452 1537 5509 nec'in
1564 5471 1629 5509 eo
1675 5452 1687 5461 “

56 5526 352 5594 scribendo
406 5522 744 5588 consentiunt
798 5525 926 5579 Mss.
981 5522 1179 5594 Legem
1232 5535 1313 5577 est
1366 5526 1416 5578 in
1447 5535 1627 5579 vetere

53 5595 233 5660 Culb.,
269 5591 553 5660 Locojaco;
592 5596 643 5650 iu
670 5598 773 5651 alio
818 5612 921 5650 non
976 5591 1271 5650 i‘cccnli'ut‘e
1298 5596 1495 5651 (lasaiis
1528 5596 1625 5649 Bc-

1740 3085 1864 3141 liter
1904 3079 2160 3136 miracula
2191 3077 2400 3144 reliqua
2429 3072 2531 3127 hoc
2553 3069 2798 3139 subjecto
2828 3064 3085 3122 miracqu
3129 3077 3316 3122 cumu-

1737 3174 1897 3319 ΙὛΞ.
1939 3258 2176 3327 Denique
2198 3267 2320 3309 cum
2344 3251 2702 3305 beatissimam
2730 3246 2924 3301 Abram
2948 3241 3108 3298 filiam
3131 3254 3306 3308 suam,

1738 3355 1804 3413 ad
1825 3368 1986 3425 quam
2017 3350 2085 3403 de
2110 3344 2299 3402 exsilio
2327 3339 2615 3397 destinavit
2644 3337 2949 3405 epistolam,
2981 3332 3312 3388 incolumem

1738 3448 2049 3508 invenisset,
2070 3441 2356 3508 alloquizur
2385 3451 2524 3501 eam,
2558 3431 2826 3503 quomodo
2848 3437 3059 3498 peterat
3080 3425 3309 3481 dulcedo

1739 3537 1908 3606 patris
1932 3543 1989 3589 et
2030 3530 2271 3585 facundia
2301 3524 2548 3580 oratoris.
2582 3520 2716 3588 Quid
2740 3518 2954 3573 dicam?
2993 3516 3305 3585 Alloquitur

1744 3628 1886 3681 illam
1916 3621 2168 3687 Hilarius,
2217 3618 2367 3685 cujus
2394 3611 2714 3682 eloquentiae
2748 3618 2865 3679 post
2890 3608 3062 3673 ipsum
3090 3620 3308 3672 compa-

1740 3736 1887 3798 ned.,
1916 3733 2236 3798 Locoteiaco,
2266 3730 2318 3783 in
2347 3720 3017 3798 compend.,_l_.‘oc_odia_co;
3051 3716 3309 3798 in'pluric

1739 3788 2003 3867 busialiis,
2034 3788 2339 3869 Lebadiaco.
2362 3797 2452 3851 Sic
2470 3788 2526 3849 et
2552 3788 3137 3869 apudBIoIlandumhic
3160 3788 3311 3869 vicus

1740 3858 2219 3937 aliisiLegadia'cus,
2251 3867 2449 3937 Tgacus
2478 3872 2531 3937 et
2555 3858 2909 3937 Goteloicacus
2933 3858 3146 3937 dicitur,
3170 3865 3225 3909 et
3257 3858 3309 3907 iu

1742 3924 2016 3996 B'reviario
2043 3924 2254 3996 Sanun,
2294 3924 2677 3998 lugduniacus.
2735 3924 3146 3998 Ipsedprajfert,
3194 3938 3317 3998 cum

1743 3993 1882 4065 ﬁdit.
1910 4009 2056 4066 Gill.,
2084 3993 2322 4073 Tegiaco.
2357 3993 2430 4056 Ex
2455 3999 2675 4073 duobus
2702 3993 2965 4073 prioribus
2996 3993 3315 4073 alas-conli-

1741 4060 2264 4157 ciinuslocogeja'co,
2289 4073 2422 4125 adeo
2448 4077 2504 4123 ut
2528 4070 2578 4151 in
2603 4060 2772 4136 primo
2789 4062 3042 4157 eiicid‘crit
3065 4060 3233 4157 littera
3254 4076 3311 4157 ἓν,

1741 4131 2280 4220 ᾇῦᾇιηίθηιίηἶιῖγοεὲ
2304 4156 2409 4220 non
2431 4131 2811 4220 expriiiien‘tes.
2834 4131 3308 4220 faciliiiietia'm-in

1742 4200 2309 4286 scripiisom'ittebant.
2340 4200 2606 4286 [lxalt'ero
2627 4216 2801 4285 autem
2824 4200 3310 4286 supplem‘uswlittge-

1746 4269 1874 4341 is};
1896 4269 1958 4351 ei,
1992 4286 2305 4339 concinente
2334 4281 2535 4335 Gallico
2569 4276 2783 4330 nomine
2813 4271 3026 4341 Liguge.
3060 4269 3174 4322 Non
3204 4269 3314 4322 dis-

1742 4361 1959 4425 pliceret
1979 4355 2313 4425 Legugejaco.
2343 4350 2508 4402 Ιιοειι.
2856 4424 2865 4425 7
2892 4408 2907 4425 _
2948 4407 3013 4425 Η

1811 4406 1840 4474 ί
1851 4406 2162 4479 'E'Jsil'tii.
2173 4406 2243 4473 ad
2264 4428 2553 4473 conuersata
2574 4425 2750 4473 arma;
2773 4408 2908 4477 quod
2931 4406 3123 4479 deinde
3144 4420 3317 4479 enun-

1736 4476 2268 4552 tiatur-ide—di-functo
2293 4490 2355 4541 ad
2386 4490 2545 4545 vitam
2573 4476 2841 4553 revocato,
2874 4476 3156 4553 quamdam
3186 4476 3305 4553 affi-

1736 4546 1952 4623 nitaiem
1970 4546 2145 4616 habet
2171 4574 2288 4613 cum
2314 4558 2377 4608 iis
2397 4570 2513 4621 qua:
2536 4553 2602 4623 de
2624 4548 2940 4623 moribunda
2963 4554 3145 4599 sanata
3166 4546 3311 4623 edis-

1734 4615 2185 4691 s-ei'iilviienantius
2209 4629 2260 4680 in
2291 4615 2426 4678 Vita'
2440 4622 2609 4677 sancti
2637 4620 2911 4691 Germani,
2936 4624 2993 4691 ut
3022 4623 3135 4685 post
3160 4615 3310 4679 [une-

1732 4687 1862 4761 Hui.
1888 4696 2308 4771 palloremfacies
2336 4696 2387 4746 in
2406 4693 2643 4771 rubor-ent
2680 4687 3139 4771 lrat'tssi‘t‘eltllplttsl‘.

1803 4748 1849 4814 ἶ,
1873 4748 2580 4833 ἑξῆέέὶτιίίειέθῐθπθίνετδιιε
2608 4759 2737 4833 ven.
2768 4753 3134 4833 Forthquibus
3154 4748 3311 4829 Cate-

1732 4822 2049 4899 citunie'nnm
2080 4853 2109 4889 a
2137 4844 2323 4889 sancto
2352 4832 2574 4884 Martino
2616 4826 2740 4899 vitm
2787 4823 3052 4877 redditum
3096 4822 3307 4899 descri-

1738 4887 2119 4977 ’ίῖῦὶῇ
2145 4887 2321 4977 sancti
2342 4902 2527 4977 Mart...
2558 4898 2749 4977 quibus
2776 4904 3174 4977 summlaucuiu‘
3203 4887 3307 4977 hoc

1738 4956 1854 5038 iiii.
1870 4956 2137 5040 inin-.155,
2156 4956 2225 5027 ac
2246 4956 2542 5026 similitudo
2574 4956 2912 5034 intelligitur.
2938 4962 3027 5016 Sic
3052 4971 3180 5027 ergo
3209 4956 3304 5009 ha-

1735 5055 1862 5107 bent
1891 5050 1965 5106 illi
2000 5064 2014 5100 :

1858 5141 2054 5189 Interea
2082 5135 2290 5198 geminis
2310 5132 2468 5198 spatio
2488 5131 2763 5178 remorante
2776 5121 2876 5198 sub
2897 5119 3049 5198 horis,

1859 5186 1983 5250 Ecce
2004 5186 2132 5248 redit
2157 5196 2324 5251 facies,
2342 5186 2528 5240 saliunt
2551 5202 2638 5255 per
2663 5186 2882 5255 membra
2903 5192 3125 5255 vapores.

1846 5246 2127 5310 suimet):
2150 5257 2262 5304 inde
2287 5246 2447 5314 genis,
2471 5246 2637 5299 oculos
2658 5246 2860 5315 pupilla,
2889 5246 3135 5315 repingit;

1856 5304 2117 5371 ii'Jr'su’s'éi
2139 5304 2349 5367 insertus
2372 5304 2866 5376 renovstspecularia
2882 5307 3038 5376 .visus.

1856 5368 1990 5432 'v'én'a
2006 5368 2170 5429 tumet
2190 5380 2324 5435 rivis,
2350 5378 2557 5422 animato
2580 5368 2714 5435 fonte
2733 5368 2944 5435 cruoris,

1856 5427 2092 5492 uiolatam
2110 5427 2339 5499 assurgit,
2365 5435 2540 5499 fabrica
2566 5427 3195 5499 titubantepcoiumnatu.

1810 5498 1813 5501 ’
1857 5484 2357 5566 izifgiiiii'iiﬁ'e'jiié’en's
2382 5498 2562 5557 pariter
2584 5493 2772 5552 domus,
2802 5495 2852 5538 et
2876 5498 2990 5535 suus
3013 5484 3196 5559 hospes

1812 5590 1823 5626 ί
1859 5588 1913 5641 In
1946 5602 2048 5640 uno
2073 5585 2191 5645 515.,
2217 5579 2576 5642 prwmisimns.
