  <div class='ocr_page' id='page_1' title='image "/cluster/home/n/w/nwhite01/storage/ocr_20150623/87-88/uva.x000827073/989.png"; bbox 0 0 3948 6218; ppageno 0'>
   <div class='ocr_carea' id='block_1_1' title="bbox 539 339 640 393">
    <p class='ocr_par' dir='ltr' id='par_1_1' title="bbox 539 339 640 393">
     <span class='ocr_line' id='line_1_1' title="bbox 539 339 640 393; baseline 0.02 -2"><span class='ocrx_word' id='word_1_1' title='bbox 539 339 640 393; x_wconf 57' lang='grc'><strong>417</strong></span> 
     </span>
    </p>
   </div>
   <div class='ocr_carea' id='block_1_2' title="bbox 1280 328 2117 393">
    <p class='ocr_par' dir='ltr' id='par_1_2' title="bbox 1280 330 2117 393">
     <span class='ocr_line' id='line_1_2' title="bbox 1280 330 2117 393; baseline -0.01 -1"><span class='ocrx_word' id='word_1_2' title='bbox 1280 337 1589 393; x_wconf 72' lang='grc' dir='ltr'><strong>νΕΝΑΝτιι</strong></span> <span class='ocrx_word' id='word_1_3' title='bbox 1630 335 1782 392; x_wconf 77' lang='lat' dir='ltr'><strong>&quot;ON.</strong></span> <span class='ocrx_word' id='word_1_4' title='bbox 1824 332 2026 389; x_wconf 79' lang='lat' dir='ltr'><strong>CLEM.</strong></span> <span class='ocrx_word' id='word_1_5' title='bbox 2069 330 2117 384; x_wconf 72' lang='lat' dir='ltr'><strong>Ft</strong></span> 
     </span>
    </p>
   </div>
   <div class='ocr_carea' id='block_1_3' title="bbox 2229 328 3087 393">
    <p class='ocr_par' dir='ltr' id='par_1_3' title="bbox 2229 328 3087 385">
     <span class='ocr_line' id='line_1_3' title="bbox 2229 328 3087 385; baseline 0.001 -2"><span class='ocrx_word' id='word_1_6' title='bbox 2229 329 2452 384; x_wconf 76' lang='lat' dir='ltr'><strong>i&#39;UNATl</strong></span> <span class='ocrx_word' id='word_1_7' title='bbox 2491 328 2775 384; x_wconf 78' lang='lat' dir='ltr'><strong>OPERUM</strong></span> <span class='ocrx_word' id='word_1_8' title='bbox 2817 329 2989 385; x_wconf 78' lang='lat' dir='ltr'><strong>PARS</strong></span> <span class='ocrx_word' id='word_1_9' title='bbox 3027 330 3087 384; x_wconf 82' lang='lat' dir='ltr'><strong>il.</strong></span> 
     </span>
    </p>
   </div>
   <div class='ocr_carea' id='block_1_4' title="bbox 3670 328 3788 385">
    <p class='ocr_par' dir='ltr' id='par_1_4' title="bbox 3670 328 3788 385">
     <span class='ocr_line' id='line_1_4' title="bbox 3670 328 3788 385; baseline -0.017 1"><span class='ocrx_word' id='word_1_10' title='bbox 3670 328 3788 385; x_wconf 72' lang='grc'><strong>448</strong></span> 
     </span>
    </p>
   </div>
   <div class='ocr_carea' id='block_1_5' title="bbox 550 437 3786 513">
    <p class='ocr_par' dir='ltr' id='par_1_5' title="bbox 550 437 3786 513">
     <span class='ocr_line' id='line_1_5' title="bbox 550 437 3786 513; baseline -0.002 -13"><span class='ocrx_word' id='word_1_11' title='bbox 550 464 670 502; x_wconf 85' lang='lat' dir='ltr'><strong>rare</strong></span> <span class='ocrx_word' id='word_1_12' title='bbox 718 449 943 512; x_wconf 84' lang='lat' dir='ltr'><strong>aliquem</strong></span> <span class='ocrx_word' id='word_1_13' title='bbox 981 444 1061 499; x_wconf 85' lang='lat' dir='ltr'><strong>vix</strong></span> <span class='ocrx_word' id='word_1_14' title='bbox 1105 444 1390 508; x_wconf 87' lang='lat' dir='ltr'><strong>audemus,</strong></span> <span class='ocrx_word' id='word_1_15' title='bbox 1437 446 1534 498; x_wconf 88' lang='lat' dir='ltr'><strong>nisi</strong></span> <span class='ocrx_word' id='word_1_16' title='bbox 1577 444 1665 513; x_wconf 87' lang='lat' dir='ltr'><strong>qui</strong></span> <span class='ocrx_word' id='word_1_17' title='bbox 1712 444 1870 497; x_wconf 85' lang='lat' dir='ltr'><strong>fuerit</strong></span> <span class='ocrx_word' id='word_1_18' title='bbox 1923 442 2107 509; x_wconf 92' lang='lat' dir='ltr'><strong>spiritu</strong></span> <span class='ocrx_word' id='word_1_19' title='bbox 2139 437 2486 495; x_wconf 78' lang='lat' dir='ltr'><strong>Aamittens.</strong></span> <span class='ocrx_word' id='word_1_20' title='bbox 2542 437 2657 503; x_wconf 84' lang='lat' dir='ltr'><strong>Ipse</strong></span> <span class='ocrx_word' id='word_1_21' title='bbox 2709 437 2903 491; x_wconf 89' lang='lat' dir='ltr'><strong>conditi</strong></span> <span class='ocrx_word' id='word_1_22' title='bbox 2958 439 3036 493; x_wconf 86' lang='lat' dir='ltr'><strong>sal</strong></span> <span class='ocrx_word' id='word_1_23' title='bbox 3066 439 3282 508; x_wconf 85' lang='lat' dir='ltr'><strong>ingenii,</strong></span> <span class='ocrx_word' id='word_1_24' title='bbox 3343 439 3464 496; x_wconf 86' lang='lat' dir='ltr'><strong>fons</strong></span> <span class='ocrx_word' id='word_1_25' title='bbox 3505 441 3786 508; x_wconf 78' lang='lat' dir='ltr'><strong>loquendi,</strong></span> 
     </span>
    </p>
   </div>
   <div class='ocr_carea' id='block_1_6' title="bbox 547 533 2102 605">
    <p class='ocr_par' dir='ltr' id='par_1_6' title="bbox 547 533 2102 605">
     <span class='ocr_line' id='line_1_6' title="bbox 547 533 2102 605; baseline -0.002 -15"><span class='ocrx_word' id='word_1_26' title='bbox 547 539 757 604; x_wconf 84' lang='lat' dir='ltr'><strong>divino,</strong></span> <span class='ocrx_word' id='word_1_27' title='bbox 809 547 864 591; x_wconf 88' lang='lat' dir='ltr'><strong>ut</strong></span> <span class='ocrx_word' id='word_1_28' title='bbox 917 538 1033 605; x_wconf 89' lang='lat' dir='ltr'><strong>ille,</strong></span> <span class='ocrx_word' id='word_1_29' title='bbox 1087 536 1318 605; x_wconf 89' lang='lat' dir='ltr'><strong>repletus</strong></span> <span class='ocrx_word' id='word_1_30' title='bbox 1355 545 1560 591; x_wconf 89' lang='lat' dir='ltr'><strong>:tentat</strong></span> <span class='ocrx_word' id='word_1_31' title='bbox 1602 535 1717 603; x_wconf 83' lang='lat' dir='ltr'><strong>ejus</strong></span> <span class='ocrx_word' id='word_1_32' title='bbox 1762 535 2028 592; x_wconf 88' lang='lat' dir='ltr'><strong>animum,</strong></span> <span class='ocrx_word' id='word_1_33' title='bbox 2058 533 2102 588; x_wconf 86' lang='lat' dir='ltr'><strong>si</strong></span> 
     </span>
    </p>
   </div>
   <div class='ocr_carea' id='block_1_7' title="bbox 551 625 2106 698">
    <p class='ocr_par' dir='ltr' id='par_1_7' title="bbox 551 625 2106 698">
     <span class='ocr_line' id='line_1_7' title="bbox 551 625 2106 698; baseline -0.002 -20"><span class='ocrx_word' id='word_1_34' title='bbox 551 626 710 680; x_wconf 79' lang='lat' dir='ltr'><strong>vellet</strong></span> <span class='ocrx_word' id='word_1_35' title='bbox 731 629 984 695; x_wconf 80' lang='lat' dir='ltr'><strong>attingere</strong></span> <span class='ocrx_word' id='word_1_36' title='bbox 1023 642 1274 698; x_wconf 90' lang='lat' dir='ltr'><strong>sponsum</strong></span> <span class='ocrx_word' id='word_1_37' title='bbox 1305 643 1459 696; x_wconf 83' lang='lat' dir='ltr'><strong>quem</strong></span> <span class='ocrx_word' id='word_1_38' title='bbox 1488 628 1652 697; x_wconf 91' lang='lat' dir='ltr'><strong>patris</strong></span> <span class='ocrx_word' id='word_1_39' title='bbox 1674 627 1841 698; x_wconf 86' lang='lat' dir='ltr'><strong>gratia</strong></span> <span class='ocrx_word' id='word_1_40' title='bbox 1873 635 1898 662; x_wconf 73' lang='grc' dir='ltr'><strong>ο</strong></span> <span class='ocrx_word' id='word_1_41' title='bbox 1932 625 2106 692; x_wconf 88' lang='lat' dir='ltr'><strong>provi-</strong></span> 
     </span>
    </p>
   </div>
   <div class='ocr_carea' id='block_1_8' title="bbox 549 712 2106 783">
    <p class='ocr_par' dir='ltr' id='par_1_8' title="bbox 549 712 2106 783">
     <span class='ocr_line' id='line_1_8' title="bbox 549 712 2106 783; baseline -0.003 -15"><span class='ocrx_word' id='word_1_42' title='bbox 549 716 718 770; x_wconf 92' lang='lat' dir='ltr'><strong>derat.</strong></span> <span class='ocrx_word' id='word_1_43' title='bbox 743 717 888 771; x_wconf 90' lang='lat' dir='ltr'><strong>Tunc</strong></span> <span class='ocrx_word' id='word_1_44' title='bbox 918 718 1143 771; x_wconf 79' lang='lat' dir='ltr'><strong>libenter</strong></span> <span class='ocrx_word' id='word_1_45' title='bbox 1165 716 1636 783; x_wconf 89' lang='lat' dir='ltr'><strong>desideranterque</strong></span> <span class='ocrx_word' id='word_1_46' title='bbox 1663 755 1678 780; x_wconf 94' lang='lat'><strong>,</strong></span> <span class='ocrx_word' id='word_1_47' title='bbox 1704 724 1758 768; x_wconf 90' lang='lat' dir='ltr'><strong>ut</strong></span> <span class='ocrx_word' id='word_1_48' title='bbox 1786 714 2030 767; x_wconf 76' lang='lat' dir='ltr'><strong>celeriter</strong></span> <span class='ocrx_word' id='word_1_49' title='bbox 2059 712 2106 764; x_wconf 91' lang='lat' dir='ltr'><strong>ei</strong></span> 
     </span>
    </p>
   </div>
   <div class='ocr_carea' id='block_1_9' title="bbox 549 791 2110 875">
    <p class='ocr_par' dir='ltr' id='par_1_9' title="bbox 549 791 2110 875">
     <span class='ocr_line' id='line_1_9' title="bbox 549 791 2110 875; baseline -0.005 -16"><span class='ocrx_word' id='word_1_50' title='bbox 549 808 888 874; x_wconf 72' lang='lat' dir='ltr'><strong>iungeretur,</strong></span> <span class='ocrx_word' id='word_1_51' title='bbox 931 808 1165 875; x_wconf 83' lang='lat' dir='ltr'><strong>optabat.</strong></span> <span class='ocrx_word' id='word_1_52' title='bbox 1206 807 1373 872; x_wconf 84' lang='lat' dir='ltr'><strong>Quam</strong></span> <span class='ocrx_word' id='word_1_53' title='bbox 1418 806 1742 859; x_wconf 79' lang='lat' dir='ltr'><strong>voluntatem</strong></span> <span class='ocrx_word' id='word_1_54' title='bbox 1795 803 1910 870; x_wconf 90' lang='lat' dir='ltr'><strong>pius</strong></span> <span class='ocrx_word' id='word_1_55' title='bbox 1960 791 2110 869; x_wconf 85' lang='lat' dir='ltr'><strong>pater</strong></span> 
     </span>
    </p>
   </div>
   <div class='ocr_carea' id='block_1_10' title="bbox 551 889 2110 967">
    <p class='ocr_par' dir='ltr' id='par_1_10' title="bbox 551 889 2110 967">
     <span class='ocr_line' id='line_1_10' title="bbox 551 889 2110 967; baseline -0.003 -21"><span class='ocrx_word' id='word_1_56' title='bbox 551 896 864 967; x_wconf 78' lang='lat' dir='ltr'><strong>agnoscens,</strong></span> <span class='ocrx_word' id='word_1_57' title='bbox 896 897 1131 950; x_wconf 86' lang='lat' dir='ltr'><strong>intentus</strong></span> <span class='ocrx_word' id='word_1_58' title='bbox 1159 895 1484 952; x_wconf 88' lang='lat' dir='ltr'><strong>orationibus</strong></span> <span class='ocrx_word' id='word_1_59' title='bbox 1507 910 1607 947; x_wconf 91' lang='lat' dir='ltr'><strong>non</strong></span> <span class='ocrx_word' id='word_1_60' title='bbox 1632 892 1853 947; x_wconf 78' lang='lat' dir='ltr'><strong>cessavit</strong></span> <span class='ocrx_word' id='word_1_61' title='bbox 1881 930 1897 955; x_wconf 95' lang='lat'><strong>,</strong></span> <span class='ocrx_word' id='word_1_62' title='bbox 1939 889 2110 944; x_wconf 89' lang='lat' dir='ltr'><strong>donec</strong></span> 
     </span>
    </p>
   </div>
   <div class='ocr_carea' id='block_1_11' title="bbox 547 979 2110 1053">
    <p class='ocr_par' dir='ltr' id='par_1_11' title="bbox 547 979 2110 1053">
     <span class='ocr_line' id='line_1_11' title="bbox 547 979 2110 1053; baseline -0.004 -15"><span class='ocrx_word' id='word_1_63' title='bbox 547 985 664 1038; x_wconf 85' lang='lat' dir='ltr'><strong>sine</strong></span> <span class='ocrx_word' id='word_1_64' title='bbox 694 984 909 1050; x_wconf 89' lang='lat' dir='ltr'><strong>dolore,</strong></span> <span class='ocrx_word' id='word_1_65' title='bbox 960 984 1079 1040; x_wconf 86' lang='lat' dir='ltr'><strong>sine</strong></span> <span class='ocrx_word' id='word_1_66' title='bbox 1125 985 1406 1053; x_wconf 85' lang='lat' dir='ltr'><strong>contagio,</strong></span> <span class='ocrx_word' id='word_1_67' title='bbox 1463 997 1521 1037; x_wconf 84' lang='lat' dir='ltr'><strong>se</strong></span> <span class='ocrx_word' id='word_1_68' title='bbox 1570 990 1831 1051; x_wconf 65' lang='lat' dir='ltr'><strong>praesente</strong></span> <span class='ocrx_word' id='word_1_69' title='bbox 1887 980 1991 1032; x_wconf 88' lang='lat' dir='ltr'><strong>lilia</strong></span> <span class='ocrx_word' id='word_1_70' title='bbox 2043 979 2110 1031; x_wconf 90' lang='lat' dir='ltr'><strong>de</strong></span> 
     </span>
    </p>
   </div>
   <div class='ocr_carea' id='block_1_12' title="bbox 552 1067 2111 1141">
    <p class='ocr_par' dir='ltr' id='par_1_12' title="bbox 552 1067 2111 1141">
     <span class='ocr_line' id='line_1_12' title="bbox 552 1067 2111 1141; baseline -0.003 -17"><span class='ocrx_word' id='word_1_71' title='bbox 552 1070 735 1125; x_wconf 89' lang='lat' dir='ltr'><strong>mundi</strong></span> <span class='ocrx_word' id='word_1_72' title='bbox 772 1071 996 1126; x_wconf 79' lang='lat' dir='ltr'><strong>ludibrio</strong></span> <span class='ocrx_word' id='word_1_73' title='bbox 1019 1072 1271 1141; x_wconf 77' lang='lat' dir='ltr'><strong>migraret</strong></span> <span class='ocrx_word' id='word_1_74' title='bbox 1297 1073 1358 1124; x_wconf 91' lang='lat' dir='ltr'><strong>ad</strong></span> <span class='ocrx_word' id='word_1_75' title='bbox 1387 1072 1674 1133; x_wconf 85' lang='lat' dir='ltr'><strong>Christum,</strong></span> <span class='ocrx_word' id='word_1_76' title='bbox 1695 1085 1849 1140; x_wconf 90' lang='lat' dir='ltr'><strong>quam</strong></span> <span class='ocrx_word' id='word_1_77' title='bbox 1881 1067 2111 1138; x_wconf 91' lang='lat' dir='ltr'><strong>propriis</strong></span> 
     </span>
    </p>
   </div>
   <div class='ocr_carea' id='block_1_13' title="bbox 553 1157 2114 1226">
    <p class='ocr_par' dir='ltr' id='par_1_13' title="bbox 553 1157 2114 1226">
     <span class='ocr_line' id='line_1_13' title="bbox 553 1157 2114 1226; baseline -0.002 -14"><span class='ocrx_word' id='word_1_78' title='bbox 553 1159 818 1226; x_wconf 88' lang='lat' dir='ltr'><strong>manibus,</strong></span> <span class='ocrx_word' id='word_1_79' title='bbox 851 1170 906 1213; x_wconf 91' lang='lat' dir='ltr'><strong>ut</strong></span> <span class='ocrx_word' id='word_1_80' title='bbox 933 1159 1131 1225; x_wconf 90' lang='lat' dir='ltr'><strong>decuit,</strong></span> <span class='ocrx_word' id='word_1_81' title='bbox 1158 1161 1473 1215; x_wconf 63' lang='lat' dir='ltr'><strong>veneranda:</strong></span> <span class='ocrx_word' id='word_1_82' title='bbox 1501 1159 1714 1213; x_wconf 82' lang='lat' dir='ltr'><strong>tradidit</strong></span> <span class='ocrx_word' id='word_1_83' title='bbox 1736 1158 2045 1225; x_wconf 63' lang='lat' dir='ltr'><strong>sepulturae.</strong></span> <span class='ocrx_word' id='word_1_84' title='bbox 2069 1157 2114 1209; x_wconf 86' lang='lat'>0</span> 
     </span>
    </p>
   </div>
   <div class='ocr_carea' id='block_1_14' title="bbox 547 1236 2110 1321">
    <p class='ocr_par' dir='ltr' id='par_1_14' title="bbox 547 1236 2110 1321">
     <span class='ocr_line' id='line_1_14' title="bbox 547 1236 2110 1321; baseline -0.003 -17"><span class='ocrx_word' id='word_1_85' title='bbox 547 1251 754 1304; x_wconf 75' lang='lat' dir='ltr'><strong>funeris</strong></span> <span class='ocrx_word' id='word_1_86' title='bbox 803 1252 1130 1321; x_wconf 81' lang='lat' dir='ltr'><strong>gloria,_qua:</strong></span> <span class='ocrx_word' id='word_1_87' title='bbox 1173 1253 1360 1306; x_wconf 88' lang='lat' dir='ltr'><strong>melior</strong></span> <span class='ocrx_word' id='word_1_88' title='bbox 1392 1252 1611 1305; x_wconf 89' lang='lat' dir='ltr'><strong>habetur</strong></span> <span class='ocrx_word' id='word_1_89' title='bbox 1639 1265 1794 1318; x_wconf 90' lang='lat' dir='ltr'><strong>quam</strong></span> <span class='ocrx_word' id='word_1_90' title='bbox 1829 1236 1956 1313; x_wconf 74' lang='lat' dir='ltr'><strong>vita,</strong></span> <span class='ocrx_word' id='word_1_91' title='bbox 1988 1249 2110 1316; x_wconf 83' lang='lat' dir='ltr'><strong>quia</strong></span> 
     </span>
    </p>
   </div>
   <div class='ocr_carea' id='block_1_15' title="bbox 553 1333 2114 1412">
    <p class='ocr_par' dir='ltr' id='par_1_15' title="bbox 553 1333 2114 1412">
     <span class='ocr_line' id='line_1_15' title="bbox 553 1333 2114 1412; baseline -0.002 -18"><span class='ocrx_word' id='word_1_92' title='bbox 553 1340 694 1409; x_wconf 90' lang='lat' dir='ltr'><strong>quod</strong></span> <span class='ocrx_word' id='word_1_93' title='bbox 721 1333 873 1395; x_wconf 82' lang='lat' dir='ltr'><strong>terrae</strong></span> <span class='ocrx_word' id='word_1_94' title='bbox 901 1343 1181 1412; x_wconf 91' lang='lat' dir='ltr'><strong>subripuit,</strong></span> <span class='ocrx_word' id='word_1_95' title='bbox 1216 1343 1268 1394; x_wconf 90' lang='lat' dir='ltr'><strong>in</strong></span> <span class='ocrx_word' id='word_1_96' title='bbox 1293 1343 1482 1396; x_wconf 81' lang='lat' dir='ltr'><strong>coelum</strong></span> <span class='ocrx_word' id='word_1_97' title='bbox 1515 1341 1842 1394; x_wconf 83' lang='lat' dir='ltr'><strong>transmisit?</strong></span> <span class='ocrx_word' id='word_1_98' title='bbox 1869 1341 2024 1404; x_wconf 86' lang='lat' dir='ltr'><strong>Vere,</strong></span> <span class='ocrx_word' id='word_1_99' title='bbox 2056 1347 2114 1392; x_wconf 90' lang='lat' dir='ltr'><strong>ut</strong></span> 
     </span>
    </p>
   </div>
   <div class='ocr_carea' id='block_1_16' title="bbox 552 1428 2112 1500">
    <p class='ocr_par' dir='ltr' id='par_1_16' title="bbox 552 1428 2112 1500">
     <span class='ocr_line' id='line_1_16' title="bbox 552 1428 2112 1500; baseline -0.003 -15"><span class='ocrx_word' id='word_1_100' title='bbox 552 1445 653 1499; x_wconf 77' lang='lat' dir='ltr'><strong>ego</strong></span> <span class='ocrx_word' id='word_1_101' title='bbox 681 1431 982 1496; x_wconf 87' lang='lat' dir='ltr'><strong>considero,</strong></span> <span class='ocrx_word' id='word_1_102' title='bbox 1014 1433 1132 1500; x_wconf 87' lang='lat' dir='ltr'><strong>plus</strong></span> <span class='ocrx_word' id='word_1_103' title='bbox 1169 1433 1285 1497; x_wconf 90' lang='lat' dir='ltr'><strong>fuit,</strong></span> <span class='ocrx_word' id='word_1_104' title='bbox 1317 1446 1472 1498; x_wconf 86' lang='lat' dir='ltr'><strong>quam</strong></span> <span class='ocrx_word' id='word_1_105' title='bbox 1504 1429 1827 1493; x_wconf 87' lang='lat' dir='ltr'><strong>resuscitari,</strong></span> <span class='ocrx_word' id='word_1_106' title='bbox 1857 1428 1938 1482; x_wconf 90' lang='lat' dir='ltr'><strong>sic</strong></span> <span class='ocrx_word' id='word_1_107' title='bbox 1959 1429 2112 1481; x_wconf 89' lang='lat' dir='ltr'><strong>mori.</strong></span> 
     </span>
    </p>
   </div>
   <div class='ocr_carea' id='block_1_17' title="bbox 550 1517 2112 1588">
    <p class='ocr_par' dir='ltr' id='par_1_17' title="bbox 550 1517 2112 1588">
     <span class='ocr_line' id='line_1_17' title="bbox 550 1517 2112 1588; baseline 0 -17"><span class='ocrx_word' id='word_1_108' title='bbox 550 1517 708 1573; x_wconf 84' lang='lat' dir='ltr'><strong>Certa</strong></span> <span class='ocrx_word' id='word_1_109' title='bbox 752 1521 893 1574; x_wconf 79' lang='lat' dir='ltr'><strong>enirn</strong></span> <span class='ocrx_word' id='word_1_110' title='bbox 943 1521 1086 1574; x_wconf 85' lang='lat' dir='ltr'><strong>salus</strong></span> <span class='ocrx_word' id='word_1_111' title='bbox 1110 1530 1231 1588; x_wconf 85' lang='lat' dir='ltr'><strong>est,</strong></span> <span class='ocrx_word' id='word_1_112' title='bbox 1290 1535 1396 1575; x_wconf 91' lang='lat' dir='ltr'><strong>non</strong></span> <span class='ocrx_word' id='word_1_113' title='bbox 1462 1519 1809 1574; x_wconf 88' lang='lat' dir='ltr'><strong>contaminari</strong></span> <span class='ocrx_word' id='word_1_114' title='bbox 1865 1520 2112 1587; x_wconf 83' lang='lat' dir='ltr'><strong>peccatis.</strong></span> 
     </span>
    </p>
   </div>
   <div class='ocr_carea' id='block_1_18' title="bbox 551 1609 2119 1677">
    <p class='ocr_par' dir='ltr' id='par_1_18' title="bbox 551 1609 2119 1677">
     <span class='ocr_line' id='line_1_18' title="bbox 551 1609 2119 1677; baseline 0.002 -18"><span class='ocrx_word' id='word_1_115' title='bbox 551 1609 742 1674; x_wconf 80' lang='lat' dir='ltr'><strong>Quanti</strong></span> <span class='ocrx_word' id='word_1_116' title='bbox 765 1620 1041 1677; x_wconf 89' lang='lat' dir='ltr'><strong>cuperent,</strong></span> <span class='ocrx_word' id='word_1_117' title='bbox 1067 1611 1225 1665; x_wconf 88' lang='lat' dir='ltr'><strong>rebus</strong></span> <span class='ocrx_word' id='word_1_118' title='bbox 1246 1625 1363 1665; x_wconf 89' lang='lat' dir='ltr'><strong>cum</strong></span> <span class='ocrx_word' id='word_1_119' title='bbox 1387 1610 1741 1673; x_wconf 74' lang='lat' dir='ltr'><strong>vita‘traditis,</strong></span> <span class='ocrx_word' id='word_1_120' title='bbox 1770 1610 1925 1663; x_wconf 85' lang='lat' dir='ltr'><strong>talem</strong></span> <span class='ocrx_word' id='word_1_121' title='bbox 1948 1618 2119 1662; x_wconf 87' lang='lat' dir='ltr'><strong>trans-</strong></span> 
     </span>
    </p>
   </div>
   <div class='ocr_carea' id='block_1_19' title="bbox 557 1700 2114 1769">
    <p class='ocr_par' dir='ltr' id='par_1_19' title="bbox 557 1700 2114 1769">
     <span class='ocr_line' id='line_1_19' title="bbox 557 1700 2114 1769; baseline -0.002 -15"><span class='ocrx_word' id='word_1_122' title='bbox 557 1701 688 1754; x_wconf 89' lang='lat' dir='ltr'><strong>itum</strong></span> <span class='ocrx_word' id='word_1_123' title='bbox 709 1714 1041 1769; x_wconf 84' lang='lat' dir='ltr'><strong>cumparare,</strong></span> <span class='ocrx_word' id='word_1_124' title='bbox 1066 1703 1111 1756; x_wconf 91' lang='lat' dir='ltr'><strong>si</strong></span> <span class='ocrx_word' id='word_1_125' title='bbox 1150 1712 1496 1756; x_wconf 86' lang='lat' dir='ltr'><strong>mercatorem</strong></span> <span class='ocrx_word' id='word_1_126' title='bbox 1521 1702 1738 1755; x_wconf 77' lang='lat' dir='ltr'><strong>forsitan</strong></span> <span class='ocrx_word' id='word_1_127' title='bbox 1774 1700 2114 1755; x_wconf 85' lang='lat' dir='ltr'><strong>invenirent?</strong></span> 
     </span>
    </p>
   </div>
   <div class='ocr_carea' id='block_1_20' title="bbox 2213 526 3785 594">
    <p class='ocr_par' dir='ltr' id='par_1_20' title="bbox 2213 526 3785 594">
     <span class='ocr_line' id='line_1_20' title="bbox 2213 526 3785 594; baseline 0.003 -14"><span class='ocrx_word' id='word_1_128' title='bbox 2213 529 2487 580; x_wconf 81' lang='lat' dir='ltr'><strong>thesaurus</strong></span> <span class='ocrx_word' id='word_1_129' title='bbox 2516 527 2768 590; x_wconf 68' lang='lat' dir='ltr'><strong>scientiar,</strong></span> <span class='ocrx_word' id='word_1_130' title='bbox 2801 528 2890 580; x_wconf 83' lang='lat' dir='ltr'><strong>lux</strong></span> <span class='ocrx_word' id='word_1_131' title='bbox 2913 526 3187 594; x_wconf 87' lang='lat' dir='ltr'><strong>doctrinae,</strong></span> <span class='ocrx_word' id='word_1_132' title='bbox 3213 526 3467 581; x_wconf 84' lang='lat' dir='ltr'><strong>defensor</strong></span> <span class='ocrx_word' id='word_1_133' title='bbox 3490 528 3785 594; x_wconf 68' lang='lat' dir='ltr'><strong>Ecclesiae.</strong></span> 
     </span>
    </p>
   </div>
   <div class='ocr_carea' id='block_1_21' title="bbox 2213 617 3786 688">
    <p class='ocr_par' dir='ltr' id='par_1_21' title="bbox 2213 617 3786 688">
     <span class='ocr_line' id='line_1_21' title="bbox 2213 617 3786 688; baseline 0.003 -20"><span class='ocrx_word' id='word_1_134' title='bbox 2213 617 2439 670; x_wconf 89' lang='lat' dir='ltr'><strong>hostium</strong></span> <span class='ocrx_word' id='word_1_135' title='bbox 2469 630 2816 686; x_wconf 84' lang='lat' dir='ltr'><strong>Oppugnator.</strong></span> <span class='ocrx_word' id='word_1_136' title='bbox 2869 617 3031 687; x_wconf 86' lang='lat' dir='ltr'><strong>Cujus</strong></span> <span class='ocrx_word' id='word_1_137' title='bbox 3070 619 3207 671; x_wconf 87' lang='lat' dir='ltr'><strong>dicta</strong></span> <span class='ocrx_word' id='word_1_138' title='bbox 3255 619 3342 686; x_wconf 89' lang='lat' dir='ltr'><strong>qui</strong></span> <span class='ocrx_word' id='word_1_139' title='bbox 3389 618 3619 688; x_wconf 89' lang='lat' dir='ltr'><strong>legerit,</strong></span> <span class='ocrx_word' id='word_1_140' title='bbox 3673 635 3786 674; x_wconf 86' lang='lat' dir='ltr'><strong>non</strong></span> 
     </span>
    </p>
   </div>
   <div class='ocr_carea' id='block_1_22' title="bbox 2212 705 3791 773">
    <p class='ocr_par' dir='ltr' id='par_1_22' title="bbox 2212 705 3791 773">
     <span class='ocr_line' id='line_1_22' title="bbox 2212 705 3791 773; baseline 0.001 -12"><span class='ocrx_word' id='word_1_141' title='bbox 2212 708 2393 762; x_wconf 82' lang='lat' dir='ltr'><strong>credet</strong></span> <span class='ocrx_word' id='word_1_142' title='bbox 2433 709 2631 773; x_wconf 87' lang='lat' dir='ltr'><strong>dicere,</strong></span> <span class='ocrx_word' id='word_1_143' title='bbox 2664 709 2755 762; x_wconf 87' lang='lat' dir='ltr'><strong>sed</strong></span> <span class='ocrx_word' id='word_1_144' title='bbox 2782 718 2963 762; x_wconf 89' lang='lat' dir='ltr'><strong>tonare</strong></span> <span class='ocrx_word' id='word_1_145' title='bbox 2987 705 3037 760; x_wconf 69' lang='grc' dir='ltr'><strong>ἀ.</strong></span> <span class='ocrx_word' id='word_1_146' title='bbox 3079 708 3190 761; x_wconf 88' lang='lat' dir='ltr'><strong>lioc</strong></span> <span class='ocrx_word' id='word_1_147' title='bbox 3217 708 3311 761; x_wconf 88' lang='lat' dir='ltr'><strong>fuit</strong></span> <span class='ocrx_word' id='word_1_148' title='bbox 3343 709 3483 762; x_wconf 82' lang='lat' dir='ltr'><strong>ultra</strong></span> <span class='ocrx_word' id='word_1_149' title='bbox 3508 709 3791 763; x_wconf 83' lang='lat' dir='ltr'><strong>hominem</strong></span> 
     </span>
    </p>
   </div>
   <div class='ocr_carea' id='block_1_23' title="bbox 2211 800 3381 872">
    <p class='ocr_par' dir='ltr' id='par_1_23' title="bbox 2211 800 3381 872">
     <span class='ocr_line' id='line_1_23' title="bbox 2211 800 3381 872; baseline 0.003 -21"><span class='ocrx_word' id='word_1_150' title='bbox 2211 813 2419 866; x_wconf 83' lang='lat' dir='ltr'><strong>sapere,</strong></span> <span class='ocrx_word' id='word_1_151' title='bbox 2448 808 2554 852; x_wconf 89' lang='lat' dir='ltr'><strong>tam</strong></span> <span class='ocrx_word' id='word_1_152' title='bbox 2579 812 2732 853; x_wconf 86' lang='lat' dir='ltr'><strong>caute</strong></span> <span class='ocrx_word' id='word_1_153' title='bbox 2761 800 2826 854; x_wconf 90' lang='lat' dir='ltr'><strong>de</strong></span> <span class='ocrx_word' id='word_1_154' title='bbox 2859 800 3115 872; x_wconf 81' lang='lat' dir='ltr'><strong>religione</strong></span> <span class='ocrx_word' id='word_1_155' title='bbox 3142 814 3381 854; x_wconf 89' lang='lat' dir='ltr'><strong>censere.</strong></span> 
     </span>
    </p>
   </div>
   <div class='ocr_carea' id='block_1_24' title="bbox 2285 885 3785 958">
    <p class='ocr_par' dir='ltr' id='par_1_24' title="bbox 2285 885 3785 958">
     <span class='ocr_line' id='line_1_24' title="bbox 2285 885 3785 958; baseline 0 -18"><span class='ocrx_word' id='word_1_156' title='bbox 2285 885 2370 940; x_wconf 80' lang='grc'><strong>15.</strong></span> <span class='ocrx_word' id='word_1_157' title='bbox 2405 886 2509 941; x_wconf 89' lang='lat' dir='ltr'><strong>Sed</strong></span> <span class='ocrx_word' id='word_1_158' title='bbox 2547 888 2634 955; x_wconf 89' lang='lat' dir='ltr'><strong>qui</strong></span> <span class='ocrx_word' id='word_1_159' title='bbox 2669 888 2778 941; x_wconf 92' lang='lat' dir='ltr'><strong>vult</strong></span> <span class='ocrx_word' id='word_1_160' title='bbox 2804 888 2973 953; x_wconf 74' lang='lat' dir='ltr'><strong>ipsum</strong></span> <span class='ocrx_word' id='word_1_161' title='bbox 2999 902 3337 958; x_wconf 84' lang='lat' dir='ltr'><strong>cognoscere,</strong></span> <span class='ocrx_word' id='word_1_162' title='bbox 3369 887 3484 954; x_wconf 88' lang='lat' dir='ltr'><strong>ejus</strong></span> <span class='ocrx_word' id='word_1_163' title='bbox 3519 897 3544 925; x_wconf 80' lang='grc' dir='ltr'><strong><em>ο</em></strong></span> <span class='ocrx_word' id='word_1_164' title='bbox 3591 887 3785 942; x_wconf 81' lang='lat' dir='ltr'><strong>exsilia</strong></span> 
     </span>
    </p>
   </div>
   <div class='ocr_carea' id='block_1_25' title="bbox 2215 978 3787 1047">
    <p class='ocr_par' dir='ltr' id='par_1_25' title="bbox 2215 978 3787 1047">
     <span class='ocr_line' id='line_1_25' title="bbox 2215 978 3787 1047; baseline 0 -17"><span class='ocrx_word' id='word_1_165' title='bbox 2215 987 2490 1043; x_wconf 89' lang='lat' dir='ltr'><strong>memoret,</strong></span> <span class='ocrx_word' id='word_1_166' title='bbox 2518 979 2722 1046; x_wconf 49' lang='lat' dir='ltr'><strong>merita,</strong></span> <span class='ocrx_word' id='word_1_167' title='bbox 2747 979 3016 1046; x_wconf 84' lang='lat' dir='ltr'><strong>respiciat,</strong></span> <span class='ocrx_word' id='word_1_168' title='bbox 3053 979 3318 1034; x_wconf 82' lang='lat' dir='ltr'><strong>volumina</strong></span> <span class='ocrx_word' id='word_1_169' title='bbox 3371 978 3591 1047; x_wconf 75' lang='lat' dir='ltr'><strong>relegat,</strong></span> <span class='ocrx_word' id='word_1_170' title='bbox 3636 979 3787 1031; x_wconf 78' lang='lat' dir='ltr'><strong>dicta</strong></span> 
     </span>
    </p>
   </div>
   <div class='ocr_carea' id='block_1_26' title="bbox 2219 1066 3787 1137">
    <p class='ocr_par' dir='ltr' id='par_1_26' title="bbox 2219 1066 3787 1137">
     <span class='ocr_line' id='line_1_26' title="bbox 2219 1066 3787 1137; baseline -0.003 -15"><span class='ocrx_word' id='word_1_171' title='bbox 2219 1069 2530 1135; x_wconf 74' lang='lat' dir='ltr'><strong>perpendat,</strong></span> <span class='ocrx_word' id='word_1_172' title='bbox 2554 1069 2700 1137; x_wconf 83' lang='lat' dir='ltr'><strong>signa</strong></span> <span class='ocrx_word' id='word_1_173' title='bbox 2723 1069 3027 1137; x_wconf 81' lang='lat' dir='ltr'><strong>quotidiana</strong></span> <span class='ocrx_word' id='word_1_174' title='bbox 3063 1078 3393 1134; x_wconf 85' lang='lat' dir='ltr'><strong>percenseat.</strong></span> <span class='ocrx_word' id='word_1_175' title='bbox 3421 1068 3520 1131; x_wconf 82' lang='lat' dir='ltr'><strong>Qui</strong></span> <span class='ocrx_word' id='word_1_176' title='bbox 3543 1066 3676 1120; x_wconf 76' lang='lat' dir='ltr'><strong>dum</strong></span> <span class='ocrx_word' id='word_1_177' title='bbox 3694 1081 3787 1118; x_wconf 87' lang='lat' dir='ltr'><strong>su-</strong></span> 
     </span>
    </p>
   </div>
   <div class='ocr_carea' id='block_1_27' title="bbox 2218 1156 3787 1226">
    <p class='ocr_par' dir='ltr' id='par_1_27' title="bbox 2218 1156 3787 1226">
     <span class='ocr_line' id='line_1_27' title="bbox 2218 1156 3787 1226; baseline -0.001 -15"><span class='ocrx_word' id='word_1_178' title='bbox 2218 1170 2419 1226; x_wconf 84' lang='lat' dir='ltr'><strong>per5tes</strong></span> <span class='ocrx_word' id='word_1_179' title='bbox 2447 1159 2542 1212; x_wconf 83' lang='lat' dir='ltr'><strong>fuit</strong></span> <span class='ocrx_word' id='word_1_180' title='bbox 2572 1161 2623 1212; x_wconf 92' lang='lat' dir='ltr'><strong>in</strong></span> <span class='ocrx_word' id='word_1_181' title='bbox 2658 1160 2755 1218; x_wconf 84' lang='lat' dir='ltr'><strong>hoc</strong></span> <span class='ocrx_word' id='word_1_182' title='bbox 2778 1160 2998 1226; x_wconf 68' lang='lat' dir='ltr'><strong>saeculo,</strong></span> <span class='ocrx_word' id='word_1_183' title='bbox 3047 1169 3133 1212; x_wconf 90' lang='lat' dir='ltr'><strong>aut</strong></span> <span class='ocrx_word' id='word_1_184' title='bbox 3162 1158 3375 1225; x_wconf 83' lang='lat' dir='ltr'><strong>scripsit</strong></span> <span class='ocrx_word' id='word_1_185' title='bbox 3402 1156 3787 1215; x_wconf 57' lang='lat' dir='ltr'><strong>ecclesiastica</strong></span> 
     </span>
    </p>
   </div>
   <div class='ocr_carea' id='block_1_28' title="bbox 2219 1237 3787 1317">
    <p class='ocr_par' dir='ltr' id='par_1_28' title="bbox 2219 1237 3787 1317">
     <span class='ocr_line' id='line_1_28' title="bbox 2219 1237 3787 1317; baseline -0.003 -15"><span class='ocrx_word' id='word_1_186' title='bbox 2219 1250 2337 1302; x_wconf 86' lang='lat' dir='ltr'><strong>fidei</strong></span> <span class='ocrx_word' id='word_1_187' title='bbox 2385 1250 2733 1312; x_wconf 80' lang='lat' dir='ltr'><strong>documenta,</strong></span> <span class='ocrx_word' id='word_1_188' title='bbox 2782 1258 2872 1301; x_wconf 91' lang='lat' dir='ltr'><strong>aut</strong></span> <span class='ocrx_word' id='word_1_189' title='bbox 2907 1237 3232 1317; x_wconf 74' lang='lat' dir='ltr'><strong>pugnando.</strong></span> <span class='ocrx_word' id='word_1_190' title='bbox 3255 1241 3502 1300; x_wconf 65' lang='lat' dir='ltr'><strong>calcavit~</strong></span> <span class='ocrx_word' id='word_1_191' title='bbox 3529 1245 3787 1301; x_wconf 73' lang='lat' dir='ltr'><strong>baretica</strong></span> 
     </span>
    </p>
   </div>
   <div class='ocr_carea' id='block_1_29' title="bbox 2217 1336 3790 1406">
    <p class='ocr_par' dir='ltr' id='par_1_29' title="bbox 2217 1336 3790 1406">
     <span class='ocr_line' id='line_1_29' title="bbox 2217 1336 3790 1406; baseline -0.004 -12"><span class='ocrx_word' id='word_1_192' title='bbox 2217 1341 2469 1402; x_wconf 87' lang='lat' dir='ltr'><strong>crimina,</strong></span> <span class='ocrx_word' id='word_1_193' title='bbox 2520 1347 2609 1392; x_wconf 88' lang='lat' dir='ltr'><strong>aut</strong></span> <span class='ocrx_word' id='word_1_194' title='bbox 2639 1340 2834 1406; x_wconf 87' lang='lat' dir='ltr'><strong>petenti</strong></span> <span class='ocrx_word' id='word_1_195' title='bbox 2883 1340 3066 1392; x_wconf 86' lang='lat' dir='ltr'><strong>tribuit</strong></span> <span class='ocrx_word' id='word_1_196' title='bbox 3109 1337 3487 1392; x_wconf 82' lang='lat' dir='ltr'><strong>miraculorum</strong></span> <span class='ocrx_word' id='word_1_197' title='bbox 3533 1336 3790 1403; x_wconf 74' lang='lat' dir='ltr'><strong>sull‘ragia</strong></span> 
     </span>
    </p>
   </div>
   <div class='ocr_carea' id='block_1_30' title="bbox 2219 1426 3790 1500">
    <p class='ocr_par' dir='ltr' id='par_1_30' title="bbox 2219 1426 3790 1500">
     <span class='ocr_line' id='line_1_30' title="bbox 2219 1426 3790 1500; baseline -0.004 -17"><span class='ocrx_word' id='word_1_198' title='bbox 2219 1449 2353 1500; x_wconf 77' lang='lat' dir='ltr'><strong>quzr,</strong></span> <span class='ocrx_word' id='word_1_199' title='bbox 2388 1434 2594 1486; x_wconf 81' lang='lat' dir='ltr'><strong>volente</strong></span> <span class='ocrx_word' id='word_1_200' title='bbox 2620 1431 2858 1494; x_wconf 90' lang='lat' dir='ltr'><strong>Domino,</strong></span> <span class='ocrx_word' id='word_1_201' title='bbox 2883 1445 3047 1498; x_wconf 88' lang='lat' dir='ltr'><strong>usque</strong></span> <span class='ocrx_word' id='word_1_202' title='bbox 3069 1431 3119 1483; x_wconf 91' lang='lat' dir='ltr'><strong>in</strong></span> <span class='ocrx_word' id='word_1_203' title='bbox 3151 1430 3466 1483; x_wconf 86' lang='lat' dir='ltr'><strong>hodiernum</strong></span> <span class='ocrx_word' id='word_1_204' title='bbox 3497 1428 3639 1482; x_wconf 89' lang='lat' dir='ltr'><strong>diem</strong></span> <span class='ocrx_word' id='word_1_205' title='bbox 3668 1426 3790 1495; x_wconf 79' lang='lat' dir='ltr'><strong>ejus</strong></span> 
     </span>
    </p>
   </div>
   <div class='ocr_carea' id='block_1_31' title="bbox 2219 1514 3793 1588">
    <p class='ocr_par' dir='ltr' id='par_1_31' title="bbox 2219 1514 3793 1588">
     <span class='ocr_line' id='line_1_31' title="bbox 2219 1514 3793 1588; baseline -0.005 -13"><span class='ocrx_word' id='word_1_206' title='bbox 2219 1522 2548 1576; x_wconf 83' lang='lat' dir='ltr'><strong>orationibus</strong></span> <span class='ocrx_word' id='word_1_207' title='bbox 2583 1530 2941 1588; x_wconf 90' lang='lat' dir='ltr'><strong>perseverant.</strong></span> <span class='ocrx_word' id='word_1_208' title='bbox 2967 1520 3073 1574; x_wconf 82' lang='lat' dir='ltr'><strong>Sed</strong></span> <span class='ocrx_word' id='word_1_209' title='bbox 3101 1535 3214 1573; x_wconf 89' lang='lat' dir='ltr'><strong>mea</strong></span> <span class='ocrx_word' id='word_1_210' title='bbox 3244 1520 3418 1588; x_wconf 78' lang='lat' dir='ltr'><strong>lingua</strong></span> <span class='ocrx_word' id='word_1_211' title='bbox 3453 1533 3556 1570; x_wconf 87' lang='lat' dir='ltr'><strong>non</strong></span> <span class='ocrx_word' id='word_1_212' title='bbox 3581 1514 3793 1570; x_wconf 84' lang='lat' dir='ltr'><strong>sufﬁcit</strong></span> 
     </span>
    </p>
   </div>
   <div class='ocr_carea' id='block_1_32' title="bbox 2221 1610 3794 1682">
    <p class='ocr_par' dir='ltr' id='par_1_32' title="bbox 2221 1610 3794 1682">
     <span class='ocr_line' id='line_1_32' title="bbox 2221 1610 3794 1682; baseline -0.006 -14"><span class='ocrx_word' id='word_1_213' title='bbox 2221 1615 2520 1682; x_wconf 80' lang='lat' dir='ltr'><strong>singulatim</strong></span> <span class='ocrx_word' id='word_1_214' title='bbox 2542 1613 2607 1669; x_wconf 88' lang='lat' dir='ltr'><strong>de</strong></span> <span class='ocrx_word' id='word_1_215' title='bbox 2627 1621 2808 1666; x_wconf 89' lang='lat' dir='ltr'><strong>sancto</strong></span> <span class='ocrx_word' id='word_1_216' title='bbox 2826 1610 3045 1680; x_wconf 88' lang='lat' dir='ltr'><strong>Spiritu,</strong></span> <span class='ocrx_word' id='word_1_217' title='bbox 3086 1611 3172 1679; x_wconf 91' lang='lat' dir='ltr'><strong>qui</strong></span> <span class='ocrx_word' id='word_1_218' title='bbox 3204 1625 3297 1675; x_wconf 89' lang='lat' dir='ltr'><strong>per</strong></span> <span class='ocrx_word' id='word_1_219' title='bbox 3318 1624 3439 1661; x_wconf 91' lang='lat' dir='ltr'><strong>eum</strong></span> <span class='ocrx_word' id='word_1_220' title='bbox 3491 1618 3546 1660; x_wconf 88' lang='lat' dir='ltr'><strong>et</strong></span> <span class='ocrx_word' id='word_1_221' title='bbox 3596 1622 3794 1671; x_wconf 80' lang='lat' dir='ltr'><strong>Opera-</strong></span> 
     </span>
    </p>
   </div>
   <div class='ocr_carea' id='block_1_33' title="bbox 2224 1701 3797 1769">
    <p class='ocr_par' dir='ltr' id='par_1_33' title="bbox 2224 1701 3797 1769">
     <span class='ocr_line' id='line_1_33' title="bbox 2224 1701 3797 1769; baseline -0.003 -13"><span class='ocrx_word' id='word_1_222' title='bbox 2224 1715 2306 1758; x_wconf 85' lang='lat' dir='ltr'><strong>tus</strong></span> <span class='ocrx_word' id='word_1_223' title='bbox 2345 1714 2428 1759; x_wconf 89' lang='lat' dir='ltr'><strong>est</strong></span> <span class='ocrx_word' id='word_1_224' title='bbox 2472 1713 2528 1758; x_wconf 91' lang='lat' dir='ltr'><strong>et</strong></span> <span class='ocrx_word' id='word_1_225' title='bbox 2578 1704 2818 1765; x_wconf 85' lang='lat' dir='ltr'><strong>locutus,</strong></span> <span class='ocrx_word' id='word_1_226' title='bbox 2869 1702 3003 1756; x_wconf 87' lang='lat' dir='ltr'><strong>sicut</strong></span> <span class='ocrx_word' id='word_1_227' title='bbox 3052 1701 3125 1754; x_wconf 92' lang='lat' dir='ltr'><strong>illi</strong></span> <span class='ocrx_word' id='word_1_228' title='bbox 3179 1701 3393 1769; x_wconf 78' lang='lat' dir='ltr'><strong>dignum</strong></span> <span class='ocrx_word' id='word_1_229' title='bbox 3447 1708 3548 1762; x_wconf 74' lang='lat' dir='ltr'><strong>est,</strong></span> <span class='ocrx_word' id='word_1_230' title='bbox 3597 1709 3797 1752; x_wconf 73' lang='lat' dir='ltr'><strong>cunt-ta</strong></span> 
     </span>
    </p>
   </div>
   <div class='ocr_carea' id='block_1_34' title="bbox 555 1771 2478 1864">
    <p class='ocr_par' dir='ltr' id='par_1_34' title="bbox 555 1771 2478 1864">
     <span class='ocr_line' id='line_1_34' title="bbox 555 1771 2478 1864; baseline 0.004 -24"><span class='ocrx_word' id='word_1_231' title='bbox 555 1789 691 1854; x_wconf 83' lang='lat' dir='ltr'><strong>Quid</strong></span> <span class='ocrx_word' id='word_1_232' title='bbox 715 1790 876 1842; x_wconf 81' lang='lat' dir='ltr'><strong>distat</strong></span> <span class='ocrx_word' id='word_1_233' title='bbox 906 1792 1043 1845; x_wconf 87' lang='lat' dir='ltr'><strong>inter</strong></span> <span class='ocrx_word' id='word_1_234' title='bbox 1073 1792 1323 1844; x_wconf 88' lang='lat' dir='ltr'><strong>vivilicati</strong></span> <span class='ocrx_word' id='word_1_235' title='bbox 1345 1792 1580 1856; x_wconf 89' lang='lat' dir='ltr'><strong>infantis,</strong></span> <span class='ocrx_word' id='word_1_236' title='bbox 1606 1802 1658 1845; x_wconf 90' lang='lat' dir='ltr'><strong>et</strong></span> <span class='ocrx_word' id='word_1_237' title='bbox 1679 1793 1800 1845; x_wconf 77' lang='lat' dir='ltr'><strong>filia:</strong></span> <span class='ocrx_word' id='word_1_238' title='bbox 1829 1791 2109 1854; x_wconf 78' lang='lat' dir='ltr'><strong>mortiﬁca-</strong></span> <span class='ocrx_word' id='word_1_239' title='bbox 2143 1771 2188 1828; x_wconf 78' lang='grc' dir='ltr'><strong>Β</strong></span> <span class='ocrx_word' id='word_1_240' title='bbox 2220 1783 2478 1864; x_wconf 75' lang='lat' dir='ltr'><strong>proferre.</strong></span> 
     </span>
    </p>
   </div>
   <div class='ocr_carea' id='block_1_35' title="bbox 557 1878 2111 1948">
    <p class='ocr_par' dir='ltr' id='par_1_35' title="bbox 557 1878 2111 1948">
     <span class='ocr_line' id='line_1_35' title="bbox 557 1878 2111 1948; baseline 0.003 -20"><span class='ocrx_word' id='word_1_241' title='bbox 557 1885 632 1931; x_wconf 68' lang='lat' dir='ltr'><strong>ta:-</strong></span> <span class='ocrx_word' id='word_1_242' title='bbox 673 1879 1021 1946; x_wconf 76' lang='lat' dir='ltr'><strong>tnysteriumt</strong></span> <span class='ocrx_word' id='word_1_243' title='bbox 1078 1878 1231 1932; x_wconf 89' lang='lat' dir='ltr'><strong>Illum</strong></span> <span class='ocrx_word' id='word_1_244' title='bbox 1281 1880 1606 1934; x_wconf 86' lang='lat' dir='ltr'><strong>resuscitavit</strong></span> <span class='ocrx_word' id='word_1_245' title='bbox 1659 1882 1722 1933; x_wconf 89' lang='lat' dir='ltr'><strong>ad</strong></span> <span class='ocrx_word' id='word_1_246' title='bbox 1769 1881 2111 1948; x_wconf 78' lang='lat' dir='ltr'><strong>baptismum,</strong></span> 
     </span>
    </p>
   </div>
   <div class='ocr_carea' id='block_1_36' title="bbox 555 1965 2115 2036">
    <p class='ocr_par' dir='ltr' id='par_1_36' title="bbox 555 1965 2115 2036">
     <span class='ocr_line' id='line_1_36' title="bbox 555 1965 2115 2036; baseline 0.006 -22"><span class='ocrx_word' id='word_1_247' title='bbox 555 1966 688 2018; x_wconf 88' lang='lat' dir='ltr'><strong>hanc</strong></span> <span class='ocrx_word' id='word_1_248' title='bbox 713 1965 1105 2032; x_wconf 65' lang='lat' dir='ltr'><strong>praedestinavit</strong></span> <span class='ocrx_word' id='word_1_249' title='bbox 1162 1966 1190 2004; x_wconf 70' lang='grc' dir='ltr'><strong>ιι</strong></span> <span class='ocrx_word' id='word_1_250' title='bbox 1233 1967 1298 2021; x_wconf 89' lang='lat' dir='ltr'><strong>ad</strong></span> <span class='ocrx_word' id='word_1_251' title='bbox 1327 1983 1542 2036; x_wconf 85' lang='lat' dir='ltr'><strong>regnum</strong></span> <span class='ocrx_word' id='word_1_252' title='bbox 1580 1985 1592 2020; x_wconf 89' lang='lat'>:</span> <span class='ocrx_word' id='word_1_253' title='bbox 1627 1969 1726 2022; x_wconf 90' lang='lat' dir='ltr'><strong>nisi</strong></span> <span class='ocrx_word' id='word_1_254' title='bbox 1758 1970 1897 2035; x_wconf 87' lang='lat' dir='ltr'><strong>quod</strong></span> <span class='ocrx_word' id='word_1_255' title='bbox 1942 1968 1995 2022; x_wconf 90' lang='lat' dir='ltr'><strong>in</strong></span> <span class='ocrx_word' id='word_1_256' title='bbox 2029 1971 2115 2023; x_wconf 89' lang='lat' dir='ltr'><strong>illo</strong></span> 
     </span>
    </p>
   </div>
   <div class='ocr_carea' id='block_1_37' title="bbox 560 2054 2115 2123">
    <p class='ocr_par' dir='ltr' id='par_1_37' title="bbox 560 2054 2115 2123">
     <span class='ocr_line' id='line_1_37' title="bbox 560 2054 2115 2123; baseline 0.002 -13"><span class='ocrx_word' id='word_1_257' title='bbox 560 2054 731 2110; x_wconf 87' lang='lat' dir='ltr'><strong>adhuc</strong></span> <span class='ocrx_word' id='word_1_258' title='bbox 761 2069 882 2123; x_wconf 88' lang='lat' dir='ltr'><strong>spes</strong></span> <span class='ocrx_word' id='word_1_259' title='bbox 913 2054 1162 2122; x_wconf 88' lang='lat' dir='ltr'><strong>peccandi</strong></span> <span class='ocrx_word' id='word_1_260' title='bbox 1184 2055 1435 2121; x_wconf 87' lang='lat' dir='ltr'><strong>restabat,</strong></span> <span class='ocrx_word' id='word_1_261' title='bbox 1463 2058 1576 2121; x_wconf 68' lang='lat' dir='ltr'><strong>hare</strong></span> <span class='ocrx_word' id='word_1_262' title='bbox 1602 2058 1930 2112; x_wconf 90' lang='lat' dir='ltr'><strong>immaculata</strong></span> <span class='ocrx_word' id='word_1_263' title='bbox 1967 2059 2115 2113; x_wconf 82' lang='lat' dir='ltr'><strong>finie-</strong></span> 
     </span>
    </p>
   </div>
   <div class='ocr_carea' id='block_1_38' title="bbox 559 2147 2112 2220">
    <p class='ocr_par' dir='ltr' id='par_1_38' title="bbox 559 2147 2112 2220">
     <span class='ocr_line' id='line_1_38' title="bbox 559 2147 2112 2220; baseline 0.003 -21"><span class='ocrx_word' id='word_1_264' title='bbox 559 2156 658 2201; x_wconf 89' lang='lat' dir='ltr'><strong>rat.</strong></span> <span class='ocrx_word' id='word_1_265' title='bbox 691 2147 842 2212; x_wconf 85' lang='lat' dir='ltr'><strong>Quod</strong></span> <span class='ocrx_word' id='word_1_266' title='bbox 869 2161 987 2201; x_wconf 91' lang='lat' dir='ltr'><strong>cum</strong></span> <span class='ocrx_word' id='word_1_267' title='bbox 1029 2149 1253 2202; x_wconf 86' lang='lat' dir='ltr'><strong>vidisset</strong></span> <span class='ocrx_word' id='word_1_268' title='bbox 1281 2160 1451 2204; x_wconf 86' lang='lat' dir='ltr'><strong>mater</strong></span> <span class='ocrx_word' id='word_1_269' title='bbox 1478 2151 1641 2204; x_wconf 73' lang='lat' dir='ltr'><strong>beatae</strong></span> <span class='ocrx_word' id='word_1_270' title='bbox 1669 2152 1845 2218; x_wconf 75' lang='lat' dir='ltr'><strong>Alme,</strong></span> <span class='ocrx_word' id='word_1_271' title='bbox 1878 2166 1906 2204; x_wconf 94' lang='lat' dir='ltr'><strong>a</strong></span> <span class='ocrx_word' id='word_1_272' title='bbox 1937 2151 2112 2220; x_wconf 92' lang='lat' dir='ltr'><strong>ponti-</strong></span> 
     </span>
    </p>
   </div>
   <div class='ocr_carea' id='block_1_39' title="bbox 560 2236 2115 2309">
    <p class='ocr_par' dir='ltr' id='par_1_39' title="bbox 560 2236 2115 2309">
     <span class='ocr_line' id='line_1_39' title="bbox 560 2236 2115 2309; baseline 0.004 -21"><span class='ocrx_word' id='word_1_273' title='bbox 560 2237 659 2289; x_wconf 82' lang='lat' dir='ltr'><strong>fice</strong></span> <span class='ocrx_word' id='word_1_274' title='bbox 712 2236 959 2302; x_wconf 86' lang='lat' dir='ltr'><strong>postulat,</strong></span> <span class='ocrx_word' id='word_1_275' title='bbox 1007 2246 1064 2290; x_wconf 92' lang='lat' dir='ltr'><strong>ut</strong></span> <span class='ocrx_word' id='word_1_276' title='bbox 1116 2247 1170 2291; x_wconf 89' lang='lat' dir='ltr'><strong>et</strong></span> <span class='ocrx_word' id='word_1_277' title='bbox 1199 2240 1332 2306; x_wconf 90' lang='lat' dir='ltr'><strong>ipsa,</strong></span> <span class='ocrx_word' id='word_1_278' title='bbox 1371 2241 1413 2291; x_wconf 90' lang='lat' dir='ltr'><strong>si</strong></span> <span class='ocrx_word' id='word_1_279' title='bbox 1465 2251 1779 2304; x_wconf 88' lang='lat' dir='ltr'><strong>mereretur,</strong></span> <span class='ocrx_word' id='word_1_280' title='bbox 1840 2250 2022 2309; x_wconf 89' lang='lat' dir='ltr'><strong>erepta</strong></span> <span class='ocrx_word' id='word_1_281' title='bbox 2049 2241 2115 2294; x_wconf 89' lang='lat' dir='ltr'><strong>de</strong></span> 
     </span>
    </p>
   </div>
   <div class='ocr_carea' id='block_1_40' title="bbox 561 2327 2112 2398">
    <p class='ocr_par' dir='ltr' id='par_1_40' title="bbox 561 2327 2112 2398">
     <span class='ocr_line' id='line_1_40' title="bbox 561 2327 2112 2398; baseline 0.003 -20"><span class='ocrx_word' id='word_1_282' title='bbox 561 2327 741 2378; x_wconf 84' lang='lat' dir='ltr'><strong>mundi</strong></span> <span class='ocrx_word' id='word_1_283' title='bbox 765 2327 1006 2392; x_wconf 87' lang='lat' dir='ltr'><strong>crimine,</strong></span> <span class='ocrx_word' id='word_1_284' title='bbox 1037 2343 1156 2381; x_wconf 84' lang='lat' dir='ltr'><strong>cum</strong></span> <span class='ocrx_word' id='word_1_285' title='bbox 1193 2329 1296 2386; x_wconf 84' lang='lat' dir='ltr'><strong>ﬁlia</strong></span> <span class='ocrx_word' id='word_1_286' title='bbox 1337 2339 1746 2396; x_wconf 69' lang='lat' dir='ltr'><strong>praesentaretur</strong></span> <span class='ocrx_word' id='word_1_287' title='bbox 1775 2333 1839 2382; x_wconf 90' lang='lat' dir='ltr'><strong>ad</strong></span> <span class='ocrx_word' id='word_1_288' title='bbox 1864 2347 2112 2398; x_wconf 86' lang='lat' dir='ltr'><strong>regnum.</strong></span> 
     </span>
    </p>
   </div>
   <div class='ocr_carea' id='block_1_41' title="bbox 563 2413 2115 2485">
    <p class='ocr_par' dir='ltr' id='par_1_41' title="bbox 563 2413 2115 2485">
     <span class='ocr_line' id='line_1_41' title="bbox 563 2413 2115 2485; baseline 0.001 -15"><span class='ocrx_word' id='word_1_289' title='bbox 563 2413 727 2482; x_wconf 84' lang='lat' dir='ltr'><strong>Cujus</strong></span> <span class='ocrx_word' id='word_1_290' title='bbox 757 2424 876 2467; x_wconf 84' lang='lat' dir='ltr'><strong>vota</strong></span> <span class='ocrx_word' id='word_1_291' title='bbox 923 2416 1288 2480; x_wconf 85' lang='lat' dir='ltr'><strong>considerans,</strong></span> <span class='ocrx_word' id='word_1_292' title='bbox 1322 2417 1530 2469; x_wconf 85' lang='lat' dir='ltr'><strong>assidua</strong></span> <span class='ocrx_word' id='word_1_293' title='bbox 1585 2418 1825 2470; x_wconf 89' lang='lat' dir='ltr'><strong>oratione</strong></span> <span class='ocrx_word' id='word_1_294' title='bbox 1854 2428 1905 2470; x_wconf 91' lang='lat' dir='ltr'><strong>et</strong></span> <span class='ocrx_word' id='word_1_295' title='bbox 1951 2419 2115 2485; x_wconf 89' lang='lat' dir='ltr'><strong>ipsam</strong></span> 
     </span>
    </p>
   </div>
   <div class='ocr_carea' id='block_1_42' title="bbox 567 2506 2120 2577">
    <p class='ocr_par' dir='ltr' id='par_1_42' title="bbox 567 2506 2120 2577">
     <span class='ocr_line' id='line_1_42' title="bbox 567 2506 2120 2577; baseline 0.001 -19"><span class='ocrx_word' id='word_1_296' title='bbox 567 2515 691 2560; x_wconf 87' lang='lat' dir='ltr'><strong>ante</strong></span> <span class='ocrx_word' id='word_1_297' title='bbox 736 2521 793 2560; x_wconf 90' lang='lat' dir='ltr'><strong>se</strong></span> <span class='ocrx_word' id='word_1_298' title='bbox 822 2506 1111 2561; x_wconf 88' lang='lat' dir='ltr'><strong>transmisit</strong></span> <span class='ocrx_word' id='word_1_299' title='bbox 1133 2508 1197 2560; x_wconf 89' lang='lat' dir='ltr'><strong>ad</strong></span> <span class='ocrx_word' id='word_1_300' title='bbox 1227 2508 1469 2577; x_wconf 86' lang='lat' dir='ltr'><strong>gloriam.</strong></span> <span class='ocrx_word' id='word_1_301' title='bbox 1499 2508 1626 2573; x_wconf 89' lang='lat' dir='ltr'><strong>Quis</strong></span> <span class='ocrx_word' id='word_1_302' title='bbox 1653 2508 2007 2562; x_wconf 69' lang='lat' dir='ltr'><strong>aestimaturus</strong></span> <span class='ocrx_word' id='word_1_303' title='bbox 2039 2517 2120 2562; x_wconf 90' lang='lat' dir='ltr'><strong>est</strong></span> 
     </span>
    </p>
   </div>
   <div class='ocr_carea' id='block_1_43' title="bbox 564 2597 2116 2668">
    <p class='ocr_par' dir='ltr' id='par_1_43' title="bbox 564 2597 2116 2668">
     <span class='ocr_line' id='line_1_43' title="bbox 564 2597 2116 2668; baseline 0.003 -20"><span class='ocrx_word' id='word_1_304' title='bbox 564 2597 924 2650; x_wconf 84' lang='lat' dir='ltr'><strong>talem-virum</strong></span> <span class='ocrx_word' id='word_1_305' title='bbox 969 2599 1038 2650; x_wconf 86' lang='lat' dir='ltr'><strong>ita</strong></span> <span class='ocrx_word' id='word_1_306' title='bbox 1076 2597 1328 2651; x_wconf 81' lang='lat' dir='ltr'><strong>dilexisse</strong></span> <span class='ocrx_word' id='word_1_307' title='bbox 1359 2598 1658 2661; x_wconf 90' lang='lat' dir='ltr'><strong>Dominum,</strong></span> <span class='ocrx_word' id='word_1_308' title='bbox 1707 2598 1944 2668; x_wconf 82' lang='lat' dir='ltr'><strong>conjugis</strong></span> <span class='ocrx_word' id='word_1_309' title='bbox 1972 2610 2025 2652; x_wconf 90' lang='lat' dir='ltr'><strong>et</strong></span> <span class='ocrx_word' id='word_1_310' title='bbox 2052 2601 2116 2653; x_wconf 81' lang='lat' dir='ltr'><strong>fi-</strong></span> 
     </span>
    </p>
   </div>
   <div class='ocr_carea' id='block_1_44' title="bbox 565 2687 2119 2759">
    <p class='ocr_par' dir='ltr' id='par_1_44' title="bbox 565 2687 2119 2759">
     <span class='ocr_line' id='line_1_44' title="bbox 565 2687 2119 2759; baseline 0.002 -17"><span class='ocrx_word' id='word_1_311' title='bbox 565 2687 652 2742; x_wconf 77' lang='lat' dir='ltr'><strong>lia:</strong></span> <span class='ocrx_word' id='word_1_312' title='bbox 679 2687 868 2743; x_wconf 72' lang='lat' dir='ltr'><strong>allecto</strong></span> <span class='ocrx_word' id='word_1_313' title='bbox 916 2690 1254 2757; x_wconf 81' lang='lat' dir='ltr'><strong>contempto?</strong></span> <span class='ocrx_word' id='word_1_314' title='bbox 1309 2689 1505 2744; x_wconf 89' lang='lat' dir='ltr'><strong>Tamen</strong></span> <span class='ocrx_word' id='word_1_315' title='bbox 1545 2691 1595 2744; x_wconf 91' lang='lat' dir='ltr'><strong>in</strong></span> <span class='ocrx_word' id='word_1_316' title='bbox 1643 2691 1742 2744; x_wconf 92' lang='lat' dir='ltr'><strong>hoc</strong></span> <span class='ocrx_word' id='word_1_317' title='bbox 1795 2691 1959 2759; x_wconf 88' lang='lat' dir='ltr'><strong>magis</strong></span> <span class='ocrx_word' id='word_1_318' title='bbox 2001 2691 2119 2745; x_wconf 90' lang='lat' dir='ltr'><strong>illas</strong></span> 
     </span>
    </p>
   </div>
   <div class='ocr_carea' id='block_1_45' title="bbox 555 2782 2118 2851">
    <p class='ocr_par' dir='ltr' id='par_1_45' title="bbox 555 2782 2118 2851">
     <span class='ocr_line' id='line_1_45' title="bbox 555 2782 2118 2851; baseline 0.003 -20"><span class='ocrx_word' id='word_1_319' title='bbox 555 2793 775 2840; x_wconf 27' lang='lat' dir='ltr'><strong>(amasse</strong></span> <span class='ocrx_word' id='word_1_320' title='bbox 803 2782 1158 2848; x_wconf 84' lang='lat' dir='ltr'><strong>cognoscitur,</strong></span> <span class='ocrx_word' id='word_1_321' title='bbox 1181 2795 1298 2834; x_wconf 88' lang='lat' dir='ltr'><strong>cum</strong></span> <span class='ocrx_word' id='word_1_322' title='bbox 1329 2796 1423 2850; x_wconf 90' lang='lat' dir='ltr'><strong>per</strong></span> <span class='ocrx_word' id='word_1_323' title='bbox 1453 2783 1621 2848; x_wconf 89' lang='lat' dir='ltr'><strong>ipsum</strong></span> <span class='ocrx_word' id='word_1_324' title='bbox 1651 2782 1836 2836; x_wconf 89' lang='lat' dir='ltr'><strong>lumini</strong></span> <span class='ocrx_word' id='word_1_325' title='bbox 1865 2793 2118 2851; x_wconf 86' lang='lat' dir='ltr'><strong>perpetuo</strong></span> 
     </span>
    </p>
   </div>
   <div class='ocr_carea' id='block_1_46' title="bbox 563 2867 968 2922">
    <p class='ocr_par' dir='ltr' id='par_1_46' title="bbox 563 2867 968 2922">
     <span class='ocr_line' id='line_1_46' title="bbox 563 2867 968 2922; baseline 0.007 -3"><span class='ocrx_word' id='word_1_326' title='bbox 563 2867 968 2922; x_wconf 86' lang='lat' dir='ltr'><strong>transferuntur.</strong></span> 
     </span>
    </p>
   </div>
   <div class='ocr_carea' id='block_1_47' title="bbox 636 2958 2120 3027">
    <p class='ocr_par' dir='ltr' id='par_1_47' title="bbox 636 2958 2120 3027">
     <span class='ocr_line' id='line_1_47' title="bbox 636 2958 2120 3027; baseline 0.002 -18"><span class='ocrx_word' id='word_1_327' title='bbox 636 2959 721 3010; x_wconf 80' lang='lat' dir='ltr'><strong>M.</strong></span> <span class='ocrx_word' id='word_1_328' title='bbox 757 2959 885 3023; x_wconf 89' lang='lat' dir='ltr'><strong>Quis</strong></span> <span class='ocrx_word' id='word_1_329' title='bbox 907 2973 1032 3011; x_wconf 75' lang='lat' dir='ltr'><strong>vero</strong></span> <span class='ocrx_word' id='word_1_330' title='bbox 1063 2958 1440 3011; x_wconf 86' lang='lat' dir='ltr'><strong>abundantiam</strong></span> <span class='ocrx_word' id='word_1_331' title='bbox 1493 2958 1712 3026; x_wconf 86' lang='lat' dir='ltr'><strong>rigantis</strong></span> <span class='ocrx_word' id='word_1_332' title='bbox 1758 2959 1953 3027; x_wconf 85' lang='lat' dir='ltr'><strong>ingenii</strong></span> <span class='ocrx_word' id='word_1_333' title='bbox 1994 2973 2120 3013; x_wconf 93' lang='lat' dir='ltr'><strong>con-</strong></span> 
     </span>
    </p>
   </div>
   <div class='ocr_carea' id='block_1_48' title="bbox 561 3045 2121 3116">
    <p class='ocr_par' dir='ltr' id='par_1_48' title="bbox 561 3045 2121 3116">
     <span class='ocr_line' id='line_1_48' title="bbox 561 3045 2121 3116; baseline 0.002 -17"><span class='ocrx_word' id='word_1_334' title='bbox 561 3046 742 3099; x_wconf 89' lang='lat' dir='ltr'><strong>tendat</strong></span> <span class='ocrx_word' id='word_1_335' title='bbox 781 3045 1055 3111; x_wconf 87' lang='lat' dir='ltr'><strong>evolvere,</strong></span> <span class='ocrx_word' id='word_1_336' title='bbox 1095 3055 1182 3099; x_wconf 89' lang='lat' dir='ltr'><strong>aut</strong></span> <span class='ocrx_word' id='word_1_337' title='bbox 1230 3046 1346 3116; x_wconf 87' lang='lat' dir='ltr'><strong>ejus</strong></span> <span class='ocrx_word' id='word_1_338' title='bbox 1397 3049 1555 3102; x_wconf 86' lang='lat' dir='ltr'><strong>verba</strong></span> <span class='ocrx_word' id='word_1_339' title='bbox 1602 3049 1775 3103; x_wconf 89' lang='lat' dir='ltr'><strong>verbis</strong></span> <span class='ocrx_word' id='word_1_340' title='bbox 1802 3048 1974 3102; x_wconf 89' lang='lat' dir='ltr'><strong>valeat</strong></span> <span class='ocrx_word' id='word_1_341' title='bbox 2024 3065 2121 3102; x_wconf 84' lang='lat' dir='ltr'><strong>ex-</strong></span> 
     </span>
    </p>
   </div>
   <div class='ocr_carea' id='block_1_49' title="bbox 559 3135 2119 3208">
    <p class='ocr_par' dir='ltr' id='par_1_49' title="bbox 559 3135 2119 3208">
     <span class='ocr_line' id='line_1_49' title="bbox 559 3135 2119 3208; baseline 0.003 -20"><span class='ocrx_word' id='word_1_342' title='bbox 559 3149 771 3202; x_wconf 77' lang='lat' dir='ltr'><strong>:equare</strong></span> <span class='ocrx_word' id='word_1_343' title='bbox 789 3135 808 3188; x_wconf 85' lang='lat'><strong>?</strong></span> <span class='ocrx_word' id='word_1_344' title='bbox 828 3145 849 3174; x_wconf 76' lang='grc' dir='ltr'>ε</span> <span class='ocrx_word' id='word_1_345' title='bbox 878 3135 1114 3203; x_wconf 82' lang='lat' dir='ltr'><strong>Qualiter</strong></span> <span class='ocrx_word' id='word_1_346' title='bbox 1138 3138 1225 3192; x_wconf 90' lang='lat' dir='ltr'><strong>ille</strong></span> <span class='ocrx_word' id='word_1_347' title='bbox 1245 3137 1485 3192; x_wconf 75' lang='lat' dir='ltr'><strong>indivisa:</strong></span> <span class='ocrx_word' id='word_1_348' title='bbox 1504 3138 1774 3194; x_wconf 79' lang='lat' dir='ltr'><strong>Trinitatis</strong></span> <span class='ocrx_word' id='word_1_349' title='bbox 1800 3139 1962 3193; x_wconf 85' lang='lat' dir='ltr'><strong>libros</strong></span> <span class='ocrx_word' id='word_1_350' title='bbox 1983 3141 2119 3208; x_wconf 85' lang='lat' dir='ltr'><strong>stylo</strong></span> 
     </span>
    </p>
   </div>
   <div class='ocr_carea' id='block_1_50' title="bbox 560 3229 2119 3302">
    <p class='ocr_par' dir='ltr' id='par_1_50' title="bbox 560 3229 2119 3302">
     <span class='ocr_line' id='line_1_50' title="bbox 560 3229 2119 3302; baseline 0.004 -23"><span class='ocrx_word' id='word_1_351' title='bbox 560 3235 799 3302; x_wconf 73' lang='lat' dir='ltr'><strong>tumente</strong></span> <span class='ocrx_word' id='word_1_352' title='bbox 848 3229 1141 3295; x_wconf 82' lang='lat' dir='ltr'><strong>contexuit,</strong></span> <span class='ocrx_word' id='word_1_353' title='bbox 1200 3237 1290 3283; x_wconf 88' lang='lat' dir='ltr'><strong>aut</strong></span> <span class='ocrx_word' id='word_1_354' title='bbox 1345 3230 1540 3296; x_wconf 89' lang='lat' dir='ltr'><strong>scripta</strong></span> <span class='ocrx_word' id='word_1_355' title='bbox 1582 3230 1813 3284; x_wconf 88' lang='lat' dir='ltr'><strong>Davidici</strong></span> <span class='ocrx_word' id='word_1_356' title='bbox 1870 3230 2119 3285; x_wconf 85' lang='lat' dir='ltr'><strong>carminis</strong></span> 
     </span>
    </p>
   </div>
   <div class='ocr_carea' id='block_1_51' title="bbox 559 3318 2121 3387">
    <p class='ocr_par' dir='ltr' id='par_1_51' title="bbox 559 3318 2121 3387">
     <span class='ocr_line' id='line_1_51' title="bbox 559 3318 2121 3387; baseline 0.004 -20"><span class='ocrx_word' id='word_1_357' title='bbox 559 3328 806 3370; x_wconf 83' lang='lat' dir='ltr'><strong>sermone</strong></span> <span class='ocrx_word' id='word_1_358' title='bbox 826 3318 1142 3374; x_wconf 86' lang='lat' dir='ltr'><strong>cothurnato</strong></span> <span class='ocrx_word' id='word_1_359' title='bbox 1168 3334 1257 3387; x_wconf 90' lang='lat' dir='ltr'><strong>per</strong></span> <span class='ocrx_word' id='word_1_360' title='bbox 1282 3319 1484 3387; x_wconf 82' lang='lat' dir='ltr'><strong>singula</strong></span> <span class='ocrx_word' id='word_1_361' title='bbox 1512 3320 1805 3374; x_wconf 88' lang='lat' dir='ltr'><strong>reseravit?</strong></span> <span class='ocrx_word' id='word_1_362' title='bbox 1826 3321 1993 3387; x_wconf 88' lang='lat' dir='ltr'><strong>Quam</strong></span> <span class='ocrx_word' id='word_1_363' title='bbox 2022 3319 2121 3373; x_wconf 84' lang='lat' dir='ltr'><strong>fuit</strong></span> 
     </span>
    </p>
   </div>
   <div class='ocr_carea' id='block_1_52' title="bbox 560 3406 2122 3480">
    <p class='ocr_par' dir='ltr' id='par_1_52' title="bbox 560 3406 2122 3480">
     <span class='ocr_line' id='line_1_52' title="bbox 560 3406 2122 3480; baseline 0.004 -23"><span class='ocrx_word' id='word_1_364' title='bbox 560 3407 612 3458; x_wconf 92' lang='lat' dir='ltr'><strong>in</strong></span> <span class='ocrx_word' id='word_1_365' title='bbox 643 3406 958 3463; x_wconf 88' lang='lat' dir='ltr'><strong>dissertione</strong></span> <span class='ocrx_word' id='word_1_366' title='bbox 985 3409 1254 3477; x_wconf 80' lang='lat' dir='ltr'><strong>providus,</strong></span> <span class='ocrx_word' id='word_1_367' title='bbox 1308 3411 1358 3463; x_wconf 94' lang='lat' dir='ltr'><strong>in</strong></span> <span class='ocrx_word' id='word_1_368' title='bbox 1410 3419 1637 3465; x_wconf 88' lang='lat' dir='ltr'><strong>tractatu</strong></span> <span class='ocrx_word' id='word_1_369' title='bbox 1669 3410 1959 3478; x_wconf 87' lang='lat' dir='ltr'><strong>profundus</strong></span> <span class='ocrx_word' id='word_1_370' title='bbox 1981 3450 1998 3477; x_wconf 89' lang='lat'><strong>,</strong></span> <span class='ocrx_word' id='word_1_371' title='bbox 2026 3424 2122 3480; x_wconf 87' lang='lat' dir='ltr'><strong>per</strong></span> 
     </span>
    </p>
   </div>
   <div class='ocr_carea' id='block_1_53' title="bbox 561 3496 2121 3569">
    <p class='ocr_par' dir='ltr' id='par_1_53' title="bbox 561 3496 2121 3569">
     <span class='ocr_line' id='line_1_53' title="bbox 561 3496 2121 3569; baseline 0.005 -21"><span class='ocrx_word' id='word_1_372' title='bbox 561 3496 916 3551; x_wconf 77' lang='lat' dir='ltr'><strong>litteraturam</strong></span> <span class='ocrx_word' id='word_1_373' title='bbox 962 3499 1235 3568; x_wconf 81' lang='lat' dir='ltr'><strong>eloquens,</strong></span> <span class='ocrx_word' id='word_1_374' title='bbox 1287 3513 1382 3568; x_wconf 90' lang='lat' dir='ltr'><strong>per</strong></span> <span class='ocrx_word' id='word_1_375' title='bbox 1431 3502 1679 3569; x_wconf 83' lang='lat' dir='ltr'><strong>virtutem</strong></span> <span class='ocrx_word' id='word_1_376' title='bbox 1725 3501 2014 3567; x_wconf 85' lang='lat' dir='ltr'><strong>mirabilis,</strong></span> <span class='ocrx_word' id='word_1_377' title='bbox 2065 3503 2121 3556; x_wconf 90' lang='lat' dir='ltr'><strong>in</strong></span> 
     </span>
    </p>
   </div>
   <div class='ocr_carea' id='block_1_54' title="bbox 563 3589 2118 3661">
    <p class='ocr_par' dir='ltr' id='par_1_54' title="bbox 563 3589 2118 3661">
     <span class='ocr_line' id='line_1_54' title="bbox 563 3589 2118 3661; baseline 0.005 -20"><span class='ocrx_word' id='word_1_378' title='bbox 563 3589 1017 3654; x_wconf 86' lang='lat' dir='ltr'><strong>complexionibus</strong></span> <span class='ocrx_word' id='word_1_379' title='bbox 1063 3590 1336 3659; x_wconf 77' lang='lat' dir='ltr'><strong>multiplex</strong></span> <span class='ocrx_word' id='word_1_380' title='bbox 1362 3631 1378 3657; x_wconf 97' lang='lat'><strong>,</strong></span> <span class='ocrx_word' id='word_1_381' title='bbox 1434 3593 1488 3645; x_wconf 94' lang='lat' dir='ltr'><strong>in</strong></span> <span class='ocrx_word' id='word_1_382' title='bbox 1529 3592 1851 3648; x_wconf 84' lang='lat' dir='ltr'><strong>resolutione</strong></span> <span class='ocrx_word' id='word_1_383' title='bbox 1890 3593 2118 3661; x_wconf 84' lang='lat' dir='ltr'><strong>subtilis,</strong></span> 
     </span>
    </p>
   </div>
   <div class='ocr_carea' id='block_1_55' title="bbox 564 3677 2122 3750">
    <p class='ocr_par' dir='ltr' id='par_1_55' title="bbox 564 3677 2122 3750">
     <span class='ocr_line' id='line_1_55' title="bbox 564 3677 2122 3750; baseline 0.006 -23"><span class='ocrx_word' id='word_1_384' title='bbox 564 3685 770 3729; x_wconf 88' lang='lat' dir='ltr'><strong>astutus</strong></span> <span class='ocrx_word' id='word_1_385' title='bbox 791 3678 936 3745; x_wconf 79' lang='lat' dir='ltr'><strong>juxta</strong></span> <span class='ocrx_word' id='word_1_386' title='bbox 965 3677 1292 3746; x_wconf 85' lang='lat' dir='ltr'><strong>prephetam,</strong></span> <span class='ocrx_word' id='word_1_387' title='bbox 1341 3681 1446 3734; x_wconf 87' lang='lat' dir='ltr'><strong>imo</strong></span> <span class='ocrx_word' id='word_1_388' title='bbox 1489 3684 1718 3750; x_wconf 89' lang='lat' dir='ltr'><strong>prudens</strong></span> <span class='ocrx_word' id='word_1_389' title='bbox 1744 3683 1892 3750; x_wconf 79' lang='lat' dir='ltr'><strong>juxta</strong></span> <span class='ocrx_word' id='word_1_390' title='bbox 1913 3683 2122 3736; x_wconf 89' lang='lat' dir='ltr'><strong>Domini</strong></span> 
     </span>
    </p>
   </div>
   <div class='ocr_carea' id='block_1_56' title="bbox 568 3774 2120 3843">
    <p class='ocr_par' dir='ltr' id='par_1_56' title="bbox 568 3774 2120 3843">
     <span class='ocr_line' id='line_1_56' title="bbox 568 3774 2120 3843; baseline 0.003 -22"><span class='ocrx_word' id='word_1_391' title='bbox 568 3786 770 3836; x_wconf 90' lang='lat' dir='ltr'><strong>vocem,</strong></span> <span class='ocrx_word' id='word_1_392' title='bbox 804 3781 859 3824; x_wconf 90' lang='lat' dir='ltr'><strong>ut</strong></span> <span class='ocrx_word' id='word_1_393' title='bbox 886 3786 1106 3839; x_wconf 89' lang='lat' dir='ltr'><strong>serpens</strong></span> <span class='ocrx_word' id='word_1_394' title='bbox 1149 3774 1408 3827; x_wconf 64' lang='lat' dir='ltr'><strong>columba:</strong></span> <span class='ocrx_word' id='word_1_395' title='bbox 1457 3775 1708 3842; x_wconf 86' lang='lat' dir='ltr'><strong>simplicis</strong></span> <span class='ocrx_word' id='word_1_396' title='bbox 1745 3776 1966 3843; x_wconf 87' lang='lat' dir='ltr'><strong>gratiam</strong></span> <span class='ocrx_word' id='word_1_397' title='bbox 2017 3790 2120 3828; x_wconf 89' lang='lat' dir='ltr'><strong>non</strong></span> 
     </span>
    </p>
   </div>
   <div class='ocr_carea' id='block_1_57' title="bbox 636 3941 1475 4010">
    <p class='ocr_par' dir='ltr' id='par_1_57' title="bbox 636 3941 1475 4010">
     <span class='ocr_line' id='line_1_57' title="bbox 636 3941 1475 4010; baseline 0.007 -18"><span class='ocrx_word' id='word_1_398' title='bbox 636 3951 660 3976; x_wconf 78' lang='grc'>⁸</span> <span class='ocrx_word' id='word_1_399' title='bbox 690 3941 786 3997; x_wconf 81' lang='lat' dir='ltr'><strong>MS.</strong></span> <span class='ocrx_word' id='word_1_400' title='bbox 817 3941 1135 4007; x_wconf 75' lang='lat' dir='ltr'><strong>prwciderat,</strong></span> <span class='ocrx_word' id='word_1_401' title='bbox 1167 3945 1475 4010; x_wconf 71' lang='lat' dir='ltr'><strong>prwvideret.</strong></span> 
     </span>
    </p>
   </div>
   <div class='ocr_carea' id='block_1_58' title="bbox 632 4009 2124 4084">
    <p class='ocr_par' dir='ltr' id='par_1_58' title="bbox 632 4009 2124 4084">
     <span class='ocr_line' id='line_1_58' title="bbox 632 4009 2124 4084; baseline 0.007 -23"><span class='ocrx_word' id='word_1_402' title='bbox 632 4009 659 4049; x_wconf 73' lang='grc' dir='ltr'>δ</span> <span class='ocrx_word' id='word_1_403' title='bbox 694 4011 895 4084; x_wconf 32' lang='lat' dir='ltr'><strong>lnAMss.</strong></span> <span class='ocrx_word' id='word_1_404' title='bbox 928 4011 1104 4076; x_wconf 86' lang='lat' dir='ltr'><strong>Coib.,</strong></span> <span class='ocrx_word' id='word_1_405' title='bbox 1131 4014 1427 4079; x_wconf 73' lang='lat' dir='ltr'><strong>destinavit;</strong></span> <span class='ocrx_word' id='word_1_406' title='bbox 1460 4017 1510 4068; x_wconf 90' lang='lat' dir='ltr'><strong>in</strong></span> <span class='ocrx_word' id='word_1_407' title='bbox 1543 4013 1745 4084; x_wconf 45' lang='lat' dir='ltr'><strong>.Comp.</strong></span> <span class='ocrx_word' id='word_1_408' title='bbox 1766 4055 1782 4080; x_wconf 92' lang='lat'><strong>,</strong></span> <span class='ocrx_word' id='word_1_409' title='bbox 1834 4017 2124 4072; x_wconf 76' lang='lat' dir='ltr'><strong>transmiut</strong></span> 
     </span>
    </p>
   </div>
   <div class='ocr_carea' id='block_1_59' title="bbox 571 4081 1000 4136">
    <p class='ocr_par' dir='ltr' id='par_1_59' title="bbox 571 4081 1000 4136">
     <span class='ocr_line' id='line_1_59' title="bbox 571 4081 1000 4136; baseline -0.005 -1"><span class='ocrx_word' id='word_1_410' title='bbox 571 4081 707 4135; x_wconf 66' lang='lat' dir='ltr'><strong>Mus.</strong></span> <span class='ocrx_word' id='word_1_411' title='bbox 739 4081 794 4136; x_wconf 90' lang='lat' dir='ltr'><strong>S.</strong></span> <span class='ocrx_word' id='word_1_412' title='bbox 830 4081 1000 4134; x_wconf 72' lang='lat' dir='ltr'><strong>MAUB.</strong></span> 
     </span>
    </p>
   </div>
   <div class='ocr_carea' id='block_1_60' title="bbox 636 4150 2124 4216">
    <p class='ocr_par' dir='ltr' id='par_1_60' title="bbox 636 4150 2124 4216">
     <span class='ocr_line' id='line_1_60' title="bbox 636 4150 2124 4216; baseline 0.003 -14"><span class='ocrx_word' id='word_1_413' title='bbox 636 4162 656 4187; x_wconf 73' lang='grc' dir='ltr'><strong>ε</strong></span> <span class='ocrx_word' id='word_1_414' title='bbox 704 4150 967 4202; x_wconf 78' lang='lat' dir='ltr'><strong>Vetustinr</strong></span> <span class='ocrx_word' id='word_1_415' title='bbox 996 4171 1026 4208; x_wconf 85' lang='lat' dir='ltr'><strong>e</strong></span> <span class='ocrx_word' id='word_1_416' title='bbox 1051 4150 1176 4202; x_wconf 76' lang='lat' dir='ltr'><strong>Mss.</strong></span> <span class='ocrx_word' id='word_1_417' title='bbox 1229 4150 1402 4212; x_wconf 90' lang='lat' dir='ltr'><strong>Coib.,</strong></span> <span class='ocrx_word' id='word_1_418' title='bbox 1437 4152 1691 4216; x_wconf 80' lang='lat' dir='ltr'><strong>qualiter;</strong></span> <span class='ocrx_word' id='word_1_419' title='bbox 1730 4153 1818 4206; x_wconf 85' lang='lat' dir='ltr'><strong>ille</strong></span> <span class='ocrx_word' id='word_1_420' title='bbox 1855 4156 1906 4205; x_wconf 81' lang='lat' dir='ltr'><strong>in</strong></span> <span class='ocrx_word' id='word_1_421' title='bbox 1963 4156 2124 4207; x_wconf 83' lang='lat' dir='ltr'><strong>divisa</strong></span> 
     </span>
    </p>
   </div>
   <div class='ocr_carea' id='block_1_61' title="bbox 565 4218 2124 4285">
    <p class='ocr_par' dir='ltr' id='par_1_61' title="bbox 565 4218 2124 4285">
     <span class='ocr_line' id='line_1_61' title="bbox 565 4218 2124 4285; baseline 0.001 -14"><span class='ocrx_word' id='word_1_422' title='bbox 565 4219 746 4285; x_wconf 83' lang='lat' dir='ltr'><strong>(forte,</strong></span> <span class='ocrx_word' id='word_1_423' title='bbox 773 4219 825 4269; x_wconf 81' lang='lat' dir='ltr'><strong>in</strong></span> <span class='ocrx_word' id='word_1_424' title='bbox 857 4219 1073 4285; x_wconf 79' lang='lat' dir='ltr'><strong>diversa)</strong></span> <span class='ocrx_word' id='word_1_425' title='bbox 1098 4218 1252 4285; x_wconf 83' lang='lat' dir='ltr'><strong>libros</strong></span> <span class='ocrx_word' id='word_1_426' title='bbox 1270 4220 1399 4284; x_wconf 78' lang='lat' dir='ltr'><strong>stylo</strong></span> <span class='ocrx_word' id='word_1_427' title='bbox 1423 4227 1640 4271; x_wconf 84' lang='lat' dir='ltr'><strong>tumente</strong></span> <span class='ocrx_word' id='word_1_428' title='bbox 1669 4223 1941 4276; x_wconf 75' lang='lat' dir='ltr'><strong>contexuit.</strong></span> <span class='ocrx_word' id='word_1_429' title='bbox 1970 4223 2124 4274; x_wconf 82' lang='lat' dir='ltr'><strong>Com-</strong></span> 
     </span>
    </p>
   </div>
   <div class='ocr_carea' id='block_1_62' title="bbox 569 4284 2124 4354">
    <p class='ocr_par' dir='ltr' id='par_1_62' title="bbox 569 4284 2124 4354">
     <span class='ocr_line' id='line_1_62' title="bbox 569 4284 2124 4354; baseline 0.003 -17"><span class='ocrx_word' id='word_1_430' title='bbox 569 4284 870 4353; x_wconf 86' lang='lat' dir='ltr'><strong>pendiensis</strong></span> <span class='ocrx_word' id='word_1_431' title='bbox 902 4284 1063 4351; x_wconf 78' lang='lat' dir='ltr'><strong>vero,</strong></span> <span class='ocrx_word' id='word_1_432' title='bbox 1082 4284 1298 4351; x_wconf 80' lang='lat' dir='ltr'><strong>qualiter</strong></span> <span class='ocrx_word' id='word_1_433' title='bbox 1327 4286 1413 4338; x_wconf 80' lang='lat' dir='ltr'><strong>illc</strong></span> <span class='ocrx_word' id='word_1_434' title='bbox 1439 4287 1590 4340; x_wconf 85' lang='lat' dir='ltr'><strong>libros</strong></span> <span class='ocrx_word' id='word_1_435' title='bbox 1631 4297 1805 4340; x_wconf 86' lang='lat' dir='ltr'><strong>contra</strong></span> <span class='ocrx_word' id='word_1_436' title='bbox 1834 4291 1941 4341; x_wconf 83' lang='lat' dir='ltr'><strong>Arii</strong></span> <span class='ocrx_word' id='word_1_437' title='bbox 1975 4293 2124 4354; x_wconf 81' lang='lat' dir='ltr'><strong>perﬁ-</strong></span> 
     </span>
    </p>
   </div>
   <div class='ocr_carea' id='block_1_63' title="bbox 566 4355 2124 4432">
    <p class='ocr_par' dir='ltr' id='par_1_63' title="bbox 566 4355 2124 4432">
     <span class='ocr_line' id='line_1_63' title="bbox 566 4355 2124 4432; baseline 0.003 -27"><span class='ocrx_word' id='word_1_438' title='bbox 566 4357 701 4432; x_wconf 65' lang='lat' dir='ltr'><strong>(liam</strong></span> <span class='ocrx_word' id='word_1_439' title='bbox 726 4355 1109 4432; x_wconf 60' lang='lat' dir='ltr'><strong>promulgavit,</strong></span> <span class='ocrx_word' id='word_1_440' title='bbox 1165 4356 1412 4422; x_wconf 85' lang='lat' dir='ltr'><strong>quomodo</strong></span> <span class='ocrx_word' id='word_1_441' title='bbox 1459 4355 1647 4432; x_wconf 71' lang='lat' dir='ltr'><strong>librum</strong></span> <span class='ocrx_word' id='word_1_442' title='bbox 1679 4356 1994 4432; x_wconf 48' lang='lat' dir='ltr'><strong>Paulinorum</strong></span> <span class='ocrx_word' id='word_1_443' title='bbox 2034 4377 2124 4427; x_wconf 86' lang='lat' dir='ltr'><strong>per</strong></span> 
     </span>
    </p>
   </div>
   <div class='ocr_carea' id='block_1_64' title="bbox 2289 1881 3794 1952">
    <p class='ocr_par' dir='ltr' id='par_1_64' title="bbox 2289 1881 3794 1952">
     <span class='ocr_line' id='line_1_64' title="bbox 2289 1881 3794 1952; baseline -0.006 -14"><span class='ocrx_word' id='word_1_444' title='bbox 2289 1887 2370 1938; x_wconf 78' lang='grc'><strong>16.</strong></span> <span class='ocrx_word' id='word_1_445' title='bbox 2415 1885 2511 1937; x_wconf 87' lang='lat' dir='ltr'><strong>Det</strong></span> <span class='ocrx_word' id='word_1_446' title='bbox 2533 1883 2658 1937; x_wconf 90' lang='lat' dir='ltr'><strong>mihi</strong></span> <span class='ocrx_word' id='word_1_447' title='bbox 2681 1884 2797 1952; x_wconf 89' lang='lat' dir='ltr'><strong>pius</strong></span> <span class='ocrx_word' id='word_1_448' title='bbox 2825 1884 3056 1947; x_wconf 79' lang='lat' dir='ltr'><strong>veniam,</strong></span> <span class='ocrx_word' id='word_1_449' title='bbox 3080 1883 3202 1949; x_wconf 88' lang='lat' dir='ltr'><strong>quia</strong></span> <span class='ocrx_word' id='word_1_450' title='bbox 3229 1883 3390 1936; x_wconf 86' lang='lat' dir='ltr'><strong>multa</strong></span> <span class='ocrx_word' id='word_1_451' title='bbox 3415 1882 3674 1950; x_wconf 72' lang='lat' dir='ltr'><strong>prmterii,</strong></span> <span class='ocrx_word' id='word_1_452' title='bbox 3700 1881 3794 1946; x_wconf 86' lang='lat' dir='ltr'><strong>qui</strong></span> 
     </span>
    </p>
   </div>
   <div class='ocr_carea' id='block_1_65' title="bbox 2217 1970 3796 2038">
    <p class='ocr_par' dir='ltr' id='par_1_65' title="bbox 2217 1970 3796 2038">
     <span class='ocr_line' id='line_1_65' title="bbox 2217 1970 3796 2038; baseline -0.004 -12"><span class='ocrx_word' id='word_1_453' title='bbox 2217 1975 2301 2027; x_wconf 80' lang='lat' dir='ltr'><strong>vix</strong></span> <span class='ocrx_word' id='word_1_454' title='bbox 2336 1987 2497 2038; x_wconf 90' lang='lat' dir='ltr'><strong>pauca</strong></span> <span class='ocrx_word' id='word_1_455' title='bbox 2527 1972 2817 2038; x_wconf 89' lang='lat' dir='ltr'><strong>conscripsi</strong></span> <span class='ocrx_word' id='word_1_456' title='bbox 2856 1971 2902 2026; x_wconf 74' lang='grc' dir='ltr'><strong>ί.</strong></span> <span class='ocrx_word' id='word_1_457' title='bbox 2945 1971 3017 2024; x_wconf 90' lang='lat' dir='ltr'><strong>ita</strong></span> <span class='ocrx_word' id='word_1_458' title='bbox 3070 1972 3254 2025; x_wconf 89' lang='lat' dir='ltr'><strong>beatus</strong></span> <span class='ocrx_word' id='word_1_459' title='bbox 3283 1971 3514 2024; x_wconf 88' lang='lat' dir='ltr'><strong>llilarius</strong></span> <span class='ocrx_word' id='word_1_460' title='bbox 3552 1970 3620 2021; x_wconf 88' lang='lat' dir='ltr'><strong>de</strong></span> <span class='ocrx_word' id='word_1_461' title='bbox 3650 1983 3796 2035; x_wconf 69' lang='lat' dir='ltr'><strong>prae—</strong></span> 
     </span>
    </p>
   </div>
   <div class='ocr_carea' id='block_1_66' title="bbox 2217 2057 3795 2125">
    <p class='ocr_par' dir='ltr' id='par_1_66' title="bbox 2217 2057 3795 2125">
     <span class='ocr_line' id='line_1_66' title="bbox 2217 2057 3795 2125; baseline -0.006 -9"><span class='ocrx_word' id='word_1_462' title='bbox 2217 2064 2382 2116; x_wconf 90' lang='lat' dir='ltr'><strong>sentis</strong></span> <span class='ocrx_word' id='word_1_463' title='bbox 2412 2061 2588 2114; x_wconf 72' lang='lat' dir='ltr'><strong>SIBCllii</strong></span> <span class='ocrx_word' id='word_1_464' title='bbox 2621 2061 2726 2114; x_wconf 90' lang='lat' dir='ltr'><strong>vita</strong></span> <span class='ocrx_word' id='word_1_465' title='bbox 2748 2101 2762 2125; x_wconf 91' lang='lat'><strong>,</strong></span> <span class='ocrx_word' id='word_1_466' title='bbox 2794 2061 3009 2116; x_wconf 81' lang='lat' dir='ltr'><strong>Valente</strong></span> <span class='ocrx_word' id='word_1_467' title='bbox 3037 2070 3089 2114; x_wconf 89' lang='lat' dir='ltr'><strong>et</strong></span> <span class='ocrx_word' id='word_1_468' title='bbox 3111 2059 3482 2114; x_wconf 80' lang='lat' dir='ltr'><strong>Valentiniano</strong></span> <span class='ocrx_word' id='word_1_469' title='bbox 3514 2057 3795 2125; x_wconf 81' lang='lat' dir='ltr'><strong>regnanti-</strong></span> 
     </span>
    </p>
   </div>
   <div class='ocr_carea' id='block_1_67' title="bbox 2218 2146 3796 2224">
    <p class='ocr_par' dir='ltr' id='par_1_67' title="bbox 2218 2146 3796 2224">
     <span class='ocr_line' id='line_1_67' title="bbox 2218 2146 3796 2224; baseline -0.008 -16"><span class='ocrx_word' id='word_1_470' title='bbox 2218 2155 2339 2217; x_wconf 85' lang='lat' dir='ltr'><strong>bus,</strong></span> <span class='ocrx_word' id='word_1_471' title='bbox 2372 2168 2487 2207; x_wconf 89' lang='lat' dir='ltr'><strong>cum</strong></span> <span class='ocrx_word' id='word_1_472' title='bbox 2505 2153 2671 2224; x_wconf 81' lang='lat' dir='ltr'><strong>gloria</strong></span> <span class='ocrx_word' id='word_1_473' title='bbox 2691 2153 2935 2220; x_wconf 88' lang='lat' dir='ltr'><strong>migravit</strong></span> <span class='ocrx_word' id='word_1_474' title='bbox 2958 2152 3023 2205; x_wconf 88' lang='lat' dir='ltr'><strong>ad</strong></span> <span class='ocrx_word' id='word_1_475' title='bbox 3047 2152 3336 2213; x_wconf 88' lang='lat' dir='ltr'><strong>Christum,</strong></span> <span class='ocrx_word' id='word_1_476' title='bbox 3359 2158 3497 2200; x_wconf 86' lang='lat' dir='ltr'><strong>terra</strong></span> <span class='ocrx_word' id='word_1_477' title='bbox 3521 2146 3796 2213; x_wconf 81' lang='lat' dir='ltr'><strong>plorante,</strong></span> 
     </span>
    </p>
   </div>
   <div class='ocr_carea' id='block_1_68' title="bbox 2217 2235 3790 2316">
    <p class='ocr_par' dir='ltr' id='par_1_68' title="bbox 2217 2235 3790 2316">
     <span class='ocr_line' id='line_1_68' title="bbox 2217 2235 3790 2316; baseline -0.008 -17"><span class='ocrx_word' id='word_1_478' title='bbox 2217 2247 2354 2299; x_wconf 66' lang='lat' dir='ltr'><strong>casio</strong></span> <span class='ocrx_word' id='word_1_479' title='bbox 2401 2244 2680 2316; x_wconf 87' lang='lat' dir='ltr'><strong>gaudente,</strong></span> <span class='ocrx_word' id='word_1_480' title='bbox 2715 2242 2906 2294; x_wconf 91' lang='lat' dir='ltr'><strong>eodem</strong></span> <span class='ocrx_word' id='word_1_481' title='bbox 2937 2241 3057 2293; x_wconf 80' lang='lat' dir='ltr'><strong>Jcsu</strong></span> <span class='ocrx_word' id='word_1_482' title='bbox 3105 2239 3317 2291; x_wconf 85' lang='lat' dir='ltr'><strong>Christo</strong></span> <span class='ocrx_word' id='word_1_483' title='bbox 3340 2243 3653 2303; x_wconf 65' lang='lat' dir='ltr'><strong>praestante,</strong></span> <span class='ocrx_word' id='word_1_484' title='bbox 3689 2235 3790 2301; x_wconf 86' lang='lat' dir='ltr'><strong>qui</strong></span> 
     </span>
    </p>
   </div>
   <div class='ocr_carea' id='block_1_69' title="bbox 2218 2325 3794 2402">
    <p class='ocr_par' dir='ltr' id='par_1_69' title="bbox 2218 2325 3794 2402">
     <span class='ocr_line' id='line_1_69' title="bbox 2218 2325 3794 2402; baseline -0.006 -15"><span class='ocrx_word' id='word_1_485' title='bbox 2218 2350 2337 2387; x_wconf 91' lang='lat' dir='ltr'><strong>cum</strong></span> <span class='ocrx_word' id='word_1_486' title='bbox 2371 2333 2522 2390; x_wconf 79' lang='lat' dir='ltr'><strong>Patre</strong></span> <span class='ocrx_word' id='word_1_487' title='bbox 2568 2342 2621 2384; x_wconf 90' lang='lat' dir='ltr'><strong>et</strong></span> <span class='ocrx_word' id='word_1_488' title='bbox 2642 2331 2840 2397; x_wconf 89' lang='lat' dir='ltr'><strong>Spiritu</strong></span> <span class='ocrx_word' id='word_1_489' title='bbox 2884 2339 3070 2387; x_wconf 82' lang='lat' dir='ltr'><strong>sancto</strong></span> <span class='ocrx_word' id='word_1_490' title='bbox 3115 2328 3244 2381; x_wconf 87' lang='lat' dir='ltr'><strong>vivit</strong></span> <span class='ocrx_word' id='word_1_491' title='bbox 3271 2337 3324 2382; x_wconf 89' lang='lat' dir='ltr'><strong>et</strong></span> <span class='ocrx_word' id='word_1_492' title='bbox 3348 2337 3534 2402; x_wconf 81' lang='lat' dir='ltr'><strong>regnat</strong></span> <span class='ocrx_word' id='word_1_493' title='bbox 3559 2325 3702 2379; x_wconf 86' lang='lat' dir='ltr'><strong>Deus</strong></span> <span class='ocrx_word' id='word_1_494' title='bbox 3737 2325 3794 2378; x_wconf 88' lang='lat' dir='ltr'><strong>in</strong></span> 
     </span>
    </p>
   </div>
   <div class='ocr_carea' id='block_1_70' title="bbox 2218 2422 3007 2480">
    <p class='ocr_par' dir='ltr' id='par_1_70' title="bbox 2218 2422 3007 2480">
     <span class='ocr_line' id='line_1_70' title="bbox 2218 2422 3007 2480; baseline -0.005 -3"><span class='ocrx_word' id='word_1_495' title='bbox 2218 2425 2409 2480; x_wconf 76' lang='lat' dir='ltr'><strong>saecula</strong></span> <span class='ocrx_word' id='word_1_496' title='bbox 2441 2422 2784 2476; x_wconf 70' lang='lat' dir='ltr'><strong>saeculorum.</strong></span> <span class='ocrx_word' id='word_1_497' title='bbox 2817 2425 3007 2476; x_wconf 78' lang='lat' dir='ltr'><strong>Amen.</strong></span> 
     </span>
    </p>
   </div>
   <div class='ocr_carea' id='block_1_71' title="bbox 2233 2531 3793 2557">
    <p class='ocr_par' dir='ltr' id='par_1_71' title="bbox 2233 2531 3793 2557">
     <span class='ocr_line' id='line_1_71' title="bbox 2233 2531 3793 2557; baseline -0.005 0"><span class='ocrx_word' id='word_1_498' title='bbox 2233 2531 3793 2557; x_wconf 52' lang='grc' dir='ltr'><em>Μ</em></span> 
     </span>
    </p>
   </div>
   <div class='ocr_carea' id='block_1_72' title="bbox 2515 2609 3478 2690">
    <p class='ocr_par' dir='ltr' id='par_1_72' title="bbox 2515 2609 3478 2690">
     <span class='ocr_line' id='line_1_72' title="bbox 2515 2609 3478 2690; baseline -0.009 0"><span class='ocrx_word' id='word_1_499' title='bbox 2515 2613 2848 2690; x_wconf 79' lang='lat' dir='ltr'><strong>LIBER</strong></span> <span class='ocrx_word' id='word_1_500' title='bbox 2919 2609 3478 2685; x_wconf 83' lang='lat' dir='ltr'><strong>SECUNDUS.</strong></span> 
     </span>
    </p>
   </div>
   <div class='ocr_carea' id='block_1_73' title="bbox 2783 2741 3218 2798">
    <p class='ocr_par' dir='ltr' id='par_1_73' title="bbox 2783 2741 3218 2798">
     <span class='ocr_line' id='line_1_73' title="bbox 2783 2741 3218 2798; baseline 0.011 -7"><span class='ocrx_word' id='word_1_501' title='bbox 2783 2754 2807 2791; x_wconf 74' lang='grc' dir='ltr'>ε</span> <span class='ocrx_word' id='word_1_502' title='bbox 2835 2741 3218 2798; x_wconf 65' lang='lat' dir='ltr'><strong>PREFATIO.</strong></span> 
     </span>
    </p>
   </div>
   <div class='ocr_carea' id='block_1_74' title="bbox 2294 2845 3793 2908">
    <p class='ocr_par' dir='ltr' id='par_1_74' title="bbox 2294 2845 3793 2908">
     <span class='ocr_line' id='line_1_74' title="bbox 2294 2845 3793 2908; baseline -0.003 -4"><span class='ocrx_word' id='word_1_503' title='bbox 2294 2853 2516 2905; x_wconf 90' lang='lat' dir='ltr'><strong>Domino</strong></span> <span class='ocrx_word' id='word_1_504' title='bbox 2545 2861 2731 2905; x_wconf 88' lang='lat' dir='ltr'><strong>sancto</strong></span> <span class='ocrx_word' id='word_1_505' title='bbox 2746 2859 2798 2903; x_wconf 91' lang='lat' dir='ltr'><strong>et</strong></span> <span class='ocrx_word' id='word_1_506' title='bbox 2823 2849 3024 2903; x_wconf 87' lang='lat' dir='ltr'><strong>meritis</strong></span> <span class='ocrx_word' id='word_1_507' title='bbox 3047 2848 3350 2902; x_wconf 88' lang='lat' dir='ltr'><strong>beatissimo</strong></span> <span class='ocrx_word' id='word_1_508' title='bbox 3367 2845 3534 2908; x_wconf 88' lang='lat' dir='ltr'><strong>Patri,</strong></span> <span class='ocrx_word' id='word_1_509' title='bbox 3560 2845 3793 2900; x_wconf 52' lang='lat' dir='ltr'><strong>Pascen-</strong></span> 
     </span>
    </p>
   </div>
   <div class='ocr_carea' id='block_1_75' title="bbox 2224 2914 3791 2988">
    <p class='ocr_par' dir='ltr' id='par_1_75' title="bbox 2224 2914 3791 2988">
     <span class='ocr_line' id='line_1_75' title="bbox 2224 2914 3791 2988; baseline -0.003 -16"><span class='ocrx_word' id='word_1_510' title='bbox 2224 2924 2294 2972; x_wconf 85' lang='lat' dir='ltr'><strong>tiu</strong></span> <span class='ocrx_word' id='word_1_511' title='bbox 2325 2935 2497 2988; x_wconf 75' lang='lat' dir='ltr'><strong>papzc,</strong></span> <span class='ocrx_word' id='word_1_512' title='bbox 2529 2930 2583 2972; x_wconf 91' lang='lat' dir='ltr'><strong>et</strong></span> <span class='ocrx_word' id='word_1_513' title='bbox 2604 2924 2654 2972; x_wconf 94' lang='lat' dir='ltr'><strong>in</strong></span> <span class='ocrx_word' id='word_1_514' title='bbox 2680 2918 2892 2971; x_wconf 85' lang='lat' dir='ltr'><strong>Christo</strong></span> <span class='ocrx_word' id='word_1_515' title='bbox 2922 2916 3494 2988; x_wconf 71' lang='lat' dir='ltr'><strong>ﬂorigera‘perenniter</strong></span> <span class='ocrx_word' id='word_1_516' title='bbox 3519 2914 3791 2988; x_wconf 61' lang='lat' dir='ltr'><strong>charitate</strong></span> 
     </span>
    </p>
   </div>
   <div class='ocr_carea' id='block_1_76' title="bbox 2222 2983 3786 3114">
    <p class='ocr_par' dir='ltr' id='par_1_76' title="bbox 2222 2983 3786 3114">
     <span class='ocr_line' id='line_1_76' title="bbox 2222 2983 3786 3111; baseline -0.004 -69"><span class='ocrx_word' id='word_1_517' title='bbox 2222 2983 2560 3111; x_wconf 49' lang='lat' dir='ltr'><strong>\éernantibus</strong></span> <span class='ocrx_word' id='word_1_518' title='bbox 2584 3027 2599 3053; x_wconf 87' lang='lat'><strong>,</strong></span> <span class='ocrx_word' id='word_1_519' title='bbox 2655 2988 2906 3042; x_wconf 78' lang='lat' dir='ltr'><strong>Ecclesia:</strong></span> <span class='ocrx_word' id='word_1_520' title='bbox 2959 2983 3318 3042; x_wconf 80' lang='lat' dir='ltr'><strong>Pictaviensis.</strong></span> <span class='ocrx_word' id='word_1_521' title='bbox 3357 2983 3748 3041; x_wconf 78' lang='lat' dir='ltr'><strong>habitatoribus</strong></span> <span class='ocrx_word' id='word_1_522' title='bbox 3771 3025 3786 3049; x_wconf 90' lang='lat'><strong>,</strong></span> 
     </span>
     <span class='ocr_line' id='line_1_77' title="bbox 2267 3067 2562 3114; baseline -0.007 0"><span class='ocrx_word' id='word_1_523' title='bbox 2267 3067 2562 3114; x_wconf 89' lang='lat' dir='ltr'><strong>ortunatus.</strong></span> 
     </span>
    </p>
   </div>
   <div class='ocr_carea' id='block_1_77' title="bbox 2297 3143 3791 3214">
    <p class='ocr_par' dir='ltr' id='par_1_77' title="bbox 2297 3143 3791 3214">
     <span class='ocr_line' id='line_1_78' title="bbox 2297 3143 3791 3214; baseline -0.003 -14"><span class='ocrx_word' id='word_1_524' title='bbox 2297 3149 2350 3202; x_wconf 81' lang='lat' dir='ltr'><strong>l.</strong></span> <span class='ocrx_word' id='word_1_525' title='bbox 2386 3147 2518 3201; x_wconf 91' lang='lat' dir='ltr'><strong>Cum</strong></span> <span class='ocrx_word' id='word_1_526' title='bbox 2543 3157 2770 3214; x_wconf 79' lang='lat' dir='ltr'><strong>veteres,</strong></span> <span class='ocrx_word' id='word_1_527' title='bbox 2796 3146 3086 3202; x_wconf 87' lang='lat' dir='ltr'><strong>infidelium</strong></span> <span class='ocrx_word' id='word_1_528' title='bbox 3109 3144 3410 3201; x_wconf 90' lang='lat' dir='ltr'><strong>conditores</strong></span> <span class='ocrx_word' id='word_1_529' title='bbox 3431 3143 3791 3207; x_wconf 85' lang='lat' dir='ltr'><strong>voluminum,</strong></span> 
     </span>
    </p>
   </div>
   <div class='ocr_carea' id='block_1_78' title="bbox 2226 3234 3794 3309">
    <p class='ocr_par' dir='ltr' id='par_1_78' title="bbox 2226 3234 3794 3309">
     <span class='ocr_line' id='line_1_79' title="bbox 2226 3234 3794 3309; baseline -0.003 -14"><span class='ocrx_word' id='word_1_530' title='bbox 2226 3240 2541 3309; x_wconf 67' lang='lat' dir='ltr'><strong>eloquentia:</strong></span> <span class='ocrx_word' id='word_1_531' title='bbox 2597 3254 2710 3293; x_wconf 70' lang='lat' dir='ltr'><strong>sua:</strong></span> <span class='ocrx_word' id='word_1_532' title='bbox 2765 3254 3007 3308; x_wconf 89' lang='lat' dir='ltr'><strong>pompam</strong></span> <span class='ocrx_word' id='word_1_533' title='bbox 3048 3237 3253 3293; x_wconf 89' lang='lat' dir='ltr'><strong>cunctis</strong></span> <span class='ocrx_word' id='word_1_534' title='bbox 3298 3234 3582 3290; x_wconf 85' lang='lat' dir='ltr'><strong>ostendere</strong></span> <span class='ocrx_word' id='word_1_535' title='bbox 3629 3246 3794 3290; x_wconf 74' lang='lat' dir='ltr'><strong>causa</strong></span> 
     </span>
    </p>
   </div>
   <div class='ocr_carea' id='block_1_79' title="bbox 2225 3328 3794 3401">
    <p class='ocr_par' dir='ltr' id='par_1_79' title="bbox 2225 3328 3794 3401">
     <span class='ocr_line' id='line_1_80' title="bbox 2225 3328 3794 3401; baseline -0.005 -13"><span class='ocrx_word' id='word_1_536' title='bbox 2225 3331 2587 3398; x_wconf 72' lang='lat' dir='ltr'><strong>ptovocaverit</strong></span> <span class='ocrx_word' id='word_1_537' title='bbox 2613 3331 2879 3401; x_wconf 85' lang='lat' dir='ltr'><strong>opinionis</strong></span> <span class='ocrx_word' id='word_1_538' title='bbox 2902 3332 3095 3383; x_wconf 76' lang='lat' dir='ltr'><strong>inllatte</strong></span> <span class='ocrx_word' id='word_1_539' title='bbox 3114 3372 3127 3394; x_wconf 92' lang='lat'><strong>,</strong></span> <span class='ocrx_word' id='word_1_540' title='bbox 3152 3329 3277 3384; x_wconf 90' lang='lat' dir='ltr'><strong>dum</strong></span> <span class='ocrx_word' id='word_1_541' title='bbox 3311 3328 3451 3382; x_wconf 88' lang='lat' dir='ltr'><strong>inter</strong></span> <span class='ocrx_word' id='word_1_542' title='bbox 3483 3341 3666 3396; x_wconf 83' lang='lat' dir='ltr'><strong>regum</strong></span> <span class='ocrx_word' id='word_1_543' title='bbox 3696 3339 3794 3380; x_wconf 86' lang='lat' dir='ltr'><strong>vo-</strong></span> 
     </span>
    </p>
   </div>
   <div class='ocr_carea' id='block_1_80' title="bbox 2224 3417 3793 3489">
    <p class='ocr_par' dir='ltr' id='par_1_80' title="bbox 2224 3417 3793 3489">
     <span class='ocr_line' id='line_1_81' title="bbox 2224 3417 3793 3489; baseline -0.004 -15"><span class='ocrx_word' id='word_1_544' title='bbox 2224 3430 2276 3474; x_wconf 89' lang='lat' dir='ltr'><strong>ta</strong></span> <span class='ocrx_word' id='word_1_545' title='bbox 2302 3460 2318 3486; x_wconf 92' lang='lat'><strong>,</strong></span> <span class='ocrx_word' id='word_1_546' title='bbox 2358 3435 2452 3475; x_wconf 86' lang='lat' dir='ltr'><strong>seu</strong></span> <span class='ocrx_word' id='word_1_547' title='bbox 2484 3419 2664 3478; x_wconf 81' lang='lat' dir='ltr'><strong>funera</strong></span> <span class='ocrx_word' id='word_1_548' title='bbox 2687 3460 2702 3485; x_wconf 92' lang='lat'><strong>,</strong></span> <span class='ocrx_word' id='word_1_549' title='bbox 2736 3419 2787 3472; x_wconf 91' lang='lat' dir='ltr'><strong>id</strong></span> <span class='ocrx_word' id='word_1_550' title='bbox 2816 3428 2917 3482; x_wconf 91' lang='lat' dir='ltr'><strong>est,</strong></span> <span class='ocrx_word' id='word_1_551' title='bbox 2949 3419 3237 3489; x_wconf 81' lang='lat' dir='ltr'><strong>prOSpera’,</strong></span> <span class='ocrx_word' id='word_1_552' title='bbox 3269 3417 3353 3471; x_wconf 87' lang='lat' dir='ltr'><strong>vel</strong></span> <span class='ocrx_word' id='word_1_553' title='bbox 3382 3417 3622 3480; x_wconf 88' lang='lat' dir='ltr'><strong>adversa,</strong></span> <span class='ocrx_word' id='word_1_554' title='bbox 3657 3429 3793 3469; x_wconf 87' lang='lat' dir='ltr'><strong>con-</strong></span> 
     </span>
    </p>
   </div>
   <div class='ocr_carea' id='block_1_81' title="bbox 2225 3504 3793 3578">
    <p class='ocr_par' dir='ltr' id='par_1_81' title="bbox 2225 3504 3793 3578">
     <span class='ocr_line' id='line_1_82' title="bbox 2225 3504 3793 3578; baseline 0 -14"><span class='ocrx_word' id='word_1_555' title='bbox 2225 3511 2339 3564; x_wconf 77' lang='lat' dir='ltr'><strong>fuso</strong></span> <span class='ocrx_word' id='word_1_556' title='bbox 2362 3511 2508 3564; x_wconf 87' lang='lat' dir='ltr'><strong>vocis</strong></span> <span class='ocrx_word' id='word_1_557' title='bbox 2536 3509 2746 3577; x_wconf 87' lang='lat' dir='ltr'><strong>ordine,</strong></span> <span class='ocrx_word' id='word_1_558' title='bbox 2796 3511 3020 3578; x_wconf 87' lang='lat' dir='ltr'><strong>quodam</strong></span> <span class='ocrx_word' id='word_1_559' title='bbox 3073 3510 3229 3563; x_wconf 90' lang='lat' dir='ltr'><strong>modo</strong></span> <span class='ocrx_word' id='word_1_560' title='bbox 3251 3509 3344 3561; x_wconf 88' lang='lat' dir='ltr'><strong>visi</strong></span> <span class='ocrx_word' id='word_1_561' title='bbox 3375 3507 3481 3578; x_wconf 77' lang='lat' dir='ltr'><strong>[AL</strong></span> <span class='ocrx_word' id='word_1_562' title='bbox 3514 3504 3636 3576; x_wconf 88' lang='lat' dir='ltr'><strong>nisi]</strong></span> <span class='ocrx_word' id='word_1_563' title='bbox 3668 3517 3793 3564; x_wconf 82' lang='lat' dir='ltr'><strong>sunt</strong></span> 
     </span>
    </p>
   </div>
   <div class='ocr_carea' id='block_1_82' title="bbox 2225 3595 3793 3668">
    <p class='ocr_par' dir='ltr' id='par_1_82' title="bbox 2225 3595 3793 3668">
     <span class='ocr_line' id='line_1_83' title="bbox 2225 3595 3793 3668; baseline -0.003 -14"><span class='ocrx_word' id='word_1_564' title='bbox 2225 3611 2439 3654; x_wconf 87' lang='lat' dir='ltr'><strong>cantare</strong></span> <span class='ocrx_word' id='word_1_565' title='bbox 2470 3601 2667 3668; x_wconf 80' lang='lat' dir='ltr'><strong>pariter</strong></span> <span class='ocrx_word' id='word_1_566' title='bbox 2684 3610 2738 3656; x_wconf 91' lang='lat' dir='ltr'><strong>et</strong></span> <span class='ocrx_word' id='word_1_567' title='bbox 2762 3600 2989 3668; x_wconf 79' lang='lat' dir='ltr'><strong>plorare,</strong></span> <span class='ocrx_word' id='word_1_568' title='bbox 3031 3607 3088 3655; x_wconf 93' lang='lat' dir='ltr'><strong>ut</strong></span> <span class='ocrx_word' id='word_1_569' title='bbox 3113 3598 3167 3657; x_wconf 91' lang='lat' dir='ltr'><strong>hi</strong></span> <span class='ocrx_word' id='word_1_570' title='bbox 3192 3598 3280 3665; x_wconf 91' lang='lat' dir='ltr'><strong>qui</strong></span> <span class='ocrx_word' id='word_1_571' title='bbox 3307 3598 3574 3660; x_wconf 84' lang='lat' dir='ltr'><strong>dixerunt,</strong></span> <span class='ocrx_word' id='word_1_572' title='bbox 3603 3597 3691 3650; x_wconf 89' lang='lat' dir='ltr'><strong>vel</strong></span> <span class='ocrx_word' id='word_1_573' title='bbox 3725 3595 3793 3650; x_wconf 84' lang='lat' dir='ltr'><strong>de</strong></span> 
     </span>
    </p>
   </div>
   <div class='ocr_carea' id='block_1_83' title="bbox 2225 3687 3794 3758">
    <p class='ocr_par' dir='ltr' id='par_1_83' title="bbox 2225 3687 3794 3758">
     <span class='ocr_line' id='line_1_84' title="bbox 2225 3687 3794 3758; baseline -0.002 -16"><span class='ocrx_word' id='word_1_574' title='bbox 2225 3692 2413 3758; x_wconf 85' lang='lat' dir='ltr'><strong>quibus</strong></span> <span class='ocrx_word' id='word_1_575' title='bbox 2438 3692 2592 3745; x_wconf 92' lang='lat' dir='ltr'><strong>locuti</strong></span> <span class='ocrx_word' id='word_1_576' title='bbox 2611 3699 2753 3751; x_wconf 87' lang='lat' dir='ltr'><strong>sunt,</strong></span> <span class='ocrx_word' id='word_1_577' title='bbox 2772 3691 2957 3744; x_wconf 88' lang='lat' dir='ltr'><strong>saltem</strong></span> <span class='ocrx_word' id='word_1_578' title='bbox 2977 3691 3027 3742; x_wconf 91' lang='lat' dir='ltr'><strong>in</strong></span> <span class='ocrx_word' id='word_1_579' title='bbox 3046 3688 3195 3741; x_wconf 88' lang='lat' dir='ltr'><strong>libris</strong></span> <span class='ocrx_word' id='word_1_580' title='bbox 3210 3688 3465 3748; x_wconf 84' lang='lat' dir='ltr'><strong>viverent,</strong></span> <span class='ocrx_word' id='word_1_581' title='bbox 3485 3687 3582 3740; x_wconf 89' lang='lat' dir='ltr'><strong>etsi</strong></span> <span class='ocrx_word' id='word_1_582' title='bbox 3602 3687 3794 3740; x_wconf 82' lang='lat' dir='ltr'><strong>vacuis</strong></span> 
     </span>
    </p>
   </div>
   <div class='ocr_carea' id='block_1_84' title="bbox 2225 3771 3791 3848">
    <p class='ocr_par' dir='ltr' id='par_1_84' title="bbox 2225 3771 3791 3848">
     <span class='ocr_line' id='line_1_85' title="bbox 2225 3771 3791 3848; baseline -0.003 -20"><span class='ocrx_word' id='word_1_583' title='bbox 2225 3778 2413 3847; x_wconf 89' lang='lat' dir='ltr'><strong>quibus</strong></span> <span class='ocrx_word' id='word_1_584' title='bbox 2425 3779 2628 3831; x_wconf 90' lang='lat' dir='ltr'><strong>actibus</strong></span> <span class='ocrx_word' id='word_1_585' title='bbox 2645 3777 2866 3830; x_wconf 88' lang='lat' dir='ltr'><strong>inaniter</strong></span> <span class='ocrx_word' id='word_1_586' title='bbox 2882 3776 3222 3837; x_wconf 88' lang='lat' dir='ltr'><strong>defecissent;</strong></span> <span class='ocrx_word' id='word_1_587' title='bbox 3239 3789 3332 3831; x_wconf 87' lang='lat' dir='ltr'><strong>cur</strong></span> <span class='ocrx_word' id='word_1_588' title='bbox 3349 3771 3618 3846; x_wconf 66' lang='lat' dir='ltr'><strong>ergo,[F.,</strong></span> <span class='ocrx_word' id='word_1_589' title='bbox 3641 3772 3791 3848; x_wconf 78' lang='lat' dir='ltr'><strong>ego],</strong></span> 
     </span>
    </p>
   </div>
   <div class='ocr_carea' id='block_1_85' title="bbox 2224 3945 3791 4008">
    <p class='ocr_par' dir='ltr' id='par_1_85' title="bbox 2224 3945 3791 4008">
     <span class='ocr_line' id='line_1_86' title="bbox 2224 3945 3791 4008; baseline -0.006 -1"><span class='ocrx_word' id='word_1_590' title='bbox 2224 3955 2479 4008; x_wconf 86' lang='lat' dir='ltr'><strong>secretius</strong></span> <span class='ocrx_word' id='word_1_591' title='bbox 2519 3951 2617 4004; x_wconf 76' lang='lat' dir='ltr'><strong>sibi</strong></span> <span class='ocrx_word' id='word_1_592' title='bbox 2657 3964 2899 4007; x_wconf 83' lang='lat' dir='ltr'><strong>accersm</strong></span> <span class='ocrx_word' id='word_1_593' title='bbox 2949 3950 3234 4004; x_wconf 86' lang='lat' dir='ltr'><strong>mandavit.</strong></span> <span class='ocrx_word' id='word_1_594' title='bbox 3290 3949 3349 4003; x_wconf 84' lang='lat' dir='ltr'><strong>Ei</strong></span> <span class='ocrx_word' id='word_1_595' title='bbox 3411 3958 3588 4002; x_wconf 89' lang='lat' dir='ltr'><strong>autem</strong></span> <span class='ocrx_word' id='word_1_596' title='bbox 3644 3945 3791 3998; x_wconf 87' lang='lat' dir='ltr'><strong>idem</strong></span> 
     </span>
    </p>
   </div>
   <div class='ocr_carea' id='block_1_86' title="bbox 2225 4012 3788 4093">
    <p class='ocr_par' dir='ltr' id='par_1_86' title="bbox 2225 4012 3788 4093">
     <span class='ocr_line' id='line_1_87' title="bbox 2225 4012 3788 4093; baseline -0.007 -17"><span class='ocrx_word' id='word_1_597' title='bbox 2225 4023 2473 4076; x_wconf 89' lang='lat' dir='ltr'><strong>sacerdos</strong></span> <span class='ocrx_word' id='word_1_598' title='bbox 2498 4021 2764 4093; x_wconf 78' lang='lat' dir='ltr'><strong>credulus,</strong></span> <span class='ocrx_word' id='word_1_599' title='bbox 2795 4029 2849 4074; x_wconf 91' lang='lat' dir='ltr'><strong>et</strong></span> <span class='ocrx_word' id='word_1_600' title='bbox 2867 4019 3238 4093; x_wconf 77' lang='lat' dir='ltr'><strong>dilectissimus</strong></span> <span class='ocrx_word' id='word_1_601' title='bbox 3269 4018 3583 4092; x_wconf 74' lang='lat' dir='ltr'><strong>habebatur.</strong></span> <span class='ocrx_word' id='word_1_602' title='bbox 3619 4012 3788 4093; x_wconf 39' lang='lat' dir='ltr'><strong>Cum-</strong></span> 
     </span>
    </p>
   </div>
   <div class='ocr_carea' id='block_1_87' title="bbox 2225 4086 3788 4157">
    <p class='ocr_par' dir='ltr' id='par_1_87' title="bbox 2225 4086 3788 4157">
     <span class='ocr_line' id='line_1_88' title="bbox 2225 4086 3788 4157; baseline -0.006 -15"><span class='ocrx_word' id='word_1_603' title='bbox 2225 4107 2329 4157; x_wconf 90' lang='lat' dir='ltr'><strong>que</strong></span> <span class='ocrx_word' id='word_1_604' title='bbox 2371 4091 2769 4144; x_wconf 89' lang='lat' dir='ltr'><strong>imminentibus</strong></span> <span class='ocrx_word' id='word_1_605' title='bbox 2799 4088 2970 4157; x_wconf 83' lang='lat' dir='ltr'><strong>noctis</strong></span> <span class='ocrx_word' id='word_1_606' title='bbox 3020 4086 3253 4157; x_wconf 84' lang='lat' dir='ltr'><strong>tenebris</strong></span> <span class='ocrx_word' id='word_1_607' title='bbox 3301 4099 3423 4157; x_wconf 84' lang='lat' dir='ltr'><strong>eum</strong></span> <span class='ocrx_word' id='word_1_608' title='bbox 3452 4086 3630 4157; x_wconf 73' lang='lat' dir='ltr'><strong>exire,</strong></span> <span class='ocrx_word' id='word_1_609' title='bbox 3663 4093 3722 4135; x_wconf 90' lang='lat' dir='ltr'><strong>et</strong></span> <span class='ocrx_word' id='word_1_610' title='bbox 3747 4086 3788 4133; x_wconf 90' lang='lat' dir='ltr'><strong>si</strong></span> 
     </span>
    </p>
   </div>
   <div class='ocr_carea' id='block_1_88' title="bbox 2224 4153 3791 4225">
    <p class='ocr_par' dir='ltr' id='par_1_88' title="bbox 2224 4153 3791 4225">
     <span class='ocr_line' id='line_1_89' title="bbox 2224 4153 3791 4225; baseline -0.004 -17"><span class='ocrx_word' id='word_1_611' title='bbox 2224 4153 2346 4225; x_wconf 84' lang='lat' dir='ltr'><strong>quid</strong></span> <span class='ocrx_word' id='word_1_612' title='bbox 2371 4158 2497 4209; x_wconf 83' lang='lat' dir='ltr'><strong>furis</strong></span> <span class='ocrx_word' id='word_1_613' title='bbox 2519 4158 2741 4225; x_wconf 82' lang='lat' dir='ltr'><strong>audiret,</strong></span> <span class='ocrx_word' id='word_1_614' title='bbox 2768 4155 2865 4206; x_wconf 90' lang='lat' dir='ltr'><strong>sibi</strong></span> <span class='ocrx_word' id='word_1_615' title='bbox 2889 4153 3174 4225; x_wconf 72' lang='lat' dir='ltr'><strong>renuntiari</strong></span> <span class='ocrx_word' id='word_1_616' title='bbox 3200 4153 3612 4225; x_wconf 84' lang='lat' dir='ltr'><strong>j_ussisset.__ipse</strong></span> <span class='ocrx_word' id='word_1_617' title='bbox 3633 4165 3791 4202; x_wconf 83' lang='lat' dir='ltr'><strong>voces</strong></span> 
     </span>
    </p>
   </div>
   <div class='ocr_carea' id='block_1_89' title="bbox 2228 4219 3790 4289">
    <p class='ocr_par' dir='ltr' id='par_1_89' title="bbox 2228 4219 3790 4289">
     <span class='ocr_line' id='line_1_90' title="bbox 2228 4219 3790 4289; baseline -0.004 -12"><span class='ocrx_word' id='word_1_618' title='bbox 2228 4219 2590 4278; x_wconf 69' lang='lat' dir='ltr'><strong>tumultuantis</strong></span> <span class='ocrx_word' id='word_1_619' title='bbox 2619 4224 2789 4274; x_wconf 86' lang='lat' dir='ltr'><strong>adhuc</strong></span> <span class='ocrx_word' id='word_1_620' title='bbox 2818 4221 2996 4289; x_wconf 89' lang='lat' dir='ltr'><strong>populi</strong></span> <span class='ocrx_word' id='word_1_621' title='bbox 3030 4220 3257 4274; x_wconf 85' lang='lat' dir='ltr'><strong>civitatis</strong></span> <span class='ocrx_word' id='word_1_622' title='bbox 3282 4235 3341 4273; x_wconf 91' lang='lat' dir='ltr'><strong>se</strong></span> <span class='ocrx_word' id='word_1_623' title='bbox 3373 4219 3589 4289; x_wconf 84' lang='lat' dir='ltr'><strong>audisse</strong></span> <span class='ocrx_word' id='word_1_624' title='bbox 3611 4233 3790 4289; x_wconf 57' lang='lat' dir='ltr'><strong>rever-</strong></span> 
     </span>
    </p>
   </div>
   <div class='ocr_carea' id='block_1_90' title="bbox 2228 4287 3792 4358">
    <p class='ocr_par' dir='ltr' id='par_1_90' title="bbox 2228 4287 3792 4358">
     <span class='ocr_line' id='line_1_91' title="bbox 2228 4287 3792 4358; baseline -0.003 -12"><span class='ocrx_word' id='word_1_625' title='bbox 2228 4304 2341 4346; x_wconf 87' lang='lat' dir='ltr'><strong>tens</strong></span> <span class='ocrx_word' id='word_1_626' title='bbox 2368 4291 2630 4358; x_wconf 81' lang='lat' dir='ltr'><strong>exposuit.</strong></span> <span class='ocrx_word' id='word_1_627' title='bbox 2683 4287 3007 4344; x_wconf 85' lang='lat' dir='ltr'><strong>Persistebat</strong></span> <span class='ocrx_word' id='word_1_628' title='bbox 3047 4290 3222 4357; x_wconf 89' lang='lat' dir='ltr'><strong>itaque</strong></span> <span class='ocrx_word' id='word_1_629' title='bbox 3263 4289 3487 4357; x_wconf 82' lang='lat' dir='ltr'><strong>vigilans</strong></span> <span class='ocrx_word' id='word_1_630' title='bbox 3513 4329 3526 4350; x_wconf 95' lang='lat'><strong>,</strong></span> <span class='ocrx_word' id='word_1_631' title='bbox 3555 4287 3792 4355; x_wconf 79' lang='lat' dir='ltr'><strong>iustique</strong></span> 
     </span>
    </p>
   </div>
   <div class='ocr_carea' id='block_1_91' title="bbox 2228 4358 3790 4426">
    <p class='ocr_par' dir='ltr' id='par_1_91' title="bbox 2228 4358 3790 4426">
     <span class='ocr_line' id='line_1_92' title="bbox 2228 4358 3790 4426; baseline -0.003 -12"><span class='ocrx_word' id='word_1_632' title='bbox 2228 4365 2384 4415; x_wconf 87' lang='lat' dir='ltr'><strong>tinem</strong></span> <span class='ocrx_word' id='word_1_633' title='bbox 2415 4371 2752 4426; x_wconf 77' lang='lat' dir='ltr'><strong>exspectans,</strong></span> <span class='ocrx_word' id='word_1_634' title='bbox 2785 4358 3017 4412; x_wconf 84' lang='lat' dir='ltr'><strong>animum</strong></span> <span class='ocrx_word' id='word_1_635' title='bbox 3047 4359 3348 4413; x_wconf 86' lang='lat' dir='ltr'><strong>novissimis</strong></span> <span class='ocrx_word' id='word_1_636' title='bbox 3370 4359 3486 4425; x_wconf 85' lang='lat' dir='ltr'><strong>ejus</strong></span> <span class='ocrx_word' id='word_1_637' title='bbox 3508 4368 3562 4412; x_wconf 89' lang='lat' dir='ltr'><strong>et</strong></span> <span class='ocrx_word' id='word_1_638' title='bbox 3581 4358 3790 4414; x_wconf 78' lang='lat' dir='ltr'><strong>charis-</strong></span> 
     </span>
    </p>
   </div>
   <div class='ocr_carea' id='block_1_92' title="bbox 561 4423 3787 4498">
    <p class='ocr_par' dir='ltr' id='par_1_92' title="bbox 561 4423 3787 4498">
     <span class='ocr_line' id='line_1_93' title="bbox 561 4423 3787 4498; baseline 0.001 -24"><span class='ocrx_word' id='word_1_639' title='bbox 561 4423 767 4498; x_wconf 70' lang='lat' dir='ltr'><strong>singulo</strong></span> <span class='ocrx_word' id='word_1_640' title='bbox 804 4425 1098 4498; x_wconf 70' lang='lat' dir='ltr'><strong>cpt/turnum</strong></span> <span class='ocrx_word' id='word_1_641' title='bbox 1138 4439 1361 4498; x_wconf 70' lang='lat' dir='ltr'><strong>sermone</strong></span> <span class='ocrx_word' id='word_1_642' title='bbox 1403 4427 1684 4498; x_wconf 67' lang='lat' dir='ltr'><strong>reseruauit.</strong></span> <span class='ocrx_word' id='word_1_643' title='bbox 1716 4423 1868 4498; x_wconf 62' lang='lat' dir='ltr'><strong>[leg&#39;.,</strong></span> <span class='ocrx_word' id='word_1_644' title='bbox 1925 4423 2121 4482; x_wconf 76' lang='lat' dir='ltr'><strong>resera-</strong></span> <span class='ocrx_word' id='word_1_645' title='bbox 2154 4432 2374 4490; x_wconf 89' lang='lat' dir='ltr'><strong>Dsimis</strong></span> <span class='ocrx_word' id='word_1_646' title='bbox 2425 4423 2879 4484; x_wconf 82' lang='lat' dir='ltr'><strong>exhortationibus</strong></span> <span class='ocrx_word' id='word_1_647' title='bbox 2931 4428 3191 4483; x_wconf 86' lang='lat' dir='ltr'><strong>reficiens.</strong></span> <span class='ocrx_word' id='word_1_648' title='bbox 3250 4423 3474 4494; x_wconf 85' lang='lat' dir='ltr'><strong>Deinde,</strong></span> <span class='ocrx_word' id='word_1_649' title='bbox 3529 4435 3787 4498; x_wconf 77' lang='lat' dir='ltr'><strong>tempesta</strong></span> 
     </span>
    </p>
   </div>
   <div class='ocr_carea' id='block_1_93' title="bbox 565 4491 2119 4566">
    <p class='ocr_par' dir='ltr' id='par_1_93' title="bbox 565 4491 2119 4566">
     <span class='ocr_line' id='line_1_94' title="bbox 565 4491 2119 4566; baseline 0.006 -22"><span class='ocrx_word' id='word_1_650' title='bbox 565 4491 684 4566; x_wconf 62' lang='lat' dir='ltr'><strong>uit],</strong></span> <span class='ocrx_word' id='word_1_651' title='bbox 735 4492 784 4546; x_wconf 83' lang='lat' dir='ltr'><strong>in</strong></span> <span class='ocrx_word' id='word_1_652' title='bbox 816 4493 1115 4562; x_wconf 77' lang='lat' dir='ltr'><strong>hymnorum</strong></span> <span class='ocrx_word' id='word_1_653' title='bbox 1153 4495 1302 4566; x_wconf 80' lang='lat' dir='ltr'><strong>etiam</strong></span> <span class='ocrx_word' id='word_1_654' title='bbox 1333 4495 1481 4566; x_wconf 78' lang='lat' dir='ltr'><strong>fuerit</strong></span> <span class='ocrx_word' id='word_1_655' title='bbox 1509 4491 1936 4566; x_wconf 55' lang='lat' dir='ltr'><strong>dissertiorte&#39;lubi</strong></span> <span class='ocrx_word' id='word_1_656' title='bbox 1969 4512 2119 4552; x_wconf 74' lang='lat' dir='ltr'><strong>men-</strong></span> 
     </span>
    </p>
   </div>
   <div class='ocr_carea' id='block_1_94' title="bbox 567 4561 2010 4632">
    <p class='ocr_par' dir='ltr' id='par_1_94' title="bbox 567 4561 2010 4632">
     <span class='ocr_line' id='line_1_95' title="bbox 567 4561 2010 4632; baseline 0.005 -18"><span class='ocrx_word' id='word_1_657' title='bbox 567 4561 967 4632; x_wconf 18' lang='lat' dir='ltr'><strong>doseiexcusum</strong></span> <span class='ocrx_word' id='word_1_658' title='bbox 996 4575 1125 4628; x_wconf 89' lang='lat' dir='ltr'><strong>erat,</strong></span> <span class='ocrx_word' id='word_1_659' title='bbox 1154 4566 1205 4615; x_wconf 82' lang='lat' dir='ltr'><strong>in</strong></span> <span class='ocrx_word' id='word_1_660' title='bbox 1242 4561 1561 4631; x_wconf 63' lang='lat' dir='ltr'><strong>distretione‘,</strong></span> <span class='ocrx_word' id='word_1_661' title='bbox 1589 4561 2010 4632; x_wconf 49' lang='lat' dir='ltr'><strong>paratusfltotu.</strong></span> 
     </span>
    </p>
   </div>
   <div class='ocr_carea' id='block_1_95' title="bbox 637 4629 2121 4703">
    <p class='ocr_par' dir='ltr' id='par_1_95' title="bbox 637 4629 2121 4703">
     <span class='ocr_line' id='line_1_96' title="bbox 637 4629 2121 4703; baseline 0.005 -20"><span class='ocrx_word' id='word_1_662' title='bbox 637 4629 662 4667; x_wconf 70' lang='grc' dir='ltr'><strong><em>ἀ</em></strong></span> <span class='ocrx_word' id='word_1_663' title='bbox 697 4631 751 4685; x_wconf 89' lang='lat' dir='ltr'><strong>in</strong></span> <span class='ocrx_word' id='word_1_664' title='bbox 777 4638 1066 4701; x_wconf 86' lang='lat' dir='ltr'><strong>exemplari</strong></span> <span class='ocrx_word' id='word_1_665' title='bbox 1095 4635 1496 4703; x_wconf 65' lang='lat' dir='ltr'><strong>Compendiensi</strong></span> <span class='ocrx_word' id='word_1_666' title='bbox 1525 4629 1607 4688; x_wconf 82' lang='lat' dir='ltr'><strong>hic</strong></span> <span class='ocrx_word' id='word_1_667' title='bbox 1633 4637 1909 4703; x_wconf 80' lang='lat' dir='ltr'><strong>subjicitur</strong></span> <span class='ocrx_word' id='word_1_668' title='bbox 1940 4655 1950 4689; x_wconf 91' lang='lat'><strong>:</strong></span> <span class='ocrx_word' id='word_1_669' title='bbox 1987 4637 2121 4691; x_wconf 85' lang='lat' dir='ltr'><strong>Obiit</strong></span> 
     </span>
    </p>
   </div>
   <div class='ocr_carea' id='block_1_96' title="bbox 563 4701 2122 4772">
    <p class='ocr_par' dir='ltr' id='par_1_96' title="bbox 563 4701 2122 4772">
     <span class='ocr_line' id='line_1_97' title="bbox 563 4701 2122 4772; baseline 0.004 -20"><span class='ocrx_word' id='word_1_670' title='bbox 563 4705 992 4772; x_wconf 77' lang='lat' dir='ltr'><strong>autemprwfatus</strong></span> <span class='ocrx_word' id='word_1_671' title='bbox 1017 4706 1245 4772; x_wconf 47' lang='lat' dir='ltr'><strong>pontifex</strong></span> <span class='ocrx_word' id='word_1_672' title='bbox 1273 4701 1502 4753; x_wconf 77' lang='lat' dir='ltr'><strong>Hilarius</strong></span> <span class='ocrx_word' id='word_1_673' title='bbox 1527 4703 1609 4753; x_wconf 80' lang='lat' dir='ltr'><strong>die</strong></span> <span class='ocrx_word' id='word_1_674' title='bbox 1632 4701 1819 4757; x_wconf 77' lang='lat' dir='ltr'><strong>Iduum</strong></span> <span class='ocrx_word' id='word_1_675' title='bbox 1839 4704 2122 4763; x_wconf 73' lang='lat' dir='ltr'><strong>Ianuaria-</strong></span> 
     </span>
    </p>
   </div>
   <div class='ocr_carea' id='block_1_97' title="bbox 568 4771 2120 4842">
    <p class='ocr_par' dir='ltr' id='par_1_97' title="bbox 568 4771 2120 4842">
     <span class='ocr_line' id='line_1_98' title="bbox 568 4771 2120 4842; baseline 0.004 -20"><span class='ocrx_word' id='word_1_676' title='bbox 568 4788 700 4834; x_wconf 68' lang='lat' dir='ltr'><strong>rum,</strong></span> <span class='ocrx_word' id='word_1_677' title='bbox 727 4771 972 4838; x_wconf 73' lang='lat' dir='ltr'><strong>Reliquiae</strong></span> <span class='ocrx_word' id='word_1_678' title='bbox 1001 4771 1109 4842; x_wconf 74' lang='lat' dir='ltr'><strong>ejus</strong></span> <span class='ocrx_word' id='word_1_679' title='bbox 1144 4771 1360 4842; x_wconf 68' lang='lat' dir='ltr'><strong>Piclrwis</strong></span> <span class='ocrx_word' id='word_1_680' title='bbox 1389 4779 1503 4821; x_wconf 84' lang='lat' dir='ltr'><strong>sunt</strong></span> <span class='ocrx_word' id='word_1_681' title='bbox 1527 4773 1782 4834; x_wconf 68' lang='lat' dir='ltr'><strong>conditae;</strong></span> <span class='ocrx_word' id='word_1_682' title='bbox 1811 4777 1861 4826; x_wconf 86' lang='lat' dir='ltr'><strong>in</strong></span> <span class='ocrx_word' id='word_1_683' title='bbox 1891 4793 1987 4839; x_wconf 86' lang='lat' dir='ltr'><strong>quo</strong></span> <span class='ocrx_word' id='word_1_684' title='bbox 2013 4779 2120 4828; x_wconf 82' lang='lat' dir='ltr'><strong>loco</strong></span> 
     </span>
    </p>
   </div>
   <div class='ocr_carea' id='block_1_98' title="bbox 566 4841 2120 4914">
    <p class='ocr_par' dir='ltr' id='par_1_98' title="bbox 566 4841 2120 4914">
     <span class='ocr_line' id='line_1_99' title="bbox 566 4841 2120 4914; baseline 0.004 -23"><span class='ocrx_word' id='word_1_685' title='bbox 566 4842 807 4914; x_wconf 68' lang='lat' dir='ltr'><strong>[lactentis</strong></span> <span class='ocrx_word' id='word_1_686' title='bbox 835 4841 1031 4914; x_wconf 72' lang='lat' dir='ltr'><strong>divino</strong></span> <span class='ocrx_word' id='word_1_687' title='bbox 1055 4841 1292 4909; x_wconf 76' lang='lat' dir='ltr'><strong>beneﬁcia</strong></span> <span class='ocrx_word' id='word_1_688' title='bbox 1341 4849 1654 4907; x_wconf 74' lang='lat' dir='ltr'><strong>operantur,.</strong></span> <span class='ocrx_word' id='word_1_689' title='bbox 1680 4844 1786 4912; x_wconf 75' lang='lat' dir='ltr'><strong>ipso</strong></span> <span class='ocrx_word' id='word_1_690' title='bbox 1834 4855 2120 4914; x_wconf 66' lang='lat' dir='ltr'><strong>prastante,</strong></span> 
     </span>
    </p>
   </div>
   <div class='ocr_carea' id='block_1_99' title="bbox 562 4910 1128 4976">
    <p class='ocr_par' dir='ltr' id='par_1_99' title="bbox 562 4910 1128 4976">
     <span class='ocr_line' id='line_1_100' title="bbox 562 4910 1128 4976; baseline 0 -14"><span class='ocrx_word' id='word_1_691' title='bbox 562 4912 647 4976; x_wconf 83' lang='lat' dir='ltr'><strong>qui</strong></span> <span class='ocrx_word' id='word_1_692' title='bbox 670 4911 804 4974; x_wconf 70' lang='lat' dir='ltr'><strong>t&#39;ivit,</strong></span> <span class='ocrx_word' id='word_1_693' title='bbox 827 4919 930 4965; x_wconf 85' lang='lat' dir='ltr'><strong>etc.</strong></span> <span class='ocrx_word' id='word_1_694' title='bbox 955 4910 1128 4964; x_wconf 71' lang='lat' dir='ltr'><strong>ltntttt.</strong></span> 
     </span>
    </p>
   </div>
   <div class='ocr_carea' id='block_1_100' title="bbox 639 4978 1700 5046">
    <p class='ocr_par' dir='ltr' id='par_1_100' title="bbox 639 4978 1700 5046">
     <span class='ocr_line' id='line_1_101' title="bbox 639 4978 1700 5046; baseline 0 -15"><span class='ocrx_word' id='word_1_695' title='bbox 639 4989 661 5014; x_wconf 70' lang='grc' dir='ltr'><strong>ε</strong></span> <span class='ocrx_word' id='word_1_696' title='bbox 703 4979 853 5046; x_wconf 80' lang='lat' dir='ltr'><strong>Apud</strong></span> <span class='ocrx_word' id='word_1_697' title='bbox 883 4980 1188 5043; x_wconf 80' lang='lat' dir='ltr'><strong>Gillmitun,</strong></span> <span class='ocrx_word' id='word_1_698' title='bbox 1219 4978 1413 5030; x_wconf 74' lang='lat' dir='ltr'><strong>auxilia</strong></span> <span class='ocrx_word' id='word_1_699' title='bbox 1444 4989 1700 5031; x_wconf 88' lang='lat' dir='ltr'><strong>memoret.</strong></span> 
     </span>
    </p>
   </div>
   <div class='ocr_carea' id='block_1_101' title="bbox 642 5047 2125 5108">
    <p class='ocr_par' dir='ltr' id='par_1_101' title="bbox 642 5047 2125 5108">
     <span class='ocr_line' id='line_1_102' title="bbox 642 5047 2125 5108; baseline 0.004 -10"><span class='ocrx_word' id='word_1_700' title='bbox 642 5047 661 5084; x_wconf 72' lang='grc' dir='ltr'><em>τ</em></span> <span class='ocrx_word' id='word_1_701' title='bbox 718 5051 770 5098; x_wconf 89' lang='lat' dir='ltr'><strong>In</strong></span> <span class='ocrx_word' id='word_1_702' title='bbox 798 5049 919 5102; x_wconf 81' lang='lat' dir='ltr'><strong>Mss.</strong></span> <span class='ocrx_word' id='word_1_703' title='bbox 943 5051 1222 5108; x_wconf 87' lang='lat' dir='ltr'><strong>Otlnb0tt.,</strong></span> <span class='ocrx_word' id='word_1_704' title='bbox 1264 5047 1538 5106; x_wconf 70' lang='lat' dir='ltr'><strong>Genuam.</strong></span> <span class='ocrx_word' id='word_1_705' title='bbox 1567 5047 1741 5108; x_wconf 79' lang='lat' dir='ltr'><strong>Coib.,</strong></span> <span class='ocrx_word' id='word_1_706' title='bbox 1769 5065 1829 5105; x_wconf 90' lang='lat' dir='ltr'><strong>ac</strong></span> <span class='ocrx_word' id='word_1_707' title='bbox 1859 5052 2125 5104; x_wconf 88' lang='lat' dir='ltr'><strong>nonnullis</strong></span> 
     </span>
    </p>
   </div>
   <div class='ocr_carea' id='block_1_102' title="bbox 569 5115 2124 5189">
    <p class='ocr_par' dir='ltr' id='par_1_102' title="bbox 569 5115 2124 5189">
     <span class='ocr_line' id='line_1_103' title="bbox 569 5115 2124 5189; baseline 0.004 -21"><span class='ocrx_word' id='word_1_708' title='bbox 569 5115 707 5189; x_wconf 84' lang='lat' dir='ltr'><strong>aliis,</strong></span> <span class='ocrx_word' id='word_1_709' title='bbox 736 5117 974 5172; x_wconf 73' lang='lat' dir='ltr'><strong>diffusior</strong></span> <span class='ocrx_word' id='word_1_710' title='bbox 1004 5128 1085 5173; x_wconf 91' lang='lat' dir='ltr'><strong>est</strong></span> <span class='ocrx_word' id='word_1_711' title='bbox 1114 5119 1199 5170; x_wconf 90' lang='lat' dir='ltr'><strong>hic</strong></span> <span class='ocrx_word' id='word_1_712' title='bbox 1225 5117 1357 5189; x_wconf 88' lang='lat' dir='ltr'><strong>liber</strong></span> <span class='ocrx_word' id='word_1_713' title='bbox 1380 5116 1430 5168; x_wconf 92' lang='lat' dir='ltr'><strong>in</strong></span> <span class='ocrx_word' id='word_1_714' title='bbox 1463 5115 1602 5168; x_wconf 85' lang='lat' dir='ltr'><strong>hunc</strong></span> <span class='ocrx_word' id='word_1_715' title='bbox 1630 5119 1872 5189; x_wconf 89' lang='lat' dir='ltr'><strong>modum:</strong></span> <span class='ocrx_word' id='word_1_716' title='bbox 1899 5121 1971 5173; x_wconf 81' lang='lat' dir='ltr'><strong>Ne</strong></span> <span class='ocrx_word' id='word_1_717' title='bbox 1999 5135 2124 5189; x_wconf 84' lang='lat' dir='ltr'><strong>ergo</strong></span> 
     </span>
    </p>
   </div>
   <div class='ocr_carea' id='block_1_103' title="bbox 569 5188 2125 5258">
    <p class='ocr_par' dir='ltr' id='par_1_103' title="bbox 569 5188 2125 5258">
     <span class='ocr_line' id='line_1_104' title="bbox 569 5188 2125 5258; baseline 0.004 -20"><span class='ocrx_word' id='word_1_718' title='bbox 569 5188 755 5258; x_wconf 80' lang='lat' dir='ltr'><strong>pagina</strong></span> <span class='ocrx_word' id='word_1_719' title='bbox 799 5190 1064 5258; x_wconf 10' lang='lat' dir='ltr'><strong>cumrstyli</strong></span> <span class='ocrx_word' id='word_1_720' title='bbox 1097 5188 1385 5241; x_wconf 87' lang='lat' dir='ltr'><strong>rusticitate</strong></span> <span class='ocrx_word' id='word_1_721' title='bbox 1425 5199 1523 5258; x_wconf 75' lang='lat' dir='ltr'><strong>nec</strong></span> <span class='ocrx_word' id='word_1_722' title='bbox 1555 5199 1660 5238; x_wconf 89' lang='lat' dir='ltr'><strong>non</strong></span> <span class='ocrx_word' id='word_1_723' title='bbox 1690 5196 1744 5240; x_wconf 92' lang='lat' dir='ltr'><strong>et</strong></span> <span class='ocrx_word' id='word_1_724' title='bbox 1771 5188 2013 5258; x_wconf 90' lang='lat' dir='ltr'><strong>loquendi</strong></span> <span class='ocrx_word' id='word_1_725' title='bbox 2046 5188 2125 5243; x_wconf 81' lang='lat' dir='ltr'><strong>ui-</strong></span> 
     </span>
    </p>
   </div>
   <div class='ocr_carea' id='block_1_104' title="bbox 571 5255 2120 5327">
    <p class='ocr_par' dir='ltr' id='par_1_104' title="bbox 571 5255 2120 5327">
     <span class='ocr_line' id='line_1_105' title="bbox 571 5255 2120 5327; baseline 0.002 -18"><span class='ocrx_word' id='word_1_726' title='bbox 571 5256 787 5309; x_wconf 85' lang='lat' dir='ltr'><strong>tnietatc</strong></span> <span class='ocrx_word' id='word_1_727' title='bbox 819 5255 1070 5322; x_wconf 40' lang='lat' dir='ltr'><strong>prolixi—us</strong></span> <span class='ocrx_word' id='word_1_728' title='bbox 1116 5267 1332 5310; x_wconf 89' lang='lat' dir='ltr'><strong>extensa</strong></span> <span class='ocrx_word' id='word_1_729' title='bbox 1398 5255 1633 5316; x_wconf 84' lang='lat' dir='ltr'><strong>vilescat,</strong></span> <span class='ocrx_word' id='word_1_730' title='bbox 1693 5255 1955 5327; x_wconf 79' lang='lat' dir='ltr'><strong>scribendi</strong></span> <span class='ocrx_word' id='word_1_731' title='bbox 2013 5259 2120 5327; x_wconf 84' lang='lat' dir='ltr'><strong>jam</strong></span> 
     </span>
    </p>
   </div>
   <div class='ocr_carea' id='block_1_105' title="bbox 565 5324 2121 5395">
    <p class='ocr_par' dir='ltr' id='par_1_105' title="bbox 565 5324 2121 5395">
     <span class='ocr_line' id='line_1_106' title="bbox 565 5324 2121 5395; baseline 0.003 -19"><span class='ocrx_word' id='word_1_732' title='bbox 565 5327 822 5379; x_wconf 82' lang='lat' dir='ltr'><strong>debemus</strong></span> <span class='ocrx_word' id='word_1_733' title='bbox 851 5335 1160 5379; x_wconf 80' lang='lat' dir='ltr'><strong>construere</strong></span> <span class='ocrx_word' id='word_1_734' title='bbox 1189 5335 1388 5388; x_wconf 80' lang='lat' dir='ltr'><strong>metas;</strong></span> <span class='ocrx_word' id='word_1_735' title='bbox 1420 5335 1500 5395; x_wconf 86' lang='lat' dir='ltr'><strong>est</strong></span> <span class='ocrx_word' id='word_1_736' title='bbox 1524 5334 1693 5377; x_wconf 88' lang='lat' dir='ltr'><strong>tamen</strong></span> <span class='ocrx_word' id='word_1_737' title='bbox 1716 5324 2121 5395; x_wconf 83' lang='lat' dir='ltr'><strong>dignum,juve-</strong></span> 
     </span>
    </p>
   </div>
   <div class='ocr_carea' id='block_1_106' title="bbox 567 5394 2123 5464">
    <p class='ocr_par' dir='ltr' id='par_1_106' title="bbox 567 5394 2123 5464">
     <span class='ocr_line' id='line_1_107' title="bbox 567 5394 2123 5464; baseline 0.003 -19"><span class='ocrx_word' id='word_1_738' title='bbox 567 5398 741 5462; x_wconf 83' lang='lat' dir='ltr'><strong>ritque</strong></span> <span class='ocrx_word' id='word_1_739' title='bbox 795 5395 891 5447; x_wconf 90' lang='lat' dir='ltr'><strong>hoc</strong></span> <span class='ocrx_word' id='word_1_740' title='bbox 941 5410 1099 5446; x_wconf 90' lang='lat' dir='ltr'><strong>unum</strong></span> <span class='ocrx_word' id='word_1_741' title='bbox 1160 5404 1357 5464; x_wconf 87' lang='lat' dir='ltr'><strong>tantum</strong></span> <span class='ocrx_word' id='word_1_742' title='bbox 1417 5394 1933 5464; x_wconf 39' lang='lat' dir='ltr'><strong>referreLquomodo</strong></span> <span class='ocrx_word' id='word_1_743' title='bbox 1965 5394 2123 5464; x_wconf 87' lang='lat' dir='ltr'><strong>hujus</strong></span> 
     </span>
    </p>
   </div>
   <div class='ocr_carea' id='block_1_107' title="bbox 500 5462 2124 5534">
    <p class='ocr_par' dir='ltr' id='par_1_107' title="bbox 500 5462 2124 5534">
     <span class='ocr_line' id='line_1_108' title="bbox 500 5462 2124 5534; baseline 0.002 -19"><span class='ocrx_word' id='word_1_744' title='bbox 500 5466 503 5469; x_wconf 83' lang='grc'><em>’</em></span> <span class='ocrx_word' id='word_1_745' title='bbox 564 5465 732 5517; x_wconf 87' lang='lat' dir='ltr'><strong>sancti</strong></span> <span class='ocrx_word' id='word_1_746' title='bbox 784 5464 881 5534; x_wconf 84' lang='lat' dir='ltr'><strong>viri</strong></span> <span class='ocrx_word' id='word_1_747' title='bbox 932 5465 1104 5516; x_wconf 86' lang='lat' dir='ltr'><strong>anima</strong></span> <span class='ocrx_word' id='word_1_748' title='bbox 1155 5463 1316 5517; x_wconf 88' lang='lat' dir='ltr'><strong>divini</strong></span> <span class='ocrx_word' id='word_1_749' title='bbox 1374 5464 1585 5534; x_wconf 70' lang='lat' dir='ltr'><strong>luminis</strong></span> <span class='ocrx_word' id='word_1_750' title='bbox 1644 5462 1845 5529; x_wconf 80' lang='lat' dir='ltr'><strong>fulgore</strong></span> <span class='ocrx_word' id='word_1_751' title='bbox 1876 5462 2124 5534; x_wconf 78' lang='lat' dir='ltr'><strong>migravit</strong></span> 
     </span>
    </p>
   </div>
   <div class='ocr_carea' id='block_1_108' title="bbox 562 5533 2124 5602">
    <p class='ocr_par' dir='ltr' id='par_1_108' title="bbox 562 5533 2124 5602">
     <span class='ocr_line' id='line_1_109' title="bbox 562 5533 2124 5602; baseline 0.004 -20"><span class='ocrx_word' id='word_1_752' title='bbox 562 5545 804 5597; x_wconf 83' lang='lat' dir='ltr'><strong>excepta.</strong></span> <span class='ocrx_word' id='word_1_753' title='bbox 839 5533 1063 5586; x_wconf 88' lang='lat' dir='ltr'><strong>Tantum</strong></span> <span class='ocrx_word' id='word_1_754' title='bbox 1097 5548 1319 5602; x_wconf 89' lang='lat' dir='ltr'><strong>namque</strong></span> <span class='ocrx_word' id='word_1_755' title='bbox 1342 5535 1518 5586; x_wconf 90' lang='lat' dir='ltr'><strong>lumen</strong></span> <span class='ocrx_word' id='word_1_756' title='bbox 1553 5533 1800 5585; x_wconf 64' lang='lat' dir='ltr'><strong>Ecclesiae</strong></span> <span class='ocrx_word' id='word_1_757' title='bbox 1832 5533 2124 5588; x_wconf 30' lang='lat' dir='ltr'><strong>dunt’infir-</strong></span> 
     </span>
    </p>
   </div>
   <div class='ocr_carea' id='block_1_109' title="bbox 563 5601 2123 5669">
    <p class='ocr_par' dir='ltr' id='par_1_109' title="bbox 563 5601 2123 5669">
     <span class='ocr_line' id='line_1_110' title="bbox 563 5601 2123 5669; baseline 0.003 -17"><span class='ocrx_word' id='word_1_758' title='bbox 563 5603 756 5652; x_wconf 86' lang='lat' dir='ltr'><strong>mando</strong></span> <span class='ocrx_word' id='word_1_759' title='bbox 780 5603 1050 5655; x_wconf 86' lang='lat' dir='ltr'><strong>obscurari</strong></span> <span class='ocrx_word' id='word_1_760' title='bbox 1078 5601 1348 5669; x_wconf 25' lang='lat' dir='ltr'><strong>cmpis’sct,</strong></span> <span class='ocrx_word' id='word_1_761' title='bbox 1381 5602 1736 5655; x_wconf 88' lang='lat' dir='ltr'><strong>venerabilem</strong></span> <span class='ocrx_word' id='word_1_762' title='bbox 1777 5601 1947 5655; x_wconf 90' lang='lat' dir='ltr'><strong>virum</strong></span> <span class='ocrx_word' id='word_1_763' title='bbox 1993 5606 2123 5658; x_wconf 85' lang='lat' dir='ltr'><strong>Leo-</strong></span> 
     </span>
    </p>
   </div>
   <div class='ocr_carea' id='block_1_110' title="bbox 559 5670 2119 5744">
    <p class='ocr_par' dir='ltr' id='par_1_110' title="bbox 559 5670 2119 5744">
     <span class='ocr_line' id='line_1_111' title="bbox 559 5670 2119 5744; baseline 0.004 -22"><span class='ocrx_word' id='word_1_764' title='bbox 559 5670 729 5736; x_wconf 82' lang='lat' dir='ltr'><strong>niutu,</strong></span> <span class='ocrx_word' id='word_1_765' title='bbox 762 5670 997 5738; x_wconf 80' lang='lat' dir='ltr'><strong>ejusdem</strong></span> <span class='ocrx_word' id='word_1_766' title='bbox 1054 5673 1282 5729; x_wconf 68' lang='lat' dir='ltr'><strong>civitatis</strong></span> <span class='ocrx_word' id='word_1_767' title='bbox 1323 5673 1716 5741; x_wconf 71' lang='lat' dir='ltr'><strong>presbyterum,</strong></span> <span class='ocrx_word' id='word_1_768' title='bbox 1759 5673 1982 5740; x_wconf 79' lang='lat' dir='ltr'><strong>quadam</strong></span> <span class='ocrx_word' id='word_1_769' title='bbox 2012 5675 2119 5744; x_wconf 83' lang='lat' dir='ltr'><strong>die,</strong></span> 
     </span>
    </p>
   </div>
   <div class='ocr_carea' id='block_1_111' title="bbox 2220 4496 3790 4570">
    <p class='ocr_par' dir='ltr' id='par_1_111' title="bbox 2220 4496 3790 4570">
     <span class='ocr_line' id='line_1_112' title="bbox 2220 4496 3790 4570; baseline -0.001 -18"><span class='ocrx_word' id='word_1_770' title='bbox 2220 4502 2325 4570; x_wconf 91' lang='lat' dir='ltr'><strong>jam</strong></span> <span class='ocrx_word' id='word_1_771' title='bbox 2362 4510 2539 4563; x_wconf 89' lang='lat' dir='ltr'><strong>nocte,</strong></span> <span class='ocrx_word' id='word_1_772' title='bbox 2587 4513 2770 4553; x_wconf 89' lang='lat' dir='ltr'><strong>rursus</strong></span> <span class='ocrx_word' id='word_1_773' title='bbox 2800 4515 2828 4552; x_wconf 93' lang='lat' dir='ltr'><strong>a</strong></span> <span class='ocrx_word' id='word_1_774' title='bbox 2857 4507 3042 4552; x_wconf 91' lang='lat' dir='ltr'><strong>sancto</strong></span> <span class='ocrx_word' id='word_1_775' title='bbox 3064 4501 3490 4570; x_wconf 10' lang='lat' dir='ltr'><strong>i,rogatur‘exire</strong></span> <span class='ocrx_word' id='word_1_776' title='bbox 3514 4540 3527 4560; x_wconf 90' lang='lat'><strong>,</strong></span> <span class='ocrx_word' id='word_1_777' title='bbox 3558 4496 3790 4570; x_wconf 81' lang='lat' dir='ltr'><strong>quidque</strong></span> 
     </span>
    </p>
   </div>
   <div class='ocr_carea' id='block_1_112' title="bbox 2224 4567 3787 4637">
    <p class='ocr_par' dir='ltr' id='par_1_112' title="bbox 2224 4567 3787 4637">
     <span class='ocr_line' id='line_1_113' title="bbox 2224 4567 3787 4637; baseline -0.001 -14"><span class='ocrx_word' id='word_1_778' title='bbox 2224 4567 2402 4625; x_wconf 81' lang='lat' dir='ltr'><strong>auditu</strong></span> <span class='ocrx_word' id='word_1_779' title='bbox 2429 4572 2698 4637; x_wconf 79' lang='lat' dir='ltr'><strong>percipere</strong></span> <span class='ocrx_word' id='word_1_780' title='bbox 2721 4579 2918 4636; x_wconf 87' lang='lat' dir='ltr'><strong>posset,</strong></span> <span class='ocrx_word' id='word_1_781' title='bbox 2937 4570 3037 4622; x_wconf 92' lang='lat' dir='ltr'><strong>sibi</strong></span> <span class='ocrx_word' id='word_1_782' title='bbox 3054 4569 3250 4636; x_wconf 78' lang='lat' dir='ltr'><strong>iacenti</strong></span> <span class='ocrx_word' id='word_1_783' title='bbox 3271 4567 3337 4621; x_wconf 87' lang='lat' dir='ltr'><strong>ad</strong></span> <span class='ocrx_word' id='word_1_784' title='bbox 3355 4570 3547 4622; x_wconf 88' lang='lat' dir='ltr'><strong>lectum</strong></span> <span class='ocrx_word' id='word_1_785' title='bbox 3568 4568 3787 4622; x_wconf 83' lang='lat' dir='ltr'><strong>referre.</strong></span> 
     </span>
    </p>
   </div>
   <div class='ocr_carea' id='block_1_113' title="bbox 2225 4638 3789 4708">
    <p class='ocr_par' dir='ltr' id='par_1_113' title="bbox 2225 4638 3789 4708">
     <span class='ocr_line' id='line_1_114' title="bbox 2225 4638 3789 4708; baseline -0.001 -16"><span class='ocrx_word' id='word_1_786' title='bbox 2225 4643 2322 4708; x_wconf 85' lang='lat' dir='ltr'><strong>Qui</strong></span> <span class='ocrx_word' id='word_1_787' title='bbox 2365 4641 2489 4695; x_wconf 85' lang='lat' dir='ltr'><strong>dum</strong></span> <span class='ocrx_word' id='word_1_788' title='bbox 2541 4638 2738 4693; x_wconf 89' lang='lat' dir='ltr'><strong>nullius</strong></span> <span class='ocrx_word' id='word_1_789' title='bbox 2762 4640 2993 4691; x_wconf 86' lang='lat' dir='ltr'><strong>sonitum</strong></span> <span class='ocrx_word' id='word_1_790' title='bbox 3021 4640 3103 4692; x_wconf 91' lang='lat' dir='ltr'><strong>vel</strong></span> <span class='ocrx_word' id='word_1_791' title='bbox 3127 4638 3549 4708; x_wconf 86' lang='lat' dir='ltr'><strong>mussitationem</strong></span> <span class='ocrx_word' id='word_1_792' title='bbox 3577 4652 3637 4708; x_wconf 80' lang='lat' dir='ltr'><strong>se</strong></span> <span class='ocrx_word' id='word_1_793' title='bbox 3661 4650 3789 4708; x_wconf 69' lang='lat' dir='ltr'><strong>sen-</strong></span> 
     </span>
    </p>
   </div>
   <div class='ocr_carea' id='block_1_114' title="bbox 2225 4705 3789 4776">
    <p class='ocr_par' dir='ltr' id='par_1_114' title="bbox 2225 4705 3789 4776">
     <span class='ocr_line' id='line_1_115' title="bbox 2225 4705 3789 4776; baseline -0.005 -12"><span class='ocrx_word' id='word_1_794' title='bbox 2225 4705 2358 4765; x_wconf 79' lang='lat' dir='ltr'><strong>sisse</strong></span> <span class='ocrx_word' id='word_1_795' title='bbox 2414 4711 2699 4772; x_wconf 85' lang='lat' dir='ltr'><strong>renuntiat,</strong></span> <span class='ocrx_word' id='word_1_796' title='bbox 2728 4723 2852 4762; x_wconf 83' lang='lat' dir='ltr'><strong>mox</strong></span> <span class='ocrx_word' id='word_1_797' title='bbox 2878 4709 3130 4776; x_wconf 79' lang='lat' dir='ltr'><strong>Splendo‘r</strong></span> <span class='ocrx_word' id='word_1_798' title='bbox 3157 4707 3543 4775; x_wconf 66' lang='lat' dir='ltr'><strong>inmstimabilis</strong></span> <span class='ocrx_word' id='word_1_799' title='bbox 3571 4705 3789 4761; x_wconf 88' lang='lat' dir='ltr'><strong>clarita-</strong></span> 
     </span>
    </p>
   </div>
   <div class='ocr_carea' id='block_1_115' title="bbox 2228 4776 3786 4846">
    <p class='ocr_par' dir='ltr' id='par_1_115' title="bbox 2228 4776 3786 4846">
     <span class='ocr_line' id='line_1_116' title="bbox 2228 4776 3786 4846; baseline -0.004 -14"><span class='ocrx_word' id='word_1_800' title='bbox 2228 4783 2313 4846; x_wconf 85' lang='lat' dir='ltr'><strong>tis,</strong></span> <span class='ocrx_word' id='word_1_801' title='bbox 2345 4794 2497 4843; x_wconf 85' lang='lat' dir='ltr'><strong>quem</strong></span> <span class='ocrx_word' id='word_1_802' title='bbox 2531 4779 2764 4833; x_wconf 87' lang='lat' dir='ltr'><strong>Leonius</strong></span> <span class='ocrx_word' id='word_1_803' title='bbox 2816 4792 2875 4832; x_wconf 88' lang='lat' dir='ltr'><strong>se</strong></span> <span class='ocrx_word' id='word_1_804' title='bbox 2925 4792 3029 4832; x_wconf 93' lang='lat' dir='ltr'><strong>non</strong></span> <span class='ocrx_word' id='word_1_805' title='bbox 3060 4778 3292 4846; x_wconf 87' lang='lat' dir='ltr'><strong>potuisse</strong></span> <span class='ocrx_word' id='word_1_806' title='bbox 3325 4776 3465 4830; x_wconf 87' lang='lat' dir='ltr'><strong>ferre</strong></span> <span class='ocrx_word' id='word_1_807' title='bbox 3499 4778 3786 4846; x_wconf 84' lang='lat' dir='ltr'><strong>fatebatur.</strong></span> 
     </span>
    </p>
   </div>
   <div class='ocr_carea' id='block_1_116' title="bbox 2230 4843 3787 4915">
    <p class='ocr_par' dir='ltr' id='par_1_116' title="bbox 2230 4843 3787 4915">
     <span class='ocr_line' id='line_1_117' title="bbox 2230 4843 3787 4915; baseline -0.004 -14"><span class='ocrx_word' id='word_1_808' title='bbox 2230 4843 2320 4915; x_wconf 85' lang='lat' dir='ltr'><strong>per</strong></span> <span class='ocrx_word' id='word_1_809' title='bbox 2351 4851 2629 4901; x_wconf 87' lang='lat' dir='ltr'><strong>fenestram</strong></span> <span class='ocrx_word' id='word_1_810' title='bbox 2667 4865 2693 4899; x_wconf 90' lang='lat' dir='ltr'><strong>a</strong></span> <span class='ocrx_word' id='word_1_811' title='bbox 2721 4854 2870 4913; x_wconf 87' lang='lat' dir='ltr'><strong>parte</strong></span> <span class='ocrx_word' id='word_1_812' title='bbox 2906 4847 3091 4899; x_wconf 84' lang='lat' dir='ltr'><strong>altaris</strong></span> <span class='ocrx_word' id='word_1_813' title='bbox 3135 4845 3375 4914; x_wconf 87' lang='lat' dir='ltr'><strong>ejusdem</strong></span> <span class='ocrx_word' id='word_1_814' title='bbox 3427 4843 3787 4915; x_wconf 44' lang='lat' dir='ltr'><strong>basilicamjn</strong></span> 
     </span>
    </p>
   </div>
   <div class='ocr_carea' id='block_1_117' title="bbox 2226 4909 3789 4988">
    <p class='ocr_par' dir='ltr' id='par_1_117' title="bbox 2226 4909 3789 4988">
     <span class='ocr_line' id='line_1_118' title="bbox 2226 4909 3789 4988; baseline -0.004 -21"><span class='ocrx_word' id='word_1_815' title='bbox 2226 4909 2326 4985; x_wconf 79' lang='lat' dir='ltr'><strong>qua</strong></span> <span class='ocrx_word' id='word_1_816' title='bbox 2379 4916 2688 4969; x_wconf 80' lang='lat' dir='ltr'><strong>sanissimus</strong></span> <span class='ocrx_word' id='word_1_817' title='bbox 2724 4909 3024 4988; x_wconf 48' lang='lat' dir='ltr'><strong>&#39;decubabat</strong></span> <span class='ocrx_word' id='word_1_818' title='bbox 3075 4909 3789 4988; x_wconf 71' lang='lat' dir='ltr'><strong>ittlirmus,ingreditur._S_e-</strong></span> 
     </span>
    </p>
   </div>
   <div class='ocr_carea' id='block_1_118' title="bbox 2227 4980 3786 5051">
    <p class='ocr_par' dir='ltr' id='par_1_118' title="bbox 2227 4980 3786 5051">
     <span class='ocr_line' id='line_1_119' title="bbox 2227 4980 3786 5051; baseline -0.007 -11"><span class='ocrx_word' id='word_1_819' title='bbox 2227 4980 2454 5040; x_wconf 82' lang='lat' dir='ltr'><strong>cundum</strong></span> <span class='ocrx_word' id='word_1_820' title='bbox 2487 4999 2709 5051; x_wconf 89' lang='lat' dir='ltr'><strong>namque</strong></span> <span class='ocrx_word' id='word_1_821' title='bbox 2731 4985 3056 5051; x_wconf 79' lang='lat' dir='ltr'><strong>Apostolum,</strong></span> <span class='ocrx_word' id='word_1_822' title='bbox 3075 4983 3367 5037; x_wconf 70' lang='lat' dir='ltr'><strong>inﬁrmatus</strong></span> <span class='ocrx_word' id='word_1_823' title='bbox 3393 4980 3575 5041; x_wconf 77' lang='lat' dir='ltr'><strong>carne,</strong></span> <span class='ocrx_word' id='word_1_824' title='bbox 3604 4980 3786 5051; x_wconf 72' lang='lat' dir='ltr'><strong>Spiritu</strong></span> 
     </span>
    </p>
   </div>
   <div class='ocr_carea' id='block_1_119' title="bbox 2231 5047 3785 5120">
    <p class='ocr_par' dir='ltr' id='par_1_119' title="bbox 2231 5047 3785 5120">
     <span class='ocr_line' id='line_1_120' title="bbox 2231 5047 3785 5120; baseline -0.002 -17"><span class='ocrx_word' id='word_1_825' title='bbox 2231 5057 2490 5119; x_wconf 62' lang='lat' dir='ltr'><strong>potentior</strong></span> <span class='ocrx_word' id='word_1_826' title='bbox 2513 5047 2658 5116; x_wconf 69' lang='lat' dir='ltr'><strong>erat;</strong></span> <span class='ocrx_word' id='word_1_827' title='bbox 2686 5047 2833 5120; x_wconf 81' lang='lat' dir='ltr'><strong>cujus</strong></span> <span class='ocrx_word' id='word_1_828' title='bbox 2859 5054 3032 5106; x_wconf 83' lang='lat' dir='ltr'><strong>anima</strong></span> <span class='ocrx_word' id='word_1_829' title='bbox 3057 5095 3070 5117; x_wconf 95' lang='lat'><strong>,</strong></span> <span class='ocrx_word' id='word_1_830' title='bbox 3114 5068 3216 5107; x_wconf 90' lang='lat' dir='ltr'><strong>non</strong></span> <span class='ocrx_word' id='word_1_831' title='bbox 3266 5052 3666 5119; x_wconf 81' lang='lat' dir='ltr'><strong>qualiscunque,</strong></span> <span class='ocrx_word' id='word_1_832' title='bbox 3696 5047 3785 5100; x_wconf 85' lang='lat' dir='ltr'><strong>sed</strong></span> 
     </span>
    </p>
   </div>
   <div class='ocr_carea' id='block_1_120' title="bbox 2228 5120 3785 5196">
    <p class='ocr_par' dir='ltr' id='par_1_120' title="bbox 2228 5120 3785 5196">
     <span class='ocr_line' id='line_1_121' title="bbox 2228 5120 3785 5196; baseline -0.004 -20"><span class='ocrx_word' id='word_1_833' title='bbox 2228 5124 2554 5196; x_wconf 86' lang='lat' dir='ltr'><strong>beatissima,</strong></span> <span class='ocrx_word' id='word_1_834' title='bbox 2581 5123 2946 5196; x_wconf 78' lang='lat' dir='ltr'><strong>corporalibus</strong></span> <span class='ocrx_word' id='word_1_835' title='bbox 2973 5122 3145 5196; x_wconf 81' lang='lat' dir='ltr'><strong>soluta</strong></span> <span class='ocrx_word' id='word_1_836' title='bbox 3188 5120 3437 5196; x_wconf 71' lang='lat' dir='ltr'><strong>vinculis,</strong></span> <span class='ocrx_word' id='word_1_837' title='bbox 3477 5129 3696 5183; x_wconf 79' lang='lat' dir='ltr'><strong>egressa</strong></span> <span class='ocrx_word' id='word_1_838' title='bbox 3716 5132 3785 5196; x_wconf 84' lang='lat' dir='ltr'><strong>eo</strong></span> 
     </span>
    </p>
   </div>
   <div class='ocr_carea' id='block_1_121' title="bbox 2229 5189 3782 5264">
    <p class='ocr_par' dir='ltr' id='par_1_121' title="bbox 2229 5189 3782 5264">
     <span class='ocr_line' id='line_1_122' title="bbox 2229 5189 3782 5264; baseline -0.005 -18"><span class='ocrx_word' id='word_1_839' title='bbox 2229 5193 2363 5264; x_wconf 84' lang='lat' dir='ltr'><strong>ipso,</strong></span> <span class='ocrx_word' id='word_1_840' title='bbox 2399 5207 2453 5246; x_wconf 88' lang='lat' dir='ltr'><strong>ut</strong></span> <span class='ocrx_word' id='word_1_841' title='bbox 2477 5193 2763 5264; x_wconf 84' lang='lat' dir='ltr'><strong>credimus,</strong></span> <span class='ocrx_word' id='word_1_842' title='bbox 2793 5193 2985 5264; x_wconf 73' lang='lat' dir='ltr'><strong>divina:</strong></span> <span class='ocrx_word' id='word_1_843' title='bbox 3005 5190 3264 5264; x_wconf 80' lang='lat' dir='ltr'><strong>claritatis</strong></span> <span class='ocrx_word' id='word_1_844' title='bbox 3285 5189 3487 5264; x_wconf 60' lang='lat' dir='ltr'><strong>lumine</strong></span> <span class='ocrx_word' id='word_1_845' title='bbox 3515 5195 3782 5264; x_wconf 74' lang='lat' dir='ltr'><strong>suscepta,</strong></span> 
     </span>
    </p>
   </div>
   <div class='ocr_carea' id='block_1_122' title="bbox 2229 5255 3785 5328">
    <p class='ocr_par' dir='ltr' id='par_1_122' title="bbox 2229 5255 3785 5328">
     <span class='ocr_line' id='line_1_123' title="bbox 2229 5255 3785 5328; baseline -0.006 -13"><span class='ocrx_word' id='word_1_846' title='bbox 2229 5255 2282 5315; x_wconf 81' lang='lat' dir='ltr'><strong>et</strong></span> <span class='ocrx_word' id='word_1_847' title='bbox 2307 5255 2360 5314; x_wconf 89' lang='lat' dir='ltr'><strong>in</strong></span> <span class='ocrx_word' id='word_1_848' title='bbox 2392 5263 2616 5328; x_wconf 90' lang='lat' dir='ltr'><strong>paradisi</strong></span> <span class='ocrx_word' id='word_1_849' title='bbox 2649 5255 2924 5324; x_wconf 76' lang='lat' dir='ltr'><strong>migrando</strong></span> <span class='ocrx_word' id='word_1_850' title='bbox 2953 5261 3190 5328; x_wconf 86' lang='lat' dir='ltr'><strong>perpetui</strong></span> <span class='ocrx_word' id='word_1_851' title='bbox 3219 5255 3542 5328; x_wconf 62' lang='lat' dir='ltr'><strong>splendoris</strong></span> <span class='ocrx_word' id='word_1_852' title='bbox 3563 5256 3785 5328; x_wconf 56' lang='lat' dir='ltr'><strong>arumni-</strong></span> 
     </span>
    </p>
   </div>
   <div class='ocr_carea' id='block_1_123' title="bbox 2211 5323 3785 5398">
    <p class='ocr_par' dir='ltr' id='par_1_123' title="bbox 2211 5323 3785 5398">
     <span class='ocr_line' id='line_1_124' title="bbox 2211 5323 3785 5398; baseline -0.002 -17"><span class='ocrx_word' id='word_1_853' title='bbox 2211 5323 2404 5398; x_wconf 58' lang='lat' dir='ltr'><strong>_tatcm&#39;</strong></span> <span class='ocrx_word' id='word_1_854' title='bbox 2435 5332 2665 5384; x_wconf 88' lang='lat' dir='ltr'><strong>intravit.</strong></span> <span class='ocrx_word' id='word_1_855' title='bbox 2700 5323 2772 5383; x_wconf 90' lang='lat' dir='ltr'><strong>lbi</strong></span> <span class='ocrx_word' id='word_1_856' title='bbox 2807 5323 2966 5384; x_wconf 55' lang='lat' dir='ltr'><strong>uunc&#39;</strong></span> <span class='ocrx_word' id='word_1_857' title='bbox 2991 5323 3284 5398; x_wconf 59' lang='lat' dir='ltr'><strong>et&#39;semper</strong></span> <span class='ocrx_word' id='word_1_858' title='bbox 3324 5323 3545 5398; x_wconf 76' lang='lat' dir='ltr'><strong>pretiosi</strong></span> <span class='ocrx_word' id='word_1_859' title='bbox 3598 5324 3785 5398; x_wconf 72' lang='lat' dir='ltr'><strong>lapidis</strong></span> 
     </span>
    </p>
   </div>
   <div class='ocr_carea' id='block_1_124' title="bbox 2229 5391 3783 5472">
    <p class='ocr_par' dir='ltr' id='par_1_124' title="bbox 2229 5391 3783 5472">
     <span class='ocr_line' id='line_1_125' title="bbox 2229 5391 3783 5472; baseline -0.003 -21"><span class='ocrx_word' id='word_1_860' title='bbox 2229 5400 2523 5472; x_wconf 83' lang='lat' dir='ltr'><strong>diademate</strong></span> <span class='ocrx_word' id='word_1_861' title='bbox 2538 5411 2851 5472; x_wconf 80' lang='lat' dir='ltr'><strong>coronatus,</strong></span> <span class='ocrx_word' id='word_1_862' title='bbox 2883 5400 2932 5472; x_wconf 84' lang='lat' dir='ltr'><strong>in</strong></span> <span class='ocrx_word' id='word_1_863' title='bbox 2962 5391 3280 5472; x_wconf 81' lang='lat' dir='ltr'><strong>sempiterna</strong></span> <span class='ocrx_word' id='word_1_864' title='bbox 3320 5391 3444 5472; x_wconf 70' lang='lat' dir='ltr'><strong>cmli</strong></span> <span class='ocrx_word' id='word_1_865' title='bbox 3469 5406 3606 5448; x_wconf 73' lang='lat' dir='ltr'><strong>arce</strong></span> <span class='ocrx_word' id='word_1_866' title='bbox 3639 5393 3783 5472; x_wconf 62' lang='lat' dir='ltr'><strong>felici</strong></span> 
     </span>
    </p>
   </div>
   <div class='ocr_carea' id='block_1_125' title="bbox 2231 5462 3784 5534">
    <p class='ocr_par' dir='ltr' id='par_1_125' title="bbox 2231 5462 3784 5534">
     <span class='ocr_line' id='line_1_126' title="bbox 2231 5462 3784 5534; baseline -0.001 -16"><span class='ocrx_word' id='word_1_867' title='bbox 2231 5468 2471 5534; x_wconf 85' lang='lat' dir='ltr'><strong>perfusus</strong></span> <span class='ocrx_word' id='word_1_868' title='bbox 2538 5470 2692 5532; x_wconf 74' lang='lat' dir='ltr'><strong>lure,</strong></span> <span class='ocrx_word' id='word_1_869' title='bbox 2749 5467 3130 5520; x_wconf 74' lang='lat' dir='ltr'><strong>exsultantibus</strong></span> <span class='ocrx_word' id='word_1_870' title='bbox 3193 5462 3389 5534; x_wconf 74' lang='lat' dir='ltr'><strong>sanctis</strong></span> <span class='ocrx_word' id='word_1_871' title='bbox 3412 5462 3667 5534; x_wconf 58' lang='lat' dir='ltr'><strong>laetatur.</strong></span> <span class='ocrx_word' id='word_1_872' title='bbox 3716 5462 3784 5518; x_wconf 82' lang='lat' dir='ltr'><strong>lla</strong></span> 
     </span>
    </p>
   </div>
   <div class='ocr_carea' id='block_1_126' title="bbox 2229 5530 3694 5604">
    <p class='ocr_par' dir='ltr' id='par_1_126' title="bbox 2229 5530 3694 5604">
     <span class='ocr_line' id='line_1_127' title="bbox 2229 5530 3694 5604; baseline -0.003 -13"><span class='ocrx_word' id='word_1_873' title='bbox 2229 5530 2412 5591; x_wconf 87' lang='lat' dir='ltr'><strong>beatus</strong></span> <span class='ocrx_word' id='word_1_874' title='bbox 2453 5530 2686 5602; x_wconf 66' lang='lat' dir='ltr'><strong>pontifex</strong></span> <span class='ocrx_word' id='word_1_875' title='bbox 2725 5536 3158 5604; x_wconf 28' lang='lat' dir='ltr'><strong>ijilariusketh</strong></span> <span class='ocrx_word' id='word_1_876' title='bbox 3227 5530 3365 5604; x_wconf 60' lang='lat' dir='ltr'><strong>bina.</strong></span> <span class='ocrx_word' id='word_1_877' title='bbox 3406 5531 3467 5587; x_wconf 87' lang='lat' dir='ltr'><strong>S.</strong></span> <span class='ocrx_word' id='word_1_878' title='bbox 3508 5533 3694 5587; x_wconf 65' lang='lat' dir='ltr'><strong>blatta.</strong></span> 
     </span>
    </p>
   </div>
   <div class='ocr_carea' id='block_1_127' title="bbox 2302 5601 3785 5670">
    <p class='ocr_par' dir='ltr' id='par_1_127' title="bbox 2302 5601 3785 5670">
     <span class='ocr_line' id='line_1_128' title="bbox 2302 5601 3785 5670; baseline 0.002 -19"><span class='ocrx_word' id='word_1_879' title='bbox 2302 5616 2324 5651; x_wconf 74' lang='grc' dir='ltr'>ε</span> <span class='ocrx_word' id='word_1_880' title='bbox 2367 5607 2420 5656; x_wconf 84' lang='grc' dir='ltr'><strong>1η</strong></span> <span class='ocrx_word' id='word_1_881' title='bbox 2453 5601 2554 5656; x_wconf 88' lang='lat' dir='ltr'><strong>uno</strong></span> <span class='ocrx_word' id='word_1_882' title='bbox 2585 5607 2680 5658; x_wconf 68' lang='lat' dir='ltr'><strong>his.</strong></span> <span class='ocrx_word' id='word_1_883' title='bbox 2721 5601 2876 5656; x_wconf 82' lang='lat' dir='ltr'><strong>Colb.</strong></span> <span class='ocrx_word' id='word_1_884' title='bbox 2919 5601 3122 5654; x_wconf 87' lang='lat' dir='ltr'><strong>additur</strong></span> <span class='ocrx_word' id='word_1_885' title='bbox 3158 5609 3212 5655; x_wconf 88' lang='lat' dir='ltr'><strong>et</strong></span> <span class='ocrx_word' id='word_1_886' title='bbox 3249 5601 3364 5663; x_wconf 84' lang='lat' dir='ltr'><strong>hic;</strong></span> <span class='ocrx_word' id='word_1_887' title='bbox 3411 5612 3532 5670; x_wconf 78' lang='lat' dir='ltr'><strong>tunc</strong></span> <span class='ocrx_word' id='word_1_888' title='bbox 3584 5603 3785 5670; x_wconf 61' lang='lat' dir='ltr'><strong>pretty</strong></span> 
     </span>
    </p>
   </div>
   <div class='ocr_carea' id='block_1_128' title="bbox 2229 5669 3659 5746">
    <p class='ocr_par' dir='ltr' id='par_1_128' title="bbox 2229 5669 3659 5746">
     <span class='ocr_line' id='line_1_129' title="bbox 2229 5669 3659 5746; baseline -0.001 -16"><span class='ocrx_word' id='word_1_889' title='bbox 2229 5676 2360 5745; x_wconf 81' lang='lat' dir='ltr'><strong>teri,</strong></span> <span class='ocrx_word' id='word_1_890' title='bbox 2411 5685 2583 5744; x_wconf 79' lang='lat' dir='ltr'><strong>postea</strong></span> <span class='ocrx_word' id='word_1_891' title='bbox 2619 5684 2786 5730; x_wconf 77' lang='lat' dir='ltr'><strong>autem</strong></span> <span class='ocrx_word' id='word_1_892' title='bbox 2819 5670 3148 5729; x_wconf 81' lang='lat' dir='ltr'><strong>Pictariensis</strong></span> <span class='ocrx_word' id='word_1_893' title='bbox 3190 5671 3426 5746; x_wconf 77' lang='lat' dir='ltr'><strong>cpiscOpi.</strong></span> <span class='ocrx_word' id='word_1_894' title='bbox 3481 5669 3659 5728; x_wconf 67' lang='lat' dir='ltr'><strong>item.</strong></span> 
     </span>
    </p>
   </div>
  </div>
