3876 6410
111 397 231 459 419

1213 392 1359 450 νιτΑ
1405 397 1463 451 S.
1507 395 1762 450 lllLARIl
1808 396 2291 480 PlCTAVlENSlS.

3257 391 3359 447 ιεο

132 516 379 571 melioris
403 515 515 582 Spei
539 512 844 568 sollicitatus
875 511 1120 566 insninctu
1141 551 1154 574 ,
1189 513 1357 579 patiar
1393 511 1600 564 reticeri
1629 510 1694 564 de
1724 519 1768 570 Α
1801 511 2160 566 membrorum
2239 513 2486 566 fluentem
2564 512 2813 566 fabricam
2890 513 3049 566 verbo
3105 525 3360 580 operante

114 610 333 661 summi
382 605 704 660 confessoris
755 603 1057 657 viventibus
1103 602 1307 654 meritis
1355 610 1408 654 et
1439 601 1692 665 victoriis,

113 712 234 748 non
262 698 380 749 sine
401 735 415 759 ,
469 693 608 760 quod
666 692 840 754 absit,
897 691 1146 743 vindictae
1182 690 1410 743 ccelestis
1441 691 1651 741 incursu
1674 729 1690 753 ,

115 801 261 841 cum
297 787 378 839 vix
410 785 585 837 debita
617 782 879 833 solverem
899 821 915 843 ,
963 780 1008 833 sl
1038 780 1104 832 de
1135 781 1271 856 beati
1300 781 1478 832 llilarii
1505 780 1693 833 indeli-

112 877 317 928 cientis
369 873 624 939 lampadis
667 870 988 938 splendore,
1037 869 1346 936 infatigabili
1395 885 1557 932 voce,
1609 870 1694 924 die

115 967 437 1018 continuata
494 977 611 1015 cum
670 969 823 1014 nocte
872 960 1100 1028 pariter,
1157 960 1542 1013 decantarem?
1579 959 1690 1026 Qua

119 1061 267 1108 Vero
293 1054 375 1106 vel
405 1051 636 1105 irretitus
659 1049 864 1102 inscitia
889 1089 903 1111 ,
929 1048 1009 1102 vel
1053 1049 1314 1116 impulsus
1367 1047 1592 1106 oﬂ'ensa.
1641 1049 1691 1100 in

116 1149 192 1194 ea
216 1141 493 1195 voluntate
513 1138 611 1190 sub
633 1139 781 1204 gravi
803 1146 1028 1202 torpore
1060 1135 1424 1202 persisterem,
1478 1144 1533 1188 ut
1571 1151 1690 1189 eum

115 1230 200 1282 illi
228 1229 440 1296 decepti
481 1228 708 1295 pltirimo
740 1235 984 1280 tractatu,
1014 1225 1093 1279 de'
1119 1225 1350 1279 resoluta
1390 1227 1692 1280 umbrarum

115 1318 363 1386 imagine
388 1315 639 1369 nonnulla
657 1315 1000 1378 conficerent,
1029 1323 1081 1368 et
1108 1315 1159 1368 iu
1182 1314 1456 1382 pulverem
1478 1313 1691 1369 redacta

115 1408 389 1461 cadavera
442 1405 587 1461 falsis
628 1407 778 1475 quasi
833 1406 1075 1459 laudibus
1119 1406 1450 1468 animarent,
1482 1419 1581 1474 ego
1628 1405 1696 1459 de

115 1498 334 1551 sanctis
357 1496 808 1563 permanentibus,
837 1504 912 1560 et,
939 1495 1075 1562 quod
1099 1502 1182 1548 est
1209 1495 1430 1563 felicius,
1458 1494 1508 1547 in
1533 1509 1696 1562 regno

119 1585 327 1640 Citriin
354 1586 590 1652 quotidie
615 1584 949 1648 ﬂorentibus,
997 1583 1126 1636 nihil
1157 1582 1441 1647 referrem,
1471 1596 1695 1650 presser-

123 1673 226 1725 tim
257 1673 346 1726 ubi
393 1671 601 1724 diversa
654 1669 979 1724 diversarum
1047 1669 1272 1736 partium
1331 1670 1536 1723 videtur
1576 1685 1694 1724 esse

119 1772 289 1813 causa
319 1758 644 1823 mercedum,
699 1757 838 1826 quod
869 1757 1092 1825 gentiles
1121 1756 1345 1811 fructum
1386 1758 1583 1812 laboris
1610 1759 1692 1813 sui

1795 602 1982 664 erexit,
2007 610 2060 654 et
2087 601 2136 653 in
2169 610 2362 654 statum
2388 601 2686 668 pristinum,
2721 611 2964 668 tanquam
2987 603 3030 654 si
3058 602 3180 654 nihil
3215 605 3264 654 in
3295 617 3353 652 ea

1797 689 1982 743 fuisset
2009 689 2235 743 solutum
2267 691 2598 755 reformavit;
2633 681 2856 758 moxque
2889 703 3162 757 parentum
3192 695 3357 760 Iacry-

1795 778 2153 840 mas,la:titi:e
2185 780 2321 833 mole
2375 760 2802 847 superveniente,
2858 782 3093 843 siccavit,
3131 783 3361 846 gemitus

1795 877 1920 920 voto
1951 869 2270 922 succedente
2301 871 2584 936 praeclusit,
2609 870 2695 921 ubi
2734 869 2842 936 jam
2870 883 2960 935 per
2985 868 3218 921 dolorem
3252 885 3357 922 non

1796 969 1930 1023 erat,
1963 961 2053 1012 sed
2081 975 2188 1026 pra:
2232 960 2422 1028 gaudio
2451 960 2589 1029 quod
2642 960 2924 1027 plorarent.
2982 960 3121 1023 Quas
3153 973 3358 1026 poenas,

1794 1062 1912 1114 qum
1936 1058 2194 1110 tormenta
2223 1064 2364 1102 mors
2395 1053 2503 1117 ipsa
2537 1058 2656 1101 tunc
2703 1049 2935 1116 pertulit,
2987 1051 3193 1114 quando
3233 1047 3357 1100 illud

1795 1137 1934 1204 quod
1961 1138 2209 1190 credebat
2236 1139 2483 1192 invadere
2509 1122 2587 1191 sic
2613 1138 2821 1190 amisit!
2851 1137 3093 1200 Profecto
3147 1138 3360 1202 quando

1795 1232 2015 1280 alterum
2064 1228 2247 1280 victrix
2307 1227 2468 1282 ferire
2518 1241 2622 1281 non
2652 1225 2840 1295 potuit,
2869 1240 2986 1278 sese
3013 1226 3177 1294 ipsam
3227 1227 3357 1277 victa

1797 1316 2184 1384 percussit.Qui
2205 1326 2376 1370 tamen
2401 1315 2692 1370 Probianus
2719 1326 2897 1382 postea
2923 1317 3125 1382 apicem
3151 1331 3360 1380 prome-

1797 1407 1899 1458 ruit
1949 1405 2187 1460 obtinere
2236 1405 2260 1443 δ
2314 1405 2595 1474 pontitlcis,
2635 1414 2688 1459 et
2745 1421 2910 1473 usque
2940 1408 2990 1458 in
3047 1404 3359 1458 hodiernum

1796 1495 1937 1548 diem
1970 1495 2034 1546 ad
2066 1495 2338 1548 luminaria
2372 1496 2451 1548 sui
2479 1495 2669 1549 medici
2697 1495 2920 1566 singulis
2942 1495 3093 1547 annis
3131 1497 3250 1547 vita:
3267 1495 3360 1548 de-

1799 1581 1936 1638 bitor
1959 1583 2148 1637 tributa
2180 1585 2444 1650 persolvit.

1868 1674 1922 1726 4.
1966 1671 2095 1723 illud
2137 1685 2346 1738 quoque
2385 1671 2537 1724 nobis
2578 1681 2657 1724 est
2688 1678 2793 1723 tam
2826 1670 3091 1741 singulare
3132 1672 3357 1725 miracu-

1800 1759 1939 1824 lum,
1985 1775 2077 1828 pro
2133 1761 2296 1828 gloria
2351 1762 2619 1814 collatoris
2648 1805 2661 1825 ,
2708 1762 2770 1812 ad
2827 1762 3133 1814 memoriam
3182 1763 3356 1829 populi

122 1854 184 1905 in
208 1849 350 1906 inaid
381 1860 577 1904 tantum
605 1850 783 1904 favore
806 1851 1091 1903 voluerunt
1119 1851 1434 1915 consistere,
1470 1864 1567 1904 nos
1589 1866 1684 1904 au-
1729 1840 1768 1896 Β
1797 1851 2168 1904 revocandum.
2218 1851 2346 1904 Nam
2383 1867 2502 1908 cum
2547 1867 2574 1904 a
2621 1863 2642 1890 ο
2673 1851 2924 1906 Cadurcis
2968 1851 3358 1905 venissentduo

121 1949 238 1994 tem
254 1947 496 2007 oporteat
517 1938 662 1992 illum
687 1937 740 1990 in
757 1938 1030 1991 beatorum
1049 1937 1284 1990 virorum
1311 1938 1690 1991 intercessione

125 2031 397 2098 piantare,
447 2029 638 2098 quibus
687 2028 773 2083 hic
801 2028 962 2082 verba
991 2029 1037 2081 si
1063 2029 1336 2095 solvimus,
1371 2028 1476 2081 illic
1501 2028 1688 2096 gaudia

122 2117 538 2184 comparamus?

199 2207 257 2260 Ξ.
291 2207 490 2260 Idcirco
519 2205 705 2259 reddat
733 2205 811 2258 illi
834 2205 1043 2258 mobilis
1067 2205 1239 2273 lingua
1274 2204 1614 2270 prmeonium,
1659 2218 1686 2255 a

120 2311 236 2364 quo
260 2297 406 2366 prius
429 2305 638 2364 pectora
692 2295 829 2349 hunc
855 2302 1217 2359 conceperunt
1244 2293 1508 2347 affectum.
1560 2292 1688 2346 Nam

119 2389 283 2443 bonis
312 2387 428 2457 ejus
455 2397 636 2455 aperte
660 2387 906 2440 credetur
931 2385 1172 2448 invideri,
1199 2385 1241 2438 si
1265 2399 1381 2451 qua:
1398 2383 1464 2438 de
1488 2385 1577 2436 illo
1600 2397 1692 2437 co-

117 2480 429 2547 gnovimus,
452 2478 666 2531 silentio
703 2477 977 2529 videantur
1000 2476 1267 2529 abscondi.
1298 2475 1481 2528 Merito
1520 2477 1692 2541 itaque

128 2583 259 2623 cum
303 2566 512 2620 creteris
551 2576 604 2618 et
631 2581 716 2618 me
744 2566 809 2618 de
849 2580 907 2621 se
934 2566 1075 2632 loqui
1109 2566 1396 2633 compellit,
1425 2566 1690 2631 quietiam

125 2666 334 2720 mutos,
368 2665 425 2710 ut
473 2656 776 2724 loquantur,
829 2654 1071 2707 absolvit.
1103 2655 1208 2707 Sed
1235 2668 1391 2721 quam
1432 2654 1577 2719 plura
1605 2667 1692 2705 su-

119 2754 340 2814 perstes
369 2746 420 2797 in
449 2759 673 2811 corpore
725 2743 928 2807 fecerit,
987 2743 1068 2796 vel
1097 2751 1287 2809 quanta
1313 2749 1562 2809 operatus
1599 2741 1690 2805 sit,

119 2846 407 2905 pcatquam
456 2845 706 2889 :eternam
750 2834 801 2887 in
847 2834 1103 2905 requiem,
1135 2832 1500 2897 plaudentibus
1530 2830 1595 2884 de
1635 2844 1692 2884 se

117 2902 355 2994 angelis,
370 2924 434 2978 ad
459 2923 725 2978 Christum
747 2923 914 2977 victor
935 2902 1008 2976 de
1025 2922 1201 2975 mundi
1225 2923 1506 2974 certamine
1523 2929 1694 2975 trans-

117 3013 395 3082 migravit,
425 3013 524 3068 etsi
572 3028 675 3065 non
728 3013 890 3079 potui.
933 3025 1191 3064 annorum
1218 3019 1476 3064 vetustate
1522 3009 1692 3064 subri-

119 3103 334 3169 piente,
383 3101 709 3164 contingere,
740 3109 968 3153 attamen
1015 3099 1238 3166 velquze
1269 3100 1510 3167 prresenti
1553 3107 1690 3152 tem-

1795 1938 2035 1992 bomines
2060 1940 2218 2006 lepra:
2247 1942 2469 1994 maculis
2504 1940 2785 2006 immutati,
2834 1955 2980 2008 spcm
3016 1955 3126 1994 sua:
3172 1941 3356 1994 salutis

1795 2030 1846 2080 in
1904 2029 2070 2080 sancti
2123 2029 2305 2081 Hilarii
2366 2031 2746 2098 intercessione
2785 2029 3066 2084 fundantes
3107 2033 3358 2098 persiste—-

1799 2116 1944 2178 bant,
1981 2126 2036 2170 et
2057 2115 2123 2169 de
2153 2118 2366 2182 pulvere
2395 2118 2480 2184 qui
2504 2117 2572 2171 ab
2615 2117 2728 2184 ejus
2757 2118 2995 2186 sepulcro
3023 2119 3358 2187 abstergeba-

1794 2214 1876 2258 tur
1902 2221 1994 2258 sua
2026 2221 2145 2259 cum
2175 2220 2306 2272 aqua
2332 2206 2566 2274 lavantes
2593 2207 2790 2273 capita,
2816 2218 2868 2260 et
2895 2207 3128 2259 membra
3148 2208 3346 2275 reliqua

1793 2306 2169 2364 perungentcs,
2193 2306 2296 2348 tam
2320 2278 2406 2350 diu
2434 2297 2537 2350 sibi
2587 2298 2744 2351 talem
2788 2311 2966 2350 curam
2999 2296 3222 2351 fideliter
3252 2297 3353 2350 im-

1795 2385 2113 2453 penderunt,
2144 2386 2313 2440 donec
2351 2387 2669 2440 infirmitatis
2713 2389 2877 2456 ipsius
2907 2388 3144 2443 ulcerosa
3175 2390 3350 2442 varic-

1793 2483 1872 2528 tas
1915 2475 1980 2528 de
2010 2490 2231 2544 corpore
2267 2476 2406 2544 quod
2453 2477 2807 2545 captivavcrat
2835 2479 3036 2544 captiva
3081 2479 3349 2548 migraret,

1792 2573 1849 2614 ut
1877 2563 2094 2630 decepta
2119 2563 2229 2617 suis
2257 2565 2460 2617 solatiis
2497 2565 2728 2619 colorem
2770 2580 2923 2633 quem
2972 2567 3233 2621 im'a:erat
3263 2567 3348 2622 in-

1790 2652 2037 2704 violatum
2094 2639 2551 2720 relinqueretpet
2601 2670 2759 2720 quam
2816 2669 2996 2707 secum
3056 2656 3346 2721 attulerat,

1792 2740 2128 2808 turpitudinis
2166 2742 2397 2809 speciem
2447 2757 2548 2795 non
2599 2751 2820 2797 teneret.
2869 2743 2990 2796 Post
3050 2745 3351 2800 innumera-

1792 2831 1914 2885 bilia
1959 2833 2135 2901 itaque
2166 2834 2401 2896 vulnera,
2443 2833 2694 2887 membris
2748 2834 3011 2897 omnibus,
3061 2834 3348 2890 instaurata

1789 2931 1871 2974 est
1908 2922 2042 2976 cutis
2092 2937 2230 2984 una;
2282 2924 2458 2976 vultus
2500 2922 2881 2976 ille.diuturna
2934 2922 3136 2976 deletus
3191 2924 3350 2979 sorde

1792 3008 1942 3078 [Man
1975 3009 2230 3079 sordine],
2277 3025 2368 3063 sua
2395 3012 2556 3078 coepit
2583 3010 2635 3062 in
2666 3011 2921 3065 ambobus
2970 3011 3169 3079 repingi
3209 3013 3348 3065 ima-

1791 3101 1930 3165 gine,
1957 3112 2055 3152 nec
2082 3099 2292 3167 agnosci
2314 3098 2480 3166 qualis
2515 3099 2680 3152 fuerat
2724 3106 2817 3167 per
2844 3100 3223 3155 inﬁrmitatem.
3251 3101 3350 3156 Per

119 3162 259 3258 pore
305 3188 556 3241 miracula
602 3188 903 3242 misericors
951 3187 1196 3254 praebuit,
1246 3185 1397 3252 cupio
1439 3184 1690 3253 indigenti
1719 3162 1764 3222 ί)
1796 3186 2164 3242 ﬁdelissimum
2221 3204 2447 3257 namque
2501 3189 2766 3242 lavacrum
2824 3190 3070 3258 pulveris,
3127 3191 3354 3245 Pictavis

120 3280 400 3334 memoriae
430 3291 532 3331 non
563 3277 827 3339 fraudare,
879 3287 935 3327 ut
963 3276 1198 3342 quisquis
1226 3275 1339 3330 haec
1370 3274 1529 3334 (Heli.
1556 3275 1692 3328 sicut

119 3369 300 3430 decet,
335 3365 512 3419 auditu
541 3363 852 3432 perceperit,
877 3373 930 3416 et
965 3366 1225 3431 praeterita
1269 3377 1328 3416 se
1365 3377 1689 3430 cognoscere

128 3457 386 3530 gaudeat,
437 3463 492 3508 et
533 3453 722 3508 similia
767 3453 880 3513 fieri
903 3453 1094 3505 virtute
1116 3451 1438 3506 confessoris
1475 3451 1526 3503 in
1553 3450 1690 3504 futu-

119 3558 250 3598 rum
285 3537 536 3596 confidat.

510 3682 928 3756 INCIPIT
988 3683 1334 3756 LIBER.
1413 3773 1426 3779 _

193 3831 254 3884 Ξ.
288 3829 449 3900 igitur
480 3839 504 3865 α
537 3830 827 3885 Probianus
855 3845 973 3884 cum
1003 3829 1164 3887 dubio
1199 3829 1307 3897 jam
1336 3830 1458 3883 vita:
1497 3831 1690 3897 pende-

120 3929 212 3975 ret
241 3921 293 3974 in
323 3923 444 3982 line.
475 3927 528 3974 et
545 3934 693 3987 spem
721 3919 1149 3972 convalescendte
1177 3916 1408 3972 infantiae
1431 3933 1573 3971 mors
1600 3919 1691 3972 in-

121 4008 253 4062 vida
288 4007 593 4073 parentibus
623 4007 895 4073 subripere
926 4005 1217 4070 festinaret,
1256 4020 1353 4060 nec
1380 4010 1576 4074 parvuli
1605 4007 1688 4058 fu-

120 4109 231 4149 nus
252 4095 497 4150 acerbum
528 4095 891 4160 considerans,
909 4112 1004 4149 nec
1025 4097 1281 4151 desideria
1298 4097 1690 4164 ingemiscentis

121 4183 420 4239 senectutis
468 4194 733 4252 spectans,
782 4185 931 4258 avida
985 4184 1234 4252 quidquid
1293 4185 1498 4238 invenit
1541 4193 1691 4241 extra

117 4278 329 4326 sortem
370 4281 556 4324 cuncta
586 4272 927 4338 concludens,
947 4272 1080 4340 Isola
1103 4282 1274 4327 tamen
1312 4274 1691 4328 intercessione

117 4361 270 4416 beati
322 4360 506 4414 Ililarii
555 4362 821 4415 restiterat
862 4363 1173 4416 moribundo
1220 4363 1404 4416 salutis
1461 4366 1688 4417 occasio.

1797 3277 2045 3343 puriﬁcus
2083 3278 2188 3330 illis
2237 3278 2481 3332 inventus
2528 3286 2611 3330 est
2637 3277 2899 3344 Jordanis,
2942 3292 3120 3334 etnon
3159 3282 3255 3349 ipsi
3287 3283 3352 3335 ad

1793 3367 2030 3433 ﬂuvium,
2079 3367 2169 3421 sed
2215 3367 2343 3435 ipsis
2375 3367 2569 3422 ﬂuvius
2601 3368 2686 3422 hic
2712 3369 2960 3423 occurrit.
2987 3371 3061 3424 Ex
3106 3387 3212 3440 quo
3243 3384 3346 3426 tam

1790 3456 2137 3524 praedicabilis
2184 3461 2349 3524 patuit
2407 3458 2680 3512 miseratio
2723 3460 3059 3525 confessoris,
3105 3462 3243 3528 quod
3297 3469 3354 3514 et

1792 3546 2023 3599 laborem
2046 3547 2124 3597 eis
2152 3547 2418 3612 longinqui
2446 3549 2648 3599 itineris
2670 3540 2906 3611 abstulit,
2937 3559 2987 3603 et
3015 3551 3197 3604 salutis
3225 3561 3345 3604 vota

1792 3632 2052 3701 porrexit.
2106 3635 2149 3686 0
2195 3649 2349 3702 quam
2383 3634 2828 3688 inaestimabilium
2857 3637 3156 3691 claruerunt
3182 3638 3349 3693 ducu-

1792 3735 1968 3780 menta
1999 3727 2268 3791 virtutum,
2300 3725 2388 3779 ubi
2418 3727 2642 3793 sepulcri
2671 3727 3010 3783 immundius:
3050 3730 3340 3785 mundave-

1791 3827 1913 3870 ruut
1943 3816 2174 3870 maculas
2200 3817 2356 3883 lepra:
2375 3819 2385 3868 !
2407 3817 2568 3883 Cujus
2597 3817 2698 3871 hoc
2722 3817 2891 3873 facere
2921 3833 3044 3874 cura
3094 3822 3350 3888 potuisset

1793 3907 2032 3969 artificis,
2090 3909 2176 3974 qui
2234 3908 2298 3961 de
2352 3907 2439 3960 tali
2469 3910 2679 3974 pulvere
2720 3909 2881 3963 ferret
2907 3910 3157 3966 beneficia
3181 3915 3348 3968 medi-

1789 3997 1964 4049 cinae?
2014 3996 2087 4048 Ex
2136 3997 2323 4064 quibus
2381 3997 2408 4032 ά
2457 3997 2728 4049 Castorius
2760 3999 3010 4052 diaconus
3045 4010 3098 4053 et
3133 4001 3350 4070 Crispus

1794 4083 2153 4137 subdiaconus
2201 4085 2489 4149 institutus,
2516 4084 2581 4136 ad
2623 4083 2738 4153 ejus
2765 4086 3072 4153 obsequium
3104 4103 3268 4156 usque
3295 4093 3346 4143 in

1792 4174 1947 4227 linem
1975 4190 2146 4253 suum,
2179 4188 2271 4240 per
2297 4188 2448 4243 quem
2481 4176 2645 4228 sanati
2677 4184 2820 4242 sunt,
2861 4171 3236 4247 adhaeserunt;
3287 4191 3345 4235 et

1797 4265 1986 4318 merito
2018 4266 2163 4317 illius
2192 4264 2751 4332 elegeruntsustinere
2776 4266 2894 4334 juga
2942 4268 3167 4339 Domini,
3193 4285 3220 4324 a
3244 4285 3346 4339 quo

1789 4372 1818 4410 a
1843 4369 1994 4424 poena
2022 4355 2169 4410 liberi
2202 4365 2325 4408 sunt
2349 4353 2541 4409 eﬂ'ecti.

115 4450 291 4514 Quem
320 4447 525 4501 Franco
551 4463 679 4503 suus
697 4449 926 4518 genitor,
956 4459 1010 4503 et
1039 4449 1336 4504 Periculosa
1361 4460 1546 4515 mater,
1569 4467 1685 4519 qua:
1718 4480 1765 4537 Β
1863 4446 1914 4499 5.
1948 4444 2196 4511 Quaedam
2230 4446 2395 4510 puella
2439 4446 2490 4498 in
2536 4445 2670 4499 hanc
2709 4446 2861 4498 vitam
2894 4448 3130 4511 veniens,
3161 4448 3344 4504 dexte-

115 4537 294 4605 magis
332 4550 592 4590 converso
620 4537 855 4601 nomine,
903 4538 998 4591 lilii
1029 4539 1420 4606 periclitabatur
1440 4540 1493 4592 in
1533 4554 1682 4604 nece,

110 4626 232 4694 jam
266 4627 413 4692 quasi
439 4626 668 4680 defuncti
694 4628 1116 4695 praemeditantes
1141 4630 1438 4695 exsequias,
1467 4643 1586 4682 cum
1606 4629 1684 4683 in—

118 4713 276 4783 genti
299 4713 441 4765 luctu
473 4721 527 4765 et
548 4714 672 4766 fletu
697 4716 747 4766 in
767 4715 1084 4768 confessoris
1110 4716 1503 4770 tabernaculum
1531 4718 1692 4772 detu.

117 4803 323 4858 lerunt.
381 4801 528 4854 Tunc
578 4811 791 4854 sanctus
826 4801 1053 4855 Hilarius
1098 4803 1166 4855 ab
1217 4812 1430 4857 auctore
1455 4818 1553 4857 suo
1599 4820 1683 4860 se-

118 4877 286 4944 cretae
314 4891 442 4943 artis
488 4891 742 4944 exhibens
774 4890 1111 4953 medicinam,
1142 4900 1425 4948 consuetus
1465 4895 1530 4949 de
1572 4897 1683 4950 dis-

115 4977 317 5046 pendio
355 4978 556 5031 funeris
607 4979 828 5035 reddere
850 4981 1157 5047 compendia
1210 4983 1472 5049 sanitatis,
1511 4985 1684 5039 subito

195 5117 224 5143 ·
264 5097 595 5169 Βουειιειυε.-
623 5122 672 5161 c.
725 5108 815 5172 i5,
866 5120 920 5162 et
961 5108 1210 5163 Claudius
1258 5109 1518 5164 Robertus
1549 5112 1684 5166 hunc

119 5177 276 5231 aiunt
293 5188 410 5230 esse
435 5174 765 5238 Probianum,
788 5192 881 5231 seu
910 5177 1274 5235 Rrobatianum
1297 5179 1459 5243 episc.
1495 5177 1682 5233 Bituri-

120 5259 340 5314 eensem
368 5243 550 5314 XXlV,
582 5245 669 5312 qui
700 5258 837 5297 anno
865 5245 1054 5312 Pelagii
1086 5261 1233 5314 papa:
1273 5246 1328 5307 2,
1360 5245 1684 5303 Cbildeberti

120 5315 220 5374 ιι.
250 5313 441 5382 Christi
471 5312 594 5376 555,
626 5314 933 5382 subscripsit
958 5312 1182 5367 concilio
1211 5315 1487 5368 Parisiensi
1526 5331 1585 5382 ll,
1629 5330 1684 5370 et

120 5381 343 5467 biennio
386 5391 502 5467 ppst
533 5380 1070 5467 praefuit‘Parisiensi
1112 5393 1190 5447 ιιι,
1234 5384 1470 5452 adeoque
1511 5380 1684 5454 attigit

124 5457 368 5515 tempora
390 5449 627 5504 Venantii
651 5450 948 5504 Fortunati.»
967 5452 1293 5505 Bouasnus.
1381 5449 1398 5452 ⁷
1614 5449 1659 5516 ⁷,

183 5515 501 5596 fyttobon.
527 5518 1020 5596 _lis.,_pontiﬁ_cnms
1041 5519 1403 5596 Biturigens‘is;
1456 5530 1509 5575 ct
1539 5537 1680 5596 mox,

125 5584 196 5635 ad
229 5585 425 5645 limina.
453 5587 543 5640 ubi
573 5584 782 5651 irral'iis,
809 5589 875 5639 ad
897 5588 1185 5644 luminaria.
1209 5591 1402 5643 Similis
1423 5598 1505 5643 est
1539 5584 1682 5645 locus

127 5654 373 5724 venandi
404 5654 691 5724 Fortunati,
721 5657 773 5709 in
809 5657 919 5709 Vita
951 5660 1115 5710 sancti
1143 5657 1385 5710 Germani
1418 5672 1558 5710 nmn.
1590 5662 1679 5724 il,

129 5723 224 5775 ubi
248 5722 315 5775 de
343 5719 650 5778 moribunda
679 5735 856 5780 sanata
887 5727 988 5779 ait:
1017 5725 1142 5788 Qua?
1163 5729 1372 5796 singulis
1401 5729 1548 5781 annis
1568 5719 1688 5804 vita}.

1789 4550 1900 4589 ram
1925 4545 2184 4589 mortuam
2223 4543 2449 4586 traxerat
2493 4549 2676 4603 natura
2725 4536 3002 4599 formante,
3034 4547 3084 4590 et
3113 4539 3336 4594 debilem

1789 4639 1999 4678 manum
2051 4625 2101 4675 in
2157 4625 2384 4689 speciem
2442 4622 2600 4690 glomi
2655 4632 2677 4660 ⁸
2716 4625 3034 4692 collegerant
3059 4641 3336 4684 nervorum

1789 4713 1870 4766 fila
1918 4718 2221 4763 contracta:
2274 4709 2416 4761 ﬂuxa
2465 4724 2562 4764 suo
2616 4710 2840 4767 stamine
2865 4713 3140 4780 digitorum
3169 4715 3270 4768 tela
3314 4715 3332 4752 ι

1785 4798 2071 4853 marcebat.
2105 4799 2250 4852 Tunc
2285 4813 2566 4855 occurrens
2608 4801 2673 4853 ad
2705 4801 2991 4855 beatissimi
3021 4804 3200 4857 Hilarii
3240 4820 3328 4859 se-

1786 4889 2070 4956 pulturam,
2103 4889 2481 4943 intercessione
2511 4890 2626 4956 ejus
2647 4889 2913 4944 vivacibus
2939 4888 3018 4944 eat
3046 4893 3229 4945 ofticiis
3245 4911 3330 4947 or-

1783 4977 1987 5029 dtnata:
2025 4977 2267 5044 paulatim
2298 4977 2522 5031 mobiles
2576 4978 2722 5046 vigor
2775 4979 3023 5049 articulos
3064 4991 3335 5050 stupentes

1785 5110 2020 5162 tributum
2049 5107 2190 5159 solvit
2221 5123 2311 5172 pro
2333 5109 2512 5174 pretio.
2545 5109 2678 5162 Matt.
2706 5110 2763 5164 S.
2788 5110 2980 5164 Manut.

1859 5187 1880 5214 ο
1912 5177 2264 5248 Cadurcorum
2311 5179 2612 5248 metropolis
2661 5179 2712 5231 in
2740 5180 3012 5248 Aquitania
3046 5179 3208 5244 prima
3240 5181 3338 5234 Cn—

1785 5247 1997 5316 durcum
2044 5247 2107 5296 ad
2153 5244 2351 5316 Oidumr
2373 5246 2604 5309 tluvinm,
2630 5248 2751 5299 urbs
2793 5244 3105 5316 episcopalis
3132 5251 3233 5304 sub
3254 5265 3336 5304 ar-

1783 5315 2168 5379 chiepiscopatu
2193 5314 2522 5368 Bituricensi.
2549 5316 2809 5368 BOLLAND.

1854 5381 2200 5443 {Bouchetus
2228 5396 2367 5435 nono
2404 5384 2489 5436 die
2526 5393 2736 5436 sanatos
2766 5384 2974 5438 scribit:
3008 5386 3145 5440 Idem
3176 5388 3335 5441 habet

1782 5452 2054 5520 Casterius,
2079 5452 2216 5502 idem
2247 5448 2441 5520 Cripso.
2479 5453 2737 5505 BOLLAND.

1857 5531 1878 5557 ε
1909 5520 1980 5571 Ita
2007 5519 2183 5588 Codex
2210 5520 2386 5574 Ottnb.
2415 5520 2468 5572 ln
2498 5521 2632 5584 aliis,
2655 5521 2809 5588 globi.
2867 5523 3002 5575 Mos.
3051 5522 3111 5577 S.
3146 5525 3334 5577 ΜΑυηι.

1858 5588 1875 5625 τ
1901 5588 2056 5658 Apud
2079 5586 2224 5652 Gill.,
2258 5589 2562 5658 marcebant.
2595 5586 2702 5643 lltic
2744 5602 2944 5658 spectat
2979 5592 3101 5645 illud
3152 5592 3337 5646 Fortu-

1781 5661 1888 5712 nati
1918 5659 1968 5709 in
2003 5656 2116 5708 Vita
2144 5658 2308 5712 sancti
2336 5657 2603 5724 Germani,
2636 5674 2688 5712 n.
2725 5656 2816 5713 ηε
2849 5676 3111 5716 nervorum
3140 5667 3237 5717 tela
3260 5679 3340 5716 rc—

1781 5727 1978 5783 tcximr.
2012 5725 2176 5778 lmen.
