3948 6218
522 397 606 460 tsi
1218 378 1550 450 "venam"
1590 378 1748 469 non.
1792 379 2000 448 CLEM.
2041 381 2437 448 FORTUNATI
2473 384 2761 450 opsnuu
2802 394 2977 452 PARS
3015 392 3057 451 lt

3656 396 3787 453 353

513 527 565 571 at
597 524 622 551 ι
651 519 853 584 ungues
892 499 1129 577 irrepsit.
1183 506 1306 560 Post
1335 506 1487 573 longa
1520 514 1759 573 tempora
1787 517 1973 557 manus
2006 493 2080 557 illi
2107 513 2158 571 Α
2186 518 2281 573 per
2341 519 2434 572 pro
2460 505 2603 559 cultu
2632 484 2907 559 catholicae
2936 502 3207 573 religionis
3249 504 3495 573 aviditas,
3525 518 3650 561 eum
3717 506 3785 561 in

513 618 638 659 tunc
711 600 828 655 nata
883 587 1005 663 est,
1060 589 1188 650 'cum
1240 595 1405 650 sensit
1457 584 1672 648 munera
1741 592 2082 648 confessoris.

512 693 786 747 Exstincta
818 701 1002 741 manus
1034 687 1180 739 venit
1201 686 1267 736 ab
1295 693 1467 738 utero.
1500 684 1613 735 viva
1636 683 1795 736 rediit
1818 683 1884 736 de
1915 682 2084 736 sancti

511 780 776 850 sepulcro.
806 779 940 832 Ecce
970 789 1126 842 quam
1172 775 1311 843 larga
1346 775 1756 826 remuneratoris
1788 781 1868 825 cst
1895 776 2082 839 pietas,

514 884 570 926 ut
589 885 708 941 qua:
730 878 912 923 natura
939 882 1041 920 non
1070 867 1270 935 genuit,
1297 863 1379 916 hic
1407 863 1643 915 membra
1670 864 1959 929 suppleret.

586 964 640 1016 6.
665 962 771 1015 Nec
794 957 924 1012 illud
958 957 1170 1024 quidem
1197 953 1471 1021 praeterire
1503 951 1766 1014 convenit,
1786 950 1922 1017 quod
1941 964 2082 1004 caeco

510 1050 649 1106 felici
683 1057 803 1117 post
827 1055 944 1098 vota
969 1043 1242 1098 successit.
1275 1042 1405 1095 Nam
1447 1054 1565 1093 cum
1595 1041 1658 1093 ad
1705 1040 1843 1094 beati
1875 1039 2081 1094 Martini

508 1142 690 1196 limina
721 1152 813 1206 pro
841 1128 1143 1200 recipietido
1173 1132 1371 1185 lumine
1395 1132 1626 1183 intentus
1654 1139 1982 1198 properaret,
2027 1130 2080 1182 in

509 1230 680 1299 sattcti
707 1228 892 1282 Hilarii
925 1223 1235 1293 praeteriens
1257 1223 1510 1289 templum
1538 1221 1805 1288 ingressus
1835 1228 1937 1272 est.
1962 1219 2080 1285 Quo

511 1321 636 1374 dum
669 1318 869 1386 vigilias
896 1313 1072 1367 ofﬁcio
1117 1312 1274 1365 solito
1300 1311 1632 1364 celebrarent
1669 1307 1868 1372 clerici,
1925 1320 2081 1360 mane

545 1419 685 1476 acto,
717 1409 915 1476 apertis
960 1403 1147 1466 oculis,
1180 1403 1292 1468 ipse
1317 1400 1453 1452 dicm
1477 1399 1638 1465 coepit
1664 1398 1782 1451 aliis
1811 1397 2075 1462 nuntiare,

507 1501 598 1568 qui
625 1499 724 1554 hoc
749 1512 962 1565 semper
990 1497 1178 1566 egebat
1200 1480 1403 1548 audire.
1431 1496 1579 1561 Apud
1603 1510 1760 1563 quem
1793 1508 1895 1547 una
1938 1510 2076 1548 sem-

509 1605 602 1659 per
630 1603 734 1642 nox
765 1594 900 1652 erat,
934 1588 1178 1641 tenebras
1207 1585 1279 1638 illi
1324 1596 1536 1638 sanctus
1570 1585 1791 1638 llilarius
1815 1599 1877 1640 ea
1923 1595 2077 1640 nocte

506 1679 771 1750 purgavit.
804 1677 902 1744 Qui
927 1691 1194 1744 nunquam
1225 1675 1449 1729 viderat.
1470 1687 1780 1728 ornamenta
1809 1674 1933 1739 diei,
1961 1689 2077 1730 cte-

506 1769 583 1838 plt
611 1769 685 1824 illi
718 1783 890 1822 novus
919 1767 1000 1821 sol
1023 1769 1172 1820 mira:
1199 1767 1456 1821 claritatis
1485 1767 1647 1819 nasci.
1707 1764 1854 1824 Tunc
1885 1766 1958 1819 illi
2000 1767 2078 1821 fa-

2185 597 2372 665 requie
2399 598 2572 663 posito
2600 596 2775 651 adhuc
2801 597 3168 652 sollicitudinis
3197 612 3300 651 non
3331 598 3468 652 desit
3508 600 3780 655 ubertas!

2184 684 2312 738 Nam
2355 687 2443 754 qui
2493 696 2613 740 tunc
2647 687 2698 738 in
2729 687 2931 756 synodo
2973 687 3036 741 ad
3076 687 3506 742 confundendum
3548 689 3780 745 hostem

2183 774 2344 826 verba
2386 774 2556 829 ﬁdelia
2598 777 2837 844 protulit,
2881 776 2966 830 hic
3008 777 3062 831 in
3091 790 3282 846 campo
3313 792 3458 832 arma
3515 778 3782 834 tractaxit

2183 865 2437 918 victorian

2253 956 2305 1010 9.
2339 958 2529 1012 Mulieri
2571 959 2622 1013 in
2649 959 2766 1013 vico
2794 959 3113 1024 Tonaciaco,
3144 958 3268 1014 dum
3298 972 3489 1028 aquam
3526 960 3590 1016 ad
3621 975 3777 1030 opus

2183 1056 2334 1097 suum
2359 1045 2664 1114 deportaret
2691 1048 2778 1100 die
2805 1048 3075 1101 Dominico
3105 1050 3235 1115 (non
3265 1034 3346 1101 est
3375 1064 3551 1103 meum
3593 1063 3774 1105 nosse

2181 1150 2287 1204 quo
2317 1147 2582 1203 praeventa
2615 1136 2877 1207 peccato),
2908 1153 3098 1192 manus
3137 1124 3252 1207 ejus
3281 1147 3503 1194 attracta
3531 1149 3634 1205 est,
3665 1153 3775 1195 vo-

2181 1238 2366 1276 narum
2399 1224 2630 1278 arefacto
2657 1226 2925 1280 discursu.
2979 1227 3125 1280 Tunc
3163 1228 3485 1282 revelatioue
3514 1242 3774 1284 commo-

2181 1313 2288 1366 nita
2312 1323 2394 1368 est
2415 1325 2470 1368 ut
2499 1317 2564 1370 ad
2588 1319 2758 1371 sancti
2787 1319 2987 1380 limina,
3012 1317 3057 1372 si
3079 1319 3238 1374 vellet
3265 1319 3411 1374 salva
3453 1320 3587 1385 ﬁeri,
3631 1335 3772 1388 pro-

2183 1414 2412 1471 peraret.
2463 1407 2578 1472 Quo
2609 1407 2695 1460 illa
2731 1408 2898 1462 ﬁdens
2938 1411 3141 1471 nuntio,
3194 1419 3440 1478 tanquam
3474 1425 3597 1464 cum
3633 1411 3770 1478 ipso

2179 1494 2423 1548 sanitatis
2453 1509 2564 1549 sua:
2606 1498 2943 1564 prmviatore,
2980 1499 3096 1551 laeta
3127 1502 3406 1567 percurrit.
3441 1501 3506 1554 Et
3531 1502 3657 1555 dum
3703 1501 3766 1556 in

2179 1590 2400 1644 ecclesia
2435 1592 2775 1660 psalleretnr,
2805 1591 3051 1646 similiter
3071 1594 3122 1646 in
3147 1593 3504 1661 absolutione,
3533 1594 3621 1651 die
3649 1593 3770 1654 Do-

2180 1680 2396 1745 minico,
2429 1696 2535 1750 quo
2566 1691 2914 1750 praecesserat
2958 1698 3132 1751 pmna,
3165 1692 3346 1738 secuta
3387 1693 3512 1738 sunt
3535 1686 3762 1755 gaudia.

2178 1767 2314 1824 Ecce
2331 1772 2764 1826 Consuetudinem
2795 1773 2995 1838 patroni
3019 1773 3297 1843 singularis
3324 1775 3629 1840 amabilem,
3661 1774 3767 1842 qui

508 1863 710 1917 bricata
734 1869 858 1913 sunt
886 1858 1087 1923 omnia,
1110 1860 1320 1924 quando
1348 1869 1536 1911 eorum
1570 1858 1746 1911 videre
1770 1859 1957 1911 meruit
2003 1859 2074 1910 fas
2106 1847 2146 1903 Β
2177 1868 2233 1912 ιιι
2259 1860 2656 1931 inveniatquod
2687 1872 2918 1930 priestet,
2949 1872 3003 1916 et
3025 1876 3210 1916 causas
3237 1863 3490 1931 exquirit.
3526 1863 3573 1918 0
3618 1865 3764 1918 bea-

517 2001 522 2005 .
553 1962 752 2012 turam;
808 1959 878 2015 ct,
922 1955 978 2000 ut
1007 1949 1076 1999 ita
1106 1948 1298 2012 dicam,
1325 1949 1548 2014 quodam
1581 1947 1737 2000 modo
1769 1954 1886 2015 post
1912 1962 1970 2000 se
2001 1947 2074 2000 illi

506 2039 736 2097 mundus
761 2047 844 2093 est
870 2045 1045 2101 natus,
1072 2051 1190 2090 cum
1217 2035 1388 2090 factus
1417 2045 1498 2090 est
1520 2038 1748 2106 agnitus.
1765 2037 1947 2090 Caecus
1968 2035 1992 2073 δ
2011 2037 2076 2090 ad

505 2131 647 2186 beati
691 2129 898 2183 Martini
951 2130 1228 2184 ecclesiam
1283 2128 1562 2182 festinabat
1625 2129 1918 2194 accedere,
1977 2130 2078 2182 iste

513 2236 636 2278 eum
694 2224 746 2275 in
790 2236 888 2275 suo
919 2222 1117 2290 templo
1145 2221 1392 2290 dignatus
1418 2229 1500 2274 est
1523 2220 1835 2274 illuminare.
1871 2221 2076 2287 Quanta

501 2310 849 2378 micatgratia
879 2309 1172 2376 donatoris,
1204 2311 1292 2377 qui
1335 2310 1597 2377 przevenit
1638 2309 1898 2363 desideria
1941 2324 2071 2377 ευρι-

504 2391 749 2471 plicantis
765 2402 777 2430 '

579 2494 633 2545 7.
675 2491 807 2557 Quid
831 2491 989 2544 etiam
1027 2490 1244 2558 dignum
1281 2489 1506 2543 referam
1549 2487 1615 2541 de
1648 2497 1749 2541 tam
1777 2488 1938 2556 regali
1966 2501 2078 2559 my-

509 2583 697 2645 sterio,
724 2580 861 2649 quod
889 2579 957 2632 ab
986 2579 1100 2648 ipso
1128 2589 1211 2633 est
1239 2577 1292 2631 in
1324 2593 1501 2646 regem
1531 2576 1813 2630 collatum?
1845 2577 2079 2647 Denique

502 2670 802 2726 Clodoveus
849 2684 964 2736 rex,
1023 2670 1148 2723 dum
1179 2678 1362 2724 contra
1394 2669 1699 2735 lt.treticam
1739 2677 1946 2737 gentem
1977 2685 2073 2737 pu-

503 2770 757 2830 gnaturus
825 2770 846 2796 ε
879 2800 896 2826 ,
957 2770 1187 2813 armatas
1235 2761 1377 2813 acies
1434 2756 1853 2826 commovisset,
1904 2759 2075 2813 media

503 2864 670 2907 nocte
690 2852 881 2905 meruit
907 2852 973 2905 de
1000 2852 1210 2904 basilica
1238 2851 1371 2904 beati
1401 2847 1580 2903 Hilarii
1606 2850 1782 2904 lumen
1814 2865 1971 2918 super
2016 2865 2076 2905 se

502 2943 721 3010 veniens
744 2940 1004 3008 aspicere,
1034 2940 1340 2993 admonitus
1373 2939 1611 3006 insuper,
1659 2947 1716 2990 ut
1742 2938 2075 3004 festinanter,

501 3030 595 3084 sed
625 3043 729 3082 non
762 3030 879 3080 sine
906 3026 1227 3079 venerabilis
1262 3026 1362 3076 loci
1402 3025 1665 3089 oratione,
1689 3023 1947 3076 adversus
1977 3023 2077 3075 ho-

501 3129 636 3182 stes,
666 3117 1069 3169 conﬁictaturus
1100 3111 1475 3165 descenderet.
1505 3111 1653 3177 Quod
1684 3111 1769 3165 ille
1797 3111 2077 3178 diligenter

511 3208 823 3271 observans,
858 3213 912 3258 et
941 3203 1167 3256 orationi
1197 3218 1504 3268 occurrens,
1526 3211 1680 3256 tanta
1704 3205 2072 3271 prosperitate,

510 3299 678 3353 altero
709 3310 804 3364 pro
832 3308 891 3348 se
923 3292 1240 3363 pugnaturo,
1289 3272 1548 3360 processit
1577 3292 1640 3346 ad
1666 3292 1879 3357 bellum,
1914 3303 1968 3344 ut
1997 3293 2076 3346 in—

504 3396 582 3438 tra
605 3388 786 3440 horam
817 3384 921 3438 diei
945 3385 1151 3438 tertiam
1181 3383 1314 3437 ultra
1342 3383 1570 3435 humana
1593 3375 1714 3435 vota
1738 3383 2018 3436 sortiretur
2042 3398 2076 3436 a

506 3476 732 3530 Domino
768 3474 1065 3529 victoriam.
1085 3473 1181 3528 Ubi
1214 3473 1496 3526 multitudo
1523 3473 1823 3526 occisorum
1852 3472 2077 3526 cadave-

507 3582 622 3621 rum
655 3566 678 3603 (ι
711 3567 877 3620 colles
903 3579 965 3619 ex
996 3579 1054 3618 se
1083 3567 1193 3618 visa
1224 3571 1307 3618 est
1330 3565 1585 3629 erexisse.
1605 3562 1741 3618 Ecce
1770 3561 2076 3616 terribiliter

509 3656 840 3710 formidanda
874 3656 1128 3723 prodigia,
1160 3659 1238 3707 'et
1291 3651 1668 3707 delectabiliter
1712 3653 2073 3720 amplectenda

507 3749 782 3803 miracula.
844 3747 1036 3801 Parnm
1067 3746 1142 3798 illi
1175 3743 1274 3797 fuit
1327 3758 1421 3809 pro
1452 3742 1644 3794 solatio
1674 3743 1832 3810 regis,
1867 3744 2073 3810 signum

507 3837 724 3893 luminis
750 3836 1057 3897 ostendere,
1115 3833 1215 3885 nisi
1268 3840 1449 3899 aperte
1480 3831 1676 3883 monita
1705 3831 1990 3884 addidisset
2023 3840 2077 3885 et

506 3931 674 3981 vocis.
725 3925 927 3981 Similis
980 3923 1222 3992 qumdam
1267 3921 1521 3989 contigit,
1570 3920 1839 3973 lsraelitici
1900 3919 2075 3988 populi

505 4028 788 4086 tempore,
837 4000 996 4083 hujus
1043 4027 1198 4066 causa
1252 4011 1478 4065 virtutis.
1534 4009 1660 4062 Nam
1715 4008 1785 4062 ini
1833 4010 2074 4062 columna

504 4110 640 4181 ignis
695 4106 946 4176 populum
999 4112 1375 4174 prazcesserat,
1435 4103 1520 4156 hic
1587 4102 1748 4170 ﬁgura
1816 4100 2075 4170 lampadis

502 4202 841 4258 admonebat.

575 4298 629 4350 8.
671 4295 872 4347 Vellem
913 4303 1070 4342 nosse
1117 4286 1256 4355 quod
1297 4287 1452 4351 fuerit
1490 4287 1618 4339 tanti
1657 4285 1862 4340 ardoris
1899 4299 2075 4341 secre-

509 4399 620 4441 tum
653 4361 985 4454 mvsterium,
1009 4391 1113 4432 tam
1147 4377 1428 4432 manifeste
1455 4379 1736 4446 prolatum.
1767 4377 1870 4432 Sed
1903 4392 2073 4446 quan-

2180 1961 2286 2003 tum
2321 1951 2572 2004 Hilarium
2611 1953 2844 2005 omnium
2885 1953 3064 2017 corde,
3091 1967 3205 2018 ore,
3235 1967 3366 2008 voce
3394 1949 3760 2007 cantandum!

2178 2040 2329 2106 cujus
2358 2049 2464 2094 tam
2495 2042 2636 2111 larga
2665 2042 2960 2110 benignitas
2990 2051 3089 2107 est,
3107 2050 3164 2095 ut
3188 2058 3292 2095 non
3320 2042 3490 2096 solum
3514 2058 3576 2097 se
3591 2043 3765 2097 alicui

2177 2144 2282 2181 non
2304 2114 2610 2194 abscondat,
2643 2133 2734 2184 sed
2759 2133 2895 2184 ultro
2923 2131 3157 2200 ingerat!
3195 2129 3479 2186 Veniamus
3524 2131 3590 2186 ad
3618 2132 3765 2187 alios

2176 2220 2458 2273 venerandi
2488 2221 2687 2275 fructus
2709 2208 2967 2275 miraculi.

2248 2310 2332 2363 10.
2366 2310 2614 2375 Quaedam
2648 2309 2974 2379 paralytica,
3007 2324 3158 2361 annis
3185 2307 3362 2375 adulta
3395 2307 3570 2375 puella
3595 2347 3614 2376 ,
3645 2323 3762 2362 non

2180 2401 2406 2462 merito,
2457 2400 2571 2454 sine
2607 2403 2727 2453 vitae
2771 2400 2982 2454 vivebat
3018 2398 3229 2452 ofﬁciis.
3271 2399 3364 2454 Cui
3406 2400 3542 2455 intra
3591 2400 3762 2455 funus

2179 2487 2429 2541 exsﬁnCti
2447 2488 2686 2555 corporis
2723 2495 2925 2540 tantum
2948 2497 3217 2556 superstes
3238 2489 3412 2540 anima
3435 2488 3759 2558 palpitabat,

2179 2591 2230 2634 et
2274 2580 2327 2632 in
2358 2589 2466 2634 toto
2501 2579 2757 2634 cadavere
2799 2579 2994 2633 lumina
3025 2580 3184 2646 quasi
3221 2581 3339 2634 sola
3375 2580 3652 2647 vigebant,
3690 2594 3764 2633 ac

2177 2670 2320 2724 velut
2358 2680 2560 2723 mortua
2606 2671 2656 2723 in
2679 2672 2755 2724 ‘se
2796 2671 3030 2724 membra
3071 2671 3347 2740 vigilantes
3386 2671 3524 2724 oculi
3568 2679 3761 2724 custo-

2177 2759 2411 2814 diebant.
2457 2761 2571 2813 Non
2600 2760 2772 2828 lingua
2806 2771 3018 2827 torpens
3067 2761 3202 2813 intra
3233 2760 3394 2829 palati
3427 2758 3446 2796 τ
3478 2773 3760 2814 cameram

2179 2859 2204 2897 ε
2236 2833 2481 2904 volubilis
2507 2850 2842 2916 excurrebat,
2869 2861 2965 2902 nec
2987 2849 3091 2902 imo
3111 2851 3270 2902 ducta
3310 2849 3378 2902 de
3409 2860 3627 2915 pectore
3647 2862 3762 2900 vox

2178 2938 2366 2990 collata
2410 2946 2614 3003 poterat
2660 2937 2820 2988 verba
2859 2935 3180 3008 disponere;
3225 2949 3329 2987 non
3364 2948 3585 2997 manus,
3627 2947 3756 2987 cum

2179 3028 2348 3080 soluta
2397 3027 2761 3093 languesceret
2797 3033 2982 3077 natura
3009 3064 3023 3086 ,
3067 3023 3246 3076 debita
3281 3022 3497 3076 servitia
3553 3021 3758 3076 dissol-

2180 3107 2370 3180 vehat,
2388 3129 2558 3182 neque
2588 3129 2680 3182 pes
2711 3112 2969 3166 instabilis
2989 3108 3017 3148 ιι
3040 3113 3396 3165 membrorum
3421 3119 3756 3166 structuram

2131 3199 2148 3221 ⁸
2184 3204 2531 3270 sustentabat,
2578 3202 2749 3255 adhuc
2792 3203 3008 3270 insuper
3046 3201 3207 3254 totius
3250 3201 3494 3269 corporis
3525 3200 3758 3254 infabri-

2177 3305 2294 3351 cata
2325 3310 2496 3349 massa
2529 3294 2789 3361 torpebat.
2821 3293 2949 3359 Qua:
2979 3293 3029 3346 in
3061 3292 3345 3346 festivitate
3372 3291 3514 3347 beati
3561 3290 3754 3346 Hilarii

2177 3389 2315 3442 intra
2341 3386 2614 3439 basilicam
2647 3383 2818 3453 posita
2841 3424 2855 3447 ,
2884 3398 3005 3460 cum
3038 3383 3234 3452 ingenti
3269 3382 3456 3436 favore
3495 3391 3754 3451 spectan-

2178 3478 2312 3532 tibus
2369 3478 2613 3531 omnibus
2664 3484 2748 3529 est
2801 3482 2996 3528 erecta.
3053 3473 3107 3527 lu
3162 3471 3319 3527 unius
3368 3486 3497 3541 ergo
3550 3471 3754 3526 debilis

2176 3586 2400 3638 corpore
2427 3571 2677 3624 miracula
2703 3570 2850 3638 plura
2880 3577 3095 3622 sanctus
3126 3565 3431 3636 complevit.
3458 3568 3753 3620 Attenuata

2175 3680 2403 3732 genuum
2439 3663 2662 3727 vestigia
2693 3662 2995 3731 roboravit,
3027 3660 3256 3729 linguam
3302 3659 3561 3727 rigentem
3593 3657 3751 3711 flexi-

2175 3754 2365 3806 bilitati
2411 3762 2465 3806 et
2503 3750 2742 3804 facilitati
2778 3751 2922 3804 vocis
2962 3751 3176 3818 aptavit,
3226 3749 3291 3803 ad
3336 3764 3488 3802 usum
3528 3746 3751 3802 laniﬁcii

2176 3840 2379 3894 debiles
2401 3841 2667 3906 quondam
2699 3837 2904 3903 palmas
2930 3839 3178 3897 armavit,
3210 3836 3532 3891 lineamenta
3569 3837 3750 3890 visce-

2177 3941 2291 3980 rum
2323 3926 2490 3994 gratia
2535 3925 2606 3994 pii
2657 3925 2892 3978 muneris
2930 3923 3203 3976 animavit.
3247 3924 3548 3991 Aliquando
3596 3933 3752 3977 vetus

2178 4017 2352 4073 infans
2378 4016 2429 4069 in
2458 4017 2618 4068 verba
2649 4015 2887 4082 prorupit
2915 4029 2931 4078 ;
2962 4023 3048 4078 et,
3075 4013 3214 4080 quod
3245 4020 3329 4066 est
3351 4012 3707 4078 consipicuum
3729 4051 3746 4077 ,

2176 4124 2305 4185 voce
2345 4107 2536 4177 prima,
2571 4107 2717 4160 Iactis
2747 4106 2994 4159 alimenta
3024 4105 3284 4172 quaesivit.
3329 4103 3466 4170 Ergo
3505 4112 3560 4155 ut
3612 4101 3748 4156 tales

2173 4200 2323 4254 cibos
2359 4206 2484 4251 ante
2524 4197 2700 4249 omnia
2739 4198 3001 4264 posceret,
3043 4192 3169 4260 quid
3209 4191 3349 4245 aliud
3385 4193 3542 4244 datur
3583 4192 3748 4246 intel-

2176 4287 2286 4357 ligi,
2321 4285 2422 4340 nisi
2453 4285 2664 4354 quando
2691 4290 2876 4335 sanata
2905 4291 3008 4346 est,
3042 4290 3166 4334 tunc
3197 4280 3342 4348 prius
3365 4277 3662 4335 credidisse
3687 4293 3749 4335 se

2175 4378 2358 4435 nasci?

509 4488 619 4532 tum
668 4477 784 4544 ipso
833 4474 1127 4541 inspirante
1153 4470 1338 4525 videor
1364 4484 1681 4540 agnoscere,
1732 4483 1833 4521 non
1868 4469 2072 4523 tacebo.
2101 4493 2156 4556 υ
2211 4473 2338 4531 11.
2389 4468 2498 4524 Nec
2553 4465 2686 4522 illud
2740 4474 2850 4520 tam
2900 4465 3058 4520 ﬁdele
3108 4464 3421 4532 mysterium
3478 4463 3748 4519 oblivione

508 4570 644 4625 Nam
673 4575 859 4622 contra
887 4564 1160 4618 hazreticas
1209 4561 1370 4628 acies,
1414 4560 1552 4616 sicut
1579 4560 1702 4614 olim
1752 4558 1807 4612 in
1833 4571 2072 4624 corpore,

509 4674 614 4715 non
644 4657 871 4713 cessavit
893 4654 1080 4724 spiritu
1102 4653 1360 4707 dimicare
1393 4661 1441 4707 ε.
1472 4651 1676 4720 Quanta
1708 4649 1805 4703 fuit
1833 4647 1908 4702 illi
1935 4662 2071 4702 sem-

581 4800 606 4826 ι
636 4789 759 4852 Alii,
790 4793 1054 4856 turgentes.
1086 4785 1188 4856 ᾼτι,
1211 4781 1462 4856 rigentes?

575 4858 604 4898 δ
629 4847 806 4912 Nostri
836 4847 1055 4917 hfss.,ad
1081 4847 1290 4920 fratrem
1317 4852 1428 4920 eius
1459 4852 1652 4904 beatum
1691 4847 1971 4902 Martinam
2003 4849 2077 4916 fe-

509 4931 750 4982 stinabat.
771 4927 911 4979 Mori.
941 4926 998 4978 S.
1031 4925 1227 4975 Mirum.
2039 4960 2042 4963 .

581 5011 602 5038 ε
629 4997 718 5052 Sic
747 4995 872 5049 Mss.
925 5002 980 5046 at
1002 4991 1159 5055 Editi,
1190 4999 1414 5043 armalas
1451 4989 1647 5041 haberet
1671 4989 1823 5041 acies.
1877 4986 1953 5041 De
1976 4985 2078 5040 hoc

508 5067 766 5122 miraculo
796 5064 1047 5127 legendus
1068 5058 1355 5123 Gregorius
1381 5057 1727 5121 Turonensis,
1761 5057 1854 5110 lib.
1881 5072 1939 5120 ll,
1954 5070 2074 5122 cap.

509 5137 704 5202 43,ubi
740 5134 899 5188 tradit
933 5130 1482 5204 Clodoveum,quinto
1509 5140 1630 5204 ante
1655 5138 1882 5204 mortem
1914 5139 2074 5204 anno,

507 5197 746 5274 adeoque
772 5204 971 5259 Christi
996 5201 1133 5274 507,
1151 5214 1272 5274 cum
1302 5198 1515 5274 Alarico
1549 5197 1841 5274 Gothorum
1874 5197 2075 5274 rege_i_n

507 5264 698 5342 campo
729 5272 1077 5334 Vocladieusi,
1104 5270 1314 5323 decimo
1340 5268 1422 5342 ab
1440 5268 1570 5320 urbe
1599 5265 1930 5342 Pictavorum
1956 5264 2076 5318 mil-

510 5337 683 5410 liario,
713 5345 1010 5401 dimicasse,
1035 5340 1486 5395 acfusoexercitu
1501 5350 1678 5405 regem
1708 5337 1879 5403 ipsum
1893 5343 2078 5402 suapte

508 5430 666 5470 tnanu
699 5415 1005 5481 peremisse.
1040 5413 1206 5465 linea.

579 5483 606 5522 ἀ
632 5473 766 5539 Εάἶι.
797 5484 926 5545 Gi|.,
954 5491 1098 5548 tanta
1117 5477 1281 5550 jacuit
1305 5477 1356 5529 in
1385 5476 1518 5550 loco,
1541 5483 1596 5527 ut
1625 5474 1768 5550 collis
1791 5475 1896 5544 ipse
1936 5474 1996 5526 ob
2019 5473 2078 5550 id

509 5557 644 5608 visu
669 5557 733 5609 sit
763 5551 817 5608 se
844 5544 1059 5607 erexisse
1085 5544 1139 5602 in
1189 5550 1384 5610 altum;
1435 5545 1890 5612 interpolationem
1920 5544 2075 5610 sapit.

511 5624 646 5687 Boil.
696 5637 750 5678 et
793 5624 888 5678 Ms.
947 5621 1133 5684 Colb.,
1174 5618 1326 5671 coitu
1377 5631 1440 5669 es
1474 5631 1526 5668 se
1559 5615 1781 5687 quisa‘sit
1833 5615 2079 5687 montium

509 5683 738 5812 res“.
798 5683 1260 5761 Expeditior’visa
1317 5695 1401 5743 est
1449 5686 1603 5741 lectio
1672 5683 2074 5741 Gemeticensis.

537 5774 681 5812 rasa.
803 5792 814 5795 ‹
2004 5779 2012 5781 >

537 5774 681 5813 ιδεμ.
803 5792 814 5795 ί
2004 5779 2012 5781 “

2177 4565 2340 4619 noxia
2390 4561 2753 4617 subtrahatur.
2786 4559 2964 4626 Itaque
2999 4571 3119 4611 cum
3149 4557 3255 4610 duo
3281 4555 3641 4625 negotiatores
3675 4556 3745 4610 ad

2174 4655 2314 4709 beati
2340 4654 2608 4708 basilicam
2639 4650 3018 4715 occurrissent,
3053 4649 3313 4703 habentes
3345 4648 3570 4702 formam
3602 4661 3748 4704 cera

2249 4796 2273 4824 ε
2307 4785 2468 4851 Boll.,
2493 4791 2550 4838 ut
2569 4792 2622 4839 et
2650 4784 2776 4838 Mss.
2807 4782 2986 4837 Ottob.
3016 4795 3079 4835 ac
3106 4779 3284 4851 Colb.,
3313 4779 3400 4832 hic
3443 4777 3742 4851 adjiciunt:

2177 4851 2263 4908 Ita
2293 4846 2522 4909 credebat
2551 4854 2648 4906 sibi
2668 4862 2846 4905 contra
2874 4851 3133 4904 Alaricum
3155 4849 3402 4901 Arionem
3438 4847 3624 4898 iterum
3644 4846 3747 4898 bef-

2175 4926 2316 4977 landi
2346 4925 2512 4976 redire
2530 4924 2882 4975 constantiam.
2911 4920 3147 4982 Gemet.,:
3166 4915 3409 4968 Credebat
3430 4925 3535 4966 tum
3571 4924 3748 4982 contra

2177 4993 2444 5048 Hilarium
2472 4992 2720 5044 Aricinum
2745 4992 2928 5043 iterum
2954 4987 3162 5040 rediisse
3189 4981 3744 5038 Constantiamltou.

2253 5062 2272 5100 ί
2301 5062 2550 5117 Solemne
2591 5061 2688 5112 fuit
2736 5060 3022 5126 Fortunato
3069 5055 3147 5108 uti
3193 5059 3563 5126 «epiplocelen
3599 5050 3747 5126 eius-

2177 5133 2342 5199 modi,
2365 5130 2520 5202 sicuti
2544 5130 2671 5202 etin
2701 5128 2793 5182 lib.
2817 5143 2868 5180 tv
2897 5124 3031 5180 Vitae
3055 5125 3224 5202 sancti
3249 5121 3482 5202 Martini,
3515 5121 3744 5202 puellam

2180 5195 2399 5264 rnutain,
2431 5200 2549 5269 ejus
2573 5200 2766 5255 virtute
2800 5206 3038 5252 sanatam
3079 5195 3339 5259 referens,
3379 5195 3520 5244 inter
3554 5197 3746 5244 castera

2180 5276 2292 5327 haec
2322 5273 2498 5328 habet.

2301 5383 2411 5431 Mox
2437 5381 2648 5432 resoluta
2672 5386 2835 5428 movet
2855 5377 3003 5426 faucis
3026 5375 3123 5436 lyra
3145 5369 3327 5436 tinnula
3351 5369 3594 5436 plectrum
3616 5409 3631 5432 ,

2301 5445 2461 5504 Atque
2484 5447 2675 5492 insueta
2697 5445 2824 5489 cauit
2846 5433 3070 5504 carpenti
3090 5433 3472 5504 conchapalatt:

2301 5491 2461 5555 Dente
2487 5504 2628 5554 relisa
2653 5514 2790 5561 cavo,
2819 5491 3087 5562 prodocens
3103 5493 3252 5544 verba
3273 5491 3452 5543 fritillo.

2251 5586 2642 5681 thtob._Mss.
2673 5601 2950 5681 uocabulis.
3050 5668 3063 5680 .
3220 5654 3226 5659 .
3301 5677 3311 5681 _
3470 5675 3482 5681 _
3699 5668 3712 5681 ,

2251 5679 2278 5717 ¹ι
2309 5679 2538 5747 Vulgati,
2604 5675 3173 5747 membrorumjttinaa.
3207 5675 3519 5747 sustines“;
3567 5675 3744 5724 corri-

2181 5760 2372 5822 guntur
2400 5736 2461 5806 é'x
2495 5736 2619 5804 Mss.
2652 5744 2830 5798 Ottob.
2867 5750 2920 5796 et
2949 5739 3094 5796 Coib.
3128 5736 3354 5795 51011.8.
3382 5738 3586 5793 Manli.
3629 5787 3636 5790 _
