3876 6406
1669 307 1688 354 ι

495 403 600 458 ‘53

1212 398 1532 455 VENANTII
1575 355 1734 456 HOi‘i.
1775 399 1978 456 CLEM.
2031 398 2420 457 FORTUNATI
2459 402 2742 458 OPERUM
2779 402 2952 459 PARS
2997 406 3058 460 Ii.

3647 409 3737 464 λεδ

494 531 590 586 pro
619 527 684 568 eo
711 510 856 582 quod
889 512 1025 566 hunc
1057 520 1177 582 post
1215 512 1438 566 alterum
1464 513 1604 567 intra
1633 513 1795 568 breve
1820 489 2054 581 spatium
2090 515 2140 573 Λ
2168 513 2366 568 Dehinc
2398 528 2429 567 a
2453 515 2704 582 pontifice
2738 512 2765 550 ιι
2789 514 3032 568 Nectario
3062 513 3193 567 abba
3220 513 3289 567 ad
3310 520 3564 568 sanctum
3591 515 3734 585 Sym-

494 602 829 671 concepisset
856 600 909 656 in
941 611 1112 664 utero,
1146 600 1343 668 pudore
1373 612 1515 656 mota
1555 602 1824 668 muliebri,
1873 600 2061 668 cupie-

493 692 589 746 bat
635 700 760 745 ante
811 700 1016 757 partum
1063 688 1317 743 infantem
1364 691 1737 758 exstinguere;
1769 698 1820 744 et
1849 694 2064 756 accepta

494 779 713 850 potione
761 789 822 832 ut
869 779 1164 833 abortivum
1213 779 1518 847 projiceret,
1550 779 1676 832 dum
1728 793 1922 833 nocere
1953 794 2061 833 non

503 875 704 937 posset,
737 867 1021 921 incubabat
1050 869 1101 921 in
1130 860 1333 931 ventre,
1379 877 1436 921 ut
1480 868 1711 935 pondere
1754 858 2068 937 praefocaret

494 971 653 1025 quem
692 971 892 1010 venena
922 943 1116 1011 laedere
1159 970 1262 1009 non
1309 957 1562 1012 valerent.
1606 957 1854 1012 Certabat
1899 967 2066 1012 mater

493 1060 614 1099 cum
647 1046 891 1114 parvulo,
923 1045 1246 1099 renitebatur
1274 1045 1449 1099 infans
1483 1047 1549 1100 ab
1577 1057 1760 1112 utero;
1792 1056 1910 1103 erat
1937 1063 2064 1117 ergo

497 1151 666 1205 pugna
720 1136 858 1190 inter
901 1137 1176 1190 mulierem
1224 1146 1281 1190 et
1308 1140 1533 1190 viscera.
1586 1136 1900 1191 Laedehatur
1948 1153 2064 1192 ma-

495 1230 672 1289 trona,
707 1217 1124 1278 ncc'nocebatur
1166 1223 1406 1287 infantia,
1438 1225 1808 1292 obluctabatur
1833 1229 2061 1292 sarcina,

495 1327 565 1366 ne
593 1312 819 1381 genitrix
856 1312 1006 1366 ﬂeret
1035 1312 1317 1378 parricida.
1348 1312 1402 1367 id
1446 1322 1622 1367 actum
1651 1325 1753 1380 est,
1801 1324 1860 1367 ut
1887 1329 2067 1368 serva-

502 1411 588 1454 tus
634 1402 933 1464 incolumis,
972 1402 1085 1464 ipse
1136 1402 1333 1455 illaesus
1367 1404 1702 1468 procederet,
1751 1411 1804 1454 ct
1843 1411 2065 1456 matrem

496 1490 749 1547 redderet
792 1491 1149 1543 innocentem.
1184 1487 1307 1542 Erat
1345 1491 1469 1543 hinc
1505 1490 1675 1567 futura
1707 1505 2065 1558 przenoscere,

501 1591 626 1636 ante
655 1580 842 1634 fecisse
882 1580 1016 1650 ML,
1067 1580 1260 1633 factam
1310 1595 1406 1650 pro
1455 1579 1540 1650 eo]
1591 1583 1860 1651 virtutem,
1908 1597 2066 1651 quam

503 1674 651 1728 nasci
680 1673 960 1740 contigerit
997 1679 1043 1721 ι.

567 1763 619 1817 2.
667 1761 862 1816 Deinde
895 1774 1017 1815 cum
1047 1759 1077 1798 δ
1125 1759 1385 1816 Avallone
1426 1771 1602 1815 castro
1647 1775 1766 1815 cum
1813 1761 2068 1818 Stratidio

2166 603 2480 670 phorianum
2519 603 2535 642 ί
2573 604 2765 658 merito
2786 603 2975 672 dignus
3003 603 3304 657 asciscitur.
3360 605 3569 670 Quanta
3621 623 3735 661 vero

2165 684 2290 743 inibi
2339 693 2654 746 abstinentia
2700 693 2932 758 vixerit,
2978 692 3190 768 quantis
3264 708 3484 762 quoque
3543 698 3732 766 vigiliis

2165 780 2524 834 continuando
2549 782 2847 846 duraverit,
2883 782 3075 852 quibus
3104 779 3475 854 eleemosynis
3501 788 3733 851 profusus

2165 868 2444 934 exstiterit,
2478 869 2562 923 illa
2600 884 2686 923 res
2716 887 2816 923 una
2848 873 2999 925 testis
3027 881 3108 925 εει
3142 887 3298 926 :cum
3324 873 3437 941 jam
3470 875 3636 930 rebus
3663 892 3734 930 η-

2167 958 2322 1027 liquis
2351 961 2675 1027 pauperibus
2702 962 2933 1029 erogatis
2982 977 3078 1017 nec
3131 966 3282 1031 panis
3335 966 3457 1032 ipse
3488 966 3730 1038 resideret

2165 1037 2422 1115 quatenus
2448 1049 2642 1104 fratres
2673 1052 3035 1114 reficerentur,
3077 1067 3179 1120 qua
3210 1054 3277 1106 de
3318 1067 3379 1107 re
3421 1055 3731 1125 insurgenti-

2166 1137 2262 1191 bus
2299 1138 2579 1192 adversum
2611 1154 2669 1193 se
2699 1141 2994 1206 monachis,
3040 1142 3328 1196 retrudens
3359 1157 3418 1196 se
3447 1142 3502 1198 in
3533 1145 3723 1204 cellula.

2165 1242 2344 1281 amare
2375 1228 2516 1280 ﬂevit
2563 1239 2616 1281 et
2643 1228 2834 1282 doluit.
2870 1229 3012 1282 Inter
3043 1229 3178 1293 haec,
3209 1232 3330 1298 ipso
3361 1244 3572 1299 orante,
3605 1250 3728 1302 qua:-

2166 1315 2285 1368 dam
2318 1315 2468 1368 Anna
2514 1327 2754 1368 matrona
2803 1317 3033 1370 duorum
3103 1319 3117 1366 1'
3179 1323 3579 1375 sauntariurum
3630 1339 3726 1377 cum

2169 1421 2304 1474 pane
2331 1405 2516 1476 dirigit
2544 1421 2727 1460 onera.
2761 1407 3015 1475 Sequenti
3056 1409 3211 1462 etiam
3253 1410 3344 1465 die
3386 1425 3515 1464 cum
3542 1428 3726 1467 annona

2166 1493 2450 1548 chtinavit
2476 1494 2629 1563 plena
2655 1497 2894 1563 carpenti
2922 1496 3184 1562 vehicula,
3216 1499 3287 1550 ita
3320 1511 3381 1552 ut
3405 1500 3610 1555 exinde
3634 1517 3726 1554 mi.

2169 1581 2318 1636 nacbi
2364 1598 2486 1636 cum
2535 1593 2908 1638 saturarentur
2951 1585 3092 1648 cibo,
3143 1596 3485 1642 terrerentur
3530 1591 3728 1646 miracu-

2170 1671 2221 1724 lo
2251 1669 2300 1724 Ιι.
2335 1670 2428 1724 llis
2454 1671 2632 1740 itaque
2660 1671 2872 1726 celeber
2902 1673 3142 1728 intentus
3188 1673 3403 1742 ofﬁciis,
3433 1691 3548 1747 non
3589 1678 3728 1733 desim

2170 1758 2508 1826 przcdicantis
2533 1757 2865 1814 manifestari
2914 1763 3209 1819 miraculis.

500 1857 795 1923 pr0piuquo
829 1867 960 1921 puer
1006 1851 1208 1905 scholis
1248 1861 1576 1914 excurreret,
1625 1864 1646 1890 ε
1695 1861 1864 1905 mater
1896 1851 1920 1890 ά
1965 1867 2067 1920 pa-
2097 1847 2144 1906 Β
2187 1840 2189 1842 ’
2240 1847 2295 1901 4.
2337 1850 2495 1917 Igitur
2525 1852 2752 1920 quadam
2783 1853 2896 1907 vice
2940 1853 3067 1906 dum
3105 1855 3285 1908 cibum
3316 1857 3495 1912 fessus
3535 1863 3729 1928 accipe-

501 1949 685 2010 rentis,
721 1956 774 1997 ut
797 1943 912 2012 ejus
937 1943 1299 1996 hereditatem
1322 1945 1646 2009 acquirerct,
1670 1943 1737 1997 de
1759 1944 2073 1999 adolescen-

503 2033 571 2086 tis
604 2033 836 2086 fallitura
866 2045 995 2084 nece
1036 2032 1299 2084 tractavit.
1345 2031 1475 2097 Qua)
1520 2041 1871 2101 temperatam
1905 2034 2072 2102 potio-

501 2137 622 2178 nem
654 2125 705 2176 in
734 2121 1023 2190 atnpullula
1060 2120 1317 2186 condidit,
1347 2123 1526 2175 viuum
1556 2137 1765 2192 quoque
1800 2125 1852 2176 in
1883 2125 2069 2190 altera,

502 2214 820 2281 praecipiens
888 2211 1078 2281 puellae
1131 2219 1208 2276 ut,
1262 2213 1596 2266 venientibus
1661 2213 1938 2279 ambobus,
1997 2198 2073 2268 illi

505 2305 806 2372 porrigeret
867 2304 933 2357 de
985 2302 1130 2370 vino,
1190 2301 1278 2356 isti
1328 2302 1396 2358 de
1443 2303 1725 2358 maleﬁcio.
1772 2303 1876 2358 Sed
1927 2304 2073 2373 igno-

499 2408 623 2447 rans
671 2393 913 2446 ministra
962 2391 1310 2460 atnpullulam
1361 2402 1533 2446 mutat
1572 2403 1628 2447 et
1668 2394 1857 2460 pocula
1909 2410 1923 2446 :
1979 2395 2060 2446 vi-

502 2496 630 2536 num
679 2490 864 2535 sancto
914 2479 1201 2547 Germano,
1237 2495 1498 2534 venenum
1549 2481 1639 2534 dat
1683 2482 1965 2547 Stratidio;
2016 2491 2068 2536 et

502 2572 628 2625 dum
659 2571 852 2624 insonti
902 2559 1228 2640 prmparatur
1277 2562 1544 2645 interitus,
1591 2580 1781 2626 auctor
1827 2571 1972 2625 cadit
2019 2571 2070 2624 in

504 2664 772 2732 laqueum.
802 2662 920 2728 Quo
948 2670 1119 2715 mater
1146 2659 1264 2729 ejus
1293 2663 1529 2729 cognito,
1577 2661 1803 2728 puellam
1838 2662 2076 2728 increpat

502 2768 622 2806 cum
657 2750 802 2814 ﬂetu,
837 2750 1161 2807 cxstinxisse
1186 2765 1244 2803 se
1275 2749 1462 2804 filium.
1506 2749 1602 2803 Cui
1647 2749 1903 2804 Stratidio
1928 2751 2074 2804 solli-

501 2842 607 2895 cite
640 2843 878 2908 impenso
908 2838 1101 2900 studio,
1136 2840 1270 2892 Iacto
1299 2837 1366 2892 de
1394 2838 1523 2907 ipsis
1553 2837 1828 2893 maleﬁciis
1857 2844 1880 2876 ι
1905 2839 2069 2902 vario,

505 2930 605 2983 etsi
641 2928 976 3019 mors\vitam
1027 2941 1129 2980 non
1161 2926 1399 2989 abstulit,
1433 2933 1610 2980 tamen
1641 2927 1847 2994 signum
1888 2932 2072 2980 mortis

522 3018 693 3070 niixit.
886 3085 892 3088 _

577 3107 630 3158 3.
673 3107 806 3158 Iliuc
835 3106 900 3158 ad
951 3112 1227 3171 parentem
1259 3117 1412 3156 suum
1443 3111 1681 3156 sanctum
1715 3094 2068 3170 Scapilionem

515 3193 532 3232 ¹
564 3195 748 3247 Lausia
777 3207 834 3247 se
860 3193 1162 3256 conferens,
1195 3193 1430 3245 muribus
1462 3191 1699 3245 honestis
1729 3193 1886 3247 alitus
1907 3202 1963 3246 et
1993 3194 2071 3246 in-

505 3285 725 3339 stitutus
749 3293 849 3338 est.
883 3282 1123 3348 Quicum
1155 3281 1265 3335 fere
1308 3281 1451 3335 mille
1483 3295 1670 3350 passus
1717 3281 1873 3351 longe
1901 3297 1929 3334 a
1957 3283 2074 3335 vico

507 3377 878 3436 ennsisterent,
909 3373 1104 3440 jugiter
1133 3373 1197 3424 ad
1235 3373 1523 3424 matutinos
1572 3371 1878 3437 currebant,
1929 3373 2070 3425 dueti

508 3463 627 3517 fidei
660 3462 856 3524 calore,
890 3475 981 3527 per
1009 3469 1398 3526 tempestatem,
1442 3475 1535 3527 per
1580 3460 1833 3514 hiemem.
1866 3460 1966 3526 Qui
1994 3462 2072 3514 iu-

507 3563 584 3608 tra
617 3555 748 3607 terni
783 3546 931 3606 lustri
955 3561 980 3598 tt
1006 3552 1235 3619 spatium
1263 3565 1292 3603 a
1321 3550 1473 3604 beato
1506 3550 1799 3619 Agrippino
1819 3550 2074 3606 diaconus

510 3643 821 3713 instituitur,
848 3651 903 3696 et
933 3651 1187 3709 sequente
1213 3641 1440 3694 triennio
1467 3630 1746 3708 presbyter
1770 3640 2064 3695 ordinatur.

579 3803 604 3830 ει
668 3792 820 3859 Apud
878 3789 1122 3859 eumdem
1179 3788 1316 3841 Boil.
1391 3789 1506 3859 lucc
1553 3787 1710 3841 verba
1762 3788 2067 3859 adduntur:

509 3864 610 3917 Per
665 3855 984 3914 incrementa
1057 3858 1286 3924 denique
1357 3858 1646 3917 virtutum,
1711 3855 1780 3924 ad
1828 3860 2072 3924 ,meliora

518 3931 758 4001 quotidie
788 3939 1092 4001 provecms,
1137 3922 1428 4001 litterarum
1459 3925 1646 4001 studiis
1691 3922 2072 4001 a_d_nl_cissiniis

515 3992 822 4066 parentibus
852 4008 931 4049 est
960 3997 1202 4059 traditus,
1239 4003 1296 4047 ut
1321 3994 1573 4063 deinceps
1612 3992 1664 4047 in
1707 3993 1796 4046 Dei
1827 3993 2072 4048 laudibus

514 4069 795 4124 haberetur
825 4066 1035 4133 dignus.

577 4138 605 4176 δ
647 4137 844 4198 Αυαιιο,
874 4129 965 4188 seu
999 4134 1200 4197 Abella,
1226 4132 1463 4197 Avallon,
1505 4131 1757 4199 oppidum
1789 4129 1841 4184 in
1875 4132 2072 4186 ducatu

512 4208 827 4273 ﬂurgundiae
856 4206 992 4256 inter
1035 4202 1474 4270 Augustodunum
1523 4213 1574 4253 et
1604 4202 2068 4256 Autissiodorum.

509 4276 774 4393 Μλέιζίεε.
807 4336 1006 4400 ΒοηῙΙ’;,
1041 4336 1206 4388 Mater
1233 4337 1461 4405 ejusdem
1499 4335 1728 4389 Statidii.
1771 4337 1931 4391 Βοιι.

577 4408 606 4445 ά
647 4411 761 4463 Alia
815 4408 1137 4473 exemplaria
1169 4407 1365 4475 habent
1394 4406 1683 4472 prapinqut',
1714 4406 1807 4458 sed
1853 4418 2073 4475 utraque

2179 1947 2280 2002 ret,
2309 1938 2636 2006 ingrediente
2662 1938 2910 1993 Antando
2940 1942 3202 1995 monacho
3227 1944 3278 1996 in
3308 1944 3476 1999 fenile
3509 1962 3626 2000 cum
3655 1950 3727 2000 lu-

2175 2028 2337 2091 mine,
2366 2027 2600 2082 carboue
2636 2020 2937 2094 decide'nte,
2969 2029 3184 2085 ﬂamma
3232 2032 3417 2088 fenum
3467 2039 3726 2106 corripuit,

2176 2127 2231 2173 ct
2254 2119 2399 2174 arida
2431 2120 2747 2176 nutrimenta
2791 2135 2955 2175 vorax
3000 2122 3138 2194 ignis
3183 2126 3448 2182 aiiambit.
3503 2128 3730 2183 Coacnré

2175 2213 2412 2266 rentibus
2447 2207 2685 2280 reliquis,
2721 2225 2818 2267 nec
2848 2202 3022 2268 tamen
3050 2211 3518 2285 s'uccurréntibus,
3547 2221 3731 2275 tardius

2173 2298 2287 2367 ipse
2325 2300 2624 2368 prosiliens,
2659 2313 2808 2371 rapta
2865 2303 2934 2356 de
2977 2303 3098 2358 foco
3139 2320 3392 2370 cucuma,
3438 2312 3725 2364 ascendens

2175 2403 2335 2466 supra
2379 2389 2659 2454 fabricam,
2690 2393 2979 2445 concinens
3008 2394 3258 2457 Alleluia,
3289 2395 3523 2452 fundens
3566 2399 3734 2466 pauida

2175 2463 2284 2530 ium
2309 2492 2459 2546 aqua:
2486 2478 2538 2531 in
2565 2477 2739 2532 crucis
2766 2479 3070 2547 imaginem,
3102 2484 3346 2536 restinxit
3387 2463 3653 2552 incendia,
3680 2501 3733 2542 ac

2173 2554 2241 2620 de
2269 2580 2428 2626 manu
2470 2555 2638 2621 sancti
2669 2567 2837 2624 imbre
2865 2569 3048 2624 sedata
3098 2581 3179 2626 est
3227 2573 3364 2640 ignis
3395 2575 3558 2642 unda,
3592 2593 3732 2644 quam

2175 2655 2259 2708 vix
2286 2656 2681 2724 exstinguerent
2708 2656 2944 2712 ﬂumina.
2975 2658 3127 2723 Quod
3179 2668 3358 2716 tamen
3392 2673 3611 2732 postem
3633 2664 3728 2729 die,

2171 2735 2324 2815 cujus
2346 2747 2549 2802 insidiis
2577 2757 2752 2801 actum
2779 2758 2879 2811 est,
2914 2747 3080 2802 hostis
3122 2750 3236 2817 ipse
3262 2752 3549 2806 confessus
3574 2762 3669 2808 est.

2243 2836 2297 2891 5.
2345 2835 2360 2873 ι
2389 2837 2692 2892 Cbariulfus
2714 2838 2929 2905 quidam
2962 2839 3195 2893 Francus
3226 2842 3416 2907 partim
3443 2844 3586 2897 villa
3611 2845 3731 2896 basi-

2174 2921 2291 2977 lica:
2331 2938 2417 2978 res
2446 2923 2744 2978 obstinatus
2769 2925 3055 2977 invaserat.
3099 2927 3267 2988 Quem
3294 2942 3417 2980 cum
3448 2930 3532 2980 vir
3563 2929 3652 2982 Dei
3675 2929 3728 2980 ad

2174 3006 2501 3063 reddendum
2563 3006 2898 3076 aliquatenus
2959 3022 3346 3077 communeret,
3408 3029 3506 3066 nec
3571 3010 3728 3068 tamen

2179 3097 2478 3165 proliceret,
2511 3096 2575 3149 ad
2603 3097 2901 3150 orationem
2933 3112 2991 3151 se
3018 3100 3306 3165 convertit,
3340 3115 3440 3155 nec
3471 3094 3608 3156 ﬁdes
3633 3105 3727 3154 vin-
3822 3105 3823 3166 ᾗ

2177 3188 2368 3242 dictam
2407 3187 2627 3244 distulit.
2659 3186 2846 3243 Statim
2881 3205 2945 3244 ex
2989 3190 3165 3244 vicino
3210 3180 3357 3244 ferus
3400 3207 3560 3246 ursus
3601 3209 3709 3257 exs:

2175 3279 2308 3332 Iiens
2337 3288 2446 3333 tres
2475 3278 2611 3333 illius
2656 3293 2822 3349 equos
2870 3279 3160 3345 interiecit,
3213 3297 3312 3337 nec
3363 3284 3446 3338 sic
3490 3301 3520 3338 a
3548 3285 3726 3339 duritia

2175 3368 2453 3435 resipiscit.
2479 3368 2734 3438 Sequenti
2779 3384 2904 3423 vero
2937 3382 3092 3436 nocte
3125 3371 3426 3441 duplicavit
3459 3376 3599 3428 ultor
3619 3390 3726 3443 per-

2174 3458 2386 3518 niciem.
2448 3456 2549 3512 Sex
2612 3459 2856 3525 jumenta
2903 3457 3194 3526 interemit,
3257 3477 3356 3516 nec
3414 3463 3491 3517 sic
3539 3477 3728 3530 quoque

2175 3558 2330 3616 paena
2357 3547 2585 3603 suffecit.
2614 3549 2794 3624 Tertia
2839 3548 2979 3603 idem
3038 3562 3194 3605 nocte
3255 3566 3454 3607 novem
3503 3555 3728 3609 vehicula
3822 3547 3823 3626 ἲ

2174 3641 2479 3708 prosternit,
2509 3639 3102 3708 triplicatocadavere:
3155 3646 3233 3697 sic
3284 3643 3439 3699 labor
3467 3646 3728 3701 crescebat

2173 3788 2643 3862 ipsius_Agrippini
2670 3791 2942 3857 decessor,
2982 3789 3296 3862 iEpaonen'si
3345 3797 3579 3852 concilio
3616 3799 3727 3852 suta

2173 3859 2508 3924 scripsit.'At
2546 3875 2672 3913 vero
2700 3872 2913 3915 sanctus
2962 3859 3262 3918 Germanus
3294 3881 3436 3918 anno
3464 3870 3622 3920 citato
3656 3869 3724 3917 vi-

2175 3925 2305 3992 ginti
2334 3927 2608 4002 minimum
2639 3942 2823 4002 annos»
2849 3929 2956 4002 jam
2996 3933 3276 4002 attigerat,
3324 3935 3591 4001 siquidem
3635 3938 3721 4002 {ac

2174 3995 2521 4114 Ξειὲςῗηανὶω
2542 3996 2770 4048 evolavit
2812 3998 2879 4049 ad
2908 3997 3076 4051 ctelos
3106 3995 3196 4065 (ex
3227 3995 3408 4064 Fore,
3446 4018 3502 4053 η.
3531 3995 3721 4064 67f“.

2221 4080 2236 4114 ι
2285 4101 2298 4113 .
2348 4077 2473 4114 an.

2221 4077 2298 4114 ID.
2326 4077 2473 4116 [DEI-

2206 4179 2221 4193 ,
2247 4128 2271 4166 ¹³
2313 4130 2864 4204 δεηειυείΝεεμτῇιιε,
2895 4134 3178 4204 episcopus
3203 4135 3454 4188 Ecclesia
3487 4140 3723 4204 Augusto-

2175 4199 2453 4264 duuensis,
2481 4201 2800 4268 subscripsit
2826 4203 3053 4254 concilio
3084 4205 3459 4257 Attreiianensi
3489 4199 3589 4256 an:
3611 4200 3714 4256 εις.

2175 4270 2339 4324 Bona.
2373 4269 2511 4325 idem
2558 4279 2782 4339 praeerat
2827 4269 3077 4323 Ecclesia:
3125 4272 3200 4324 illi
3254 4272 3319 4324 ad
3367 4288 3458 4326 an.
3509 4271 3633 4337 541,
3674 4281 3720 4323 ui

2177 4348 2326 4393 notat
2367 4340 2607 4393 Cointius
2633 4342 2700 4392 ad
2734 4341 2871 4394 hunc
2897 4354 3115 4401 annum,
3149 4356 3297 4393 num.
3325 4339 3423 4393 29.

2251 4408 2268 4479 ε
2309 4409 2536 4464 Sanctus
2562 4408 2982 4478 Sytnpborianus
3013 4420 3215 4479 martyr
3241 4410 3609 4478 Augustuduni
3630 4423 3714 4466 et-

507 4494 636 4544 vox,
661 4493 841 4545 parens
867 4485 911 4528 et
945 4477 1278 4544 prapinquus,
1311 4473 1600 4548 Fortunato
1639 4488 1935 4548 synonyma
1966 4473 2068 4531 est.
2095 4488 2150 4548 D
2177 4478 2363 4548 cubuit
2404 4479 2523 4531 sub-
2545 4473 2847 4532 Atireiiann.
2889 4479 3019 4548 Ejus
3059 4473 3188 4534 Act'a
3236 4473 3400 4534 babes
3441 4481 3583 4535 inter
3605 4482 3716 4534 Act:

515 4541 748 4602 Ilinc'ad
782 4541 1046 4613 parentem
1073 4541 1240 4609 suum,
1273 4554 1504 4598 sanctum
1534 4541 1896 4612 Scoptlionent,
1943 4557 2072 4610 etc.,

510 4621 619 4680 hic,
651 4635 706 4671 n.
752 4619 805 4671 ὅ.
859 4616 1087 4670 ΜΑΒΙΜ..

583 4700 605 4725 ο
657 4687 856 4751 Varius,
891 4687 940 4737 id
961 4695 1064 4746 est,
1093 4685 1410 4737 maculosus.

583 4756 602 4795 ί
647 4750 859 4816 Lausia,
890 4769 982 4807 seu
1015 4752 1230 4815 Lausea,
1262 4753 1423 4821 Luzy.
1451 4750 1760 4819 oppidulum
1799 4751 1936 4805 inter
1959 4754 2072 4803 Alt-

508 4829 863 4898 gustodununt
896 4834 950 4898 et
980 4822 1203 4898 Ligerim
1247 4825 1432 4898 medio
1461 4823 1577 4898 fere
1609 4823 1891 4898 intervallo
1933 4822 2073 4898 posi-

516 4888 648 4950 ium.
685 4896 835 4963 [iugo
856 4893 1025 4948 abbas
1058 4888 1342 4963 Flaviniaci
1372 4890 1424 4963 in
1455 4891 1679 4963 Clt_rou.,
1713 4906 1762 4954 p.
1804 4891 1851 4955 i,
1896 4890 1960 4942 ad
1979 4905 2070 4963 an.

509 4968 634 5029 630,
681 4958 914 5017 afﬁrmat
960 4960 1098 5025 quod
1144 4959 1195 5009 in
1241 4959 1350 5029 vico
1390 4958 1648 5011 Lausiat'n
1677 4975 1851 5010 mutuo
1883 4958 2070 5010 nativi-

510 5027 631 5087 tatis
648 5032 812 5089 sancti
841 5029 1080 5082 δεητικιηὶ
1109 5042 1209 5078 non
1238 5027 1398 5088 Canis,
1447 5044 1546 5080 nou
1575 5029 1682 5080 avis
1731 5032 1956 5094 praedam
1983 5043 2073 5078 ra-

512 5120 625 5170 pere
655 5101 908 5172 prccvulet,
938 5111 1051 5168 qua:
1099 5111 1208 5172 "non.
1237 5097 1415 5172 statim
1443 5097 1842 5172 intereat,__quo_d
1873 5097 2072 5172 experi-

510 5163 675 5225 inento
702 5163 968 5241 probaturi:
992 5176 1082 5241 est.
1111 5164 1209 5229 Qui
1237 5164 1381 5241 locus
1407 5179 1569 5241 usque
1593 5166 1748 5241 hodie
1779 5163 2068 5241 Ecclesiatn

514 5233 726 5307 retinet,
783 5239 952 5292 sancti
1002 5233 1250 5288 Germani
1307 5235 1542 5299 nomine,
1599 5247 1652 5289 et
1689 5233 1884 5288 virtute
1939 5233 2071 5287 iusi-

507 5327 678 5380 gnetn.
728 5310 930 5380 filum.
958 5353 963 5360 .
1244 5371 1255 5380 _
1394 5371 1404 5380 -

583 5389 605 5427 ι
650 5378 869 5433 Dubium
903 5384 984 5429 est
1013 5390 1076 5426 an
1121 5371 1348 5441 spatium
1393 5369 1528 5422 istud
1573 5370 1875 5438 quindecim
1906 5387 2070 5425 anuo-

508 5467 624 5505 rum
655 5463 682 5500 a
716 5447 884 5502 sancti
911 5444 1157 5497 Germani
1193 5441 1485 5500 Itatit-itatc,
1512 5453 1576 5491 an
1604 5455 1633 5492 a
1664 5449 1920 5510 tempore;
1966 5456 2071 5510 quo

509 5517 825 5584 Scopilionis
853 5515 1182 5580 disciplinam
1205 5511 1388 5584 subiit,
1423 5511 1494 5584 sit
1514 5511 1854 5584 tltetienduin.
1888 5513 2071 5584 Postc-

510 5577 629 5641 rius'
664 5587 830 5654 magis
885 5577 1116 5654 arridet;
1176 5596 1294 5632 nam
1349 5577 1690 5654 Agrippintts,
1745 5579 2069 5634 IEdunettsis

508 5647 807 5724 episc0pus,
841 5655 930 5725 qui
963 5653 1284 5725 Germanum
1313 5647 1577 5725 ordinavit
1597 5647 1901 5725 diaconum,
1937 5665 2070 5725 nou-

510 5715 632 5779 dum
676 5715 872 5778 sedent.
900 5722 1170 5775 obtinebat
1215 5733 1354 5773 anno
1405 5715 1527 5780 517,
1560 5729 1664 5785 qtto
1709 5717 2065 5788 Pragmatius,

2175 4547 2310 4601 sine.
2352 4558 2595 4615 martyr.,
2627 4549 2692 4599 ad
2721 4561 2808 4599 an.
2844 4547 2944 4600 180
2971 4549 3202 4602 circiter.

2248 4617 2263 4663 ἱ
2312 4617 2594 4680 Saumarit,
2624 4616 2744 4682 equi
2790 4620 3087 4685 sarcinarii,
3139 4618 3307 4672 Gallis
3349 4618 3650 4682 Sellasia-ag
3687 4629 3716 4669 ι

2172 4686 2344 4790 άάῐμα
2371 4686 2598 4739 sarcina.
2625 4685 2816 4738 MARIL.

2313 4755 2432 4790 Dnu
2464 4757 2575 4790 Imm
2623 4759 2778 4790 ποινὴ,

2312 4755 2435 4807 Post
2463 4757 2575 4807 hinc
2623 4759 2782 4807 verba
2824 4755 2962 4821 apud
2995 4757 3231 4820 Surium.
3263 4766 3316 4810 et
3359 4755 3416 4810 in
3472 4753 3715 4811 omnia

2174 4824 2487 4890 apographis
2519 4825 2824 4888 posterioris
2874 4825 3046 4877 artatis
3074 4827 3380 4878 inseruntur
3427 4827 3482 4878 hi
3510 4838 3682 4877 versu

2173 4890 2331 4959 Cujus
2360 4892 2502 4943 bouis
2530 4891 2764 4960 operibus
2810 4893 3159 4960 inﬂammatus
3185 4895 3478 4960 episcopus,
3505 4903 3714 4944 ω

2172 4961 2336 5012 virum
2367 4974 2522 5025 neque
2542 4959 2713 5010 adhuc
2750 4961 2845 5012 ista
2864 4959 3382 5024 recusantemrqnenl
3421 4962 3574 5012 eti-It
3601 4965 3713 5026 πὲ-

2172 5030 2405 5080 dicabant
2425 5029 2697 5088 dwntonia,
2725 5030 2778 5079 in
2799 5027 3082 5080 custodiam
3103 5031 3274 5080 trusit.
3296 5027 3396 5080 Cati
3425 5029 3587 5096 [una
3607 5035 3711 5096 ιιη

2171 5098 2342 5150 divino
2369 5097 2687 5165 aperiebatur
2713 5096 3046 5166 ergastulum,
3087 5100 3176 5166 sed
3204 5112 3309 5148 non
3350 5095 3476 5149 hinc

2171 5169 2339 5229 batur,
2370 5168 2465 5219 nisi
2511 5166 2725 5235 suppleat
2760 5165 2806 5216 el
2849 5165 3158 5235 episcopalts
3181 5168 3392 5217 daretur
3443 5165 3710 5232 ιιι-ιω,

2170 5240 2240 5289 At
2262 5251 2383 5290 cum
2413 5237 2594 5306 ista_iu
2623 5235 3029 5306 antiquioribus,
3057 5235 3710 5306 sincerioribusqne-ut-

2173 5307 2353 5360 brauis
2383 5321 2487 5358 nou
2544 5303 2804 5374 legantur,
2838 5307 2940 5357 huc
2989 5303 3293 5360 resocanda
3343 5304 3402 5358 in
3461 5303 3708 5360 iam:

2169 5374 2436 5429 duximus.
2494 5375 2644 5428 Ιοειι.

2248 5445 2261 5482 ι
2324 5437 2637 5512 Chai-iullus,
2687 5443 2810 5497 aliis
2866 5441 3239 5512 Wamulfus;
3275 5441 3445 5498 Βοιι..
3495 5437 3709 5512 Anuli:

2172 5514 2303 5568 forte
2329 5514 2466 5567 idem
2491 5508 2578 5568 est
2603 5508 2761 5580 quem
2791 5513 2954 5566 refert
2979 5512 3148 5580 Grcg:
3198 5508 3334 5568 Tur.
3379 5516 3418 5570 i.
3473 5509 3706 5580 ulli",

2169 5598 2220 5637 c.
2247 5583 2338 5646 38,
2370 5598 2489 5637 cum
2537 5577 2844 5644 Muiumolo,
2874 5591 3035 5646 atque
3084 5577 3333 5638 Wadone
3359 5583 3429 5642 tie

2173 5641 2517 5708 Gundovaldo
2545 5648 2785 5706 hostibus
2822 5641 3132 5704 socieiate‘nt
3156 5649 3386 5709 iniisse!

3425 6283 3454 6292 ..ι
3669 6259 3674 6270 ⁵
3685 6271 3688 6278 Ι
3749 6285 3752 6288 ¹
3761 6269 3766 6278 Il

3165 6349 3170 6354 ι
3215 6327 3236 6342 ⁵
3385 6311 3388 6318 =

3247 6353 3270 6366 ιι

3043 6375 3135 6399 ειη-⁵⁵·
