3876 6362
97 373 204 429 857
1072 368 1229 425 VITA
1269 370 1325 427 S.
1368 367 1669 426 GERMANI
1708 366 2129 428 PABISIENSIS
2170 369 2493 427 EPISCOPI.
3239 376 3342 433 l5!

95 484 158 539 in
196 478 427 537 cladem.
475 478 677 538 Dehinc
704 481 769 536 ad
803 481 1015 537 beatum
1047 482 1218 536 virum
1250 482 1453 537 t'ardius
1494 479 1673 549 dirigit
1700 482 1748 540 Α
1848 468 2014 535 9.Ἐι
2037 483 2288 549 quoniam
2328 482 2636 538 beatissimo
2675 493 2791 539 erat
2833 484 3094 542 familiare
3116 487 3171 541 in
3198 490 3339 543 basi-

94 588 351 643 puerum,
394 586 581 641 agrum
628 573 882 628 reiormat
926 574 1192 638 invasutn,
1222 572 1501 629 calamitas
1526 586 1677 627 com-
1778 570 1879 625 lica
1902 573 2039 626 santi
2075 569 2094 610 ί
2119 572 2493 643 Sympltoriani
2522 573 2625 628 soli
2655 574 2863 643 vigilias
2885 575 3103 639 ducere,
3123 591 3337 633 euntem

92 663 358 731 poscitur.
405 660 460 716 ld
505 672 679 722 actum
727 671 810 716 est
845 671 924 729 ut,
971 661 1139 717 bestia
1170 664 1487 734 castiganto,
1516 662 1677 716 homo
1778 675 1899 716 eum
1951 658 2550 720 monaclius'Silvester
2594 666 2957 733 prosequitur.
3004 667 3069 721 Et
3117 669 3343 739 ingressi

91 764 318 809 sensum
348 753 634 821 acciperet,
676 760 732 808 et
773 752 927 807 daret
973 764 1079 806 non
1130 750 1448 822 intelligenti
1500 751 1674 807 bellua
1778 753 1976 819 pariter
2017 752 2085 807 ad
2137 753 2306 809 sancti
2354 754 2605 826 martyris
2651 756 2938 820 tumulum,
2989 756 3337 813 circa-nocti-

91 844 386 897 rationem.
1332 844 1335 849 '
1778 840 2039 905 medium.
2067 840 2136 898 ab
2162 840 2313 897 altari
2348 844 2631 898 tumultum
2654 886 2667 907 ,
2703 843 3122 914 frequentamus
3162 864 3343 903 τυωιμ

170 932 224 987 6.
266 931 473 989 Dehine
499 933 686 988 beatus
710 932 958 1003 Agricola
985 941 1010 969 ι
1041 929 1434 990 Cabillonensis
1462 933 1671 1003 episco-

88 1038 199 1093 pus
229 1022 430 1077 habens
451 1024 836 1079 cubicularium
856 1024 1088 1093 graviter
1111 1025 1163 1078 vi
1187 1022 1414 1078 febrium
1447 1021 1668 1087 fessum,

87 1115 184 1185 qui
214 1113 483 1170 destinato
516 1116 699 1171 animo
728 1124 872 1171 totus
918 1114 1185 1185 pendebat
1230 1116 1284 1169 in
1315 1116 1559 1178 transitu,
1591 1113 1673 1168 di-

86 1210 220 1279 rigit
270 1207 339 1262 ad
385 1220 625 1263 sanctum
675 1208 845 1263 virum
904 1206 1272 1263 intercedendi
1329 1204 1668 1278 suffragium.

85 1299 269 1366 Tune,
316 1284 586 1369 perceptis
640 1291 882 1368 apicibus
915 1297 1150 1353 basilica
1176 1297 1279 1351 sub
1326 1295 1557 1366 porticu,
1604 1294 1670 1348 ad

86 1392 267 1447 sancti
312 1390 689 1463 Symphoriani
714 1390 1018 1460 sepulcrum
1059 1388 1417 1460 progreditur.
1461 1384 1670 1441 interea

88 1484 179 1535 vir
219 1483 397 1550 justus
440 1482 669 1536 orationi
718 1480 980 1546 incubuit,
1029 1487 1230 1534 terram
1279 1490 1505 1546 corpore
1552 1488 1672 1545 pre.

85 1568 285 1635 mens;
303 1582 357 1626 et
382 1571 559 1627 sidera
605 1578 786 1626 mente
827 1568 1212 1624 transcenderis
1237 1583 1255 1634 ;
1285 1575 1340 1621 et
1363 1566 1515 1636 quasi
1544 1574 1671 1621 ante

84 1671 148 1712 se
178 1659 382 1714 habens
420 1662 758 1730 presentiatn
813 1659 1046 1723 Domini,
1093 1672 1192 1727 pro
1236 1667 1362 1718 voto
1415 1655 1669 1725 supplicis

83 1751 406 1807 obsecrator
433 1754 657 1809 accedit.
690 1754 717 1793 δ
745 1753 879 1809 Nam
902 1758 1026 1807 mox’
1056 1752 1261 1808 vicinus
1289 1748 1669 1817 Redemptoris

1775 945 1895 997 res,
1922 930 2214 1001 accipiunt,
2246 941 2497 1003 tanquam
2523 932 2573 988 si
2601 933 2668 988 ad
2696 936 2939 1003 rapinam
2966 935 3190 990 collecta
3218 952 3343 991 eur-

1773 1030 1919 1077 reret
1946 1021 2251 1077 multitudo.
2279 1022 2519 1079 Credens
2546 1023 2692 1079 enim
2722 1024 2803 1077 vir
2831 1023 2927 1080 Dei
2948 1026 3152 1081 versari
3180 1025 3342 1081 latro-

1774 1126 1898 1167 num
1942 1112 2243 1178 incursum,
2296 1114 2519 1182 imperat
2564 1114 2831 1172 monacho
2870 1125 2997 1171 ante
3033 1118 3341 1185 sepulcrum

1774 1202 2022 1271 psallere.
2069 1201 2186 1271 lpse
2230 1217 2359 1259 vero
2403 1204 2611 1259 accedit
2653 1205 2721 1259 ad
2765 1205 2956 1261 altare.
3001 1206 3209 1263 Dehine
3254 1210 3343 1265 illa

1775 1290 1925 1347 turba
1956 1290 2022 1346 ad
2054 1290 2372 1347 monachum
2395 1330 2413 1357 ,
2438 1306 2547 1361 quo
2572 1292 2850 1361 psallebat,
2873 1294 3122 1349 alacriter
3146 1312 3345 1371 prope-

1776 1392 1879 1438 rat.
1912 1383 2030 1450 Quo
2070 1392 2306 1439 mactato
2336 1385 2569 1455 graviter
2593 1393 2648 1440 et
2676 1386 2729 1439 in
2756 1393 2952 1441 terram
2982 1388 3254 1457 proiecto,
3279 1405 3343 1444 ae

1774 1473 2033 1529 semivivo
2080 1472 2291 1541 relicto,
2346 1475 2560 1530 veloces
2608 1473 2883 1545 eﬂ‘ugiunt.
2930 1474 3033 1543 Qui
3080 1478 3165 1531 vix
3210 1493 3345 1533 voce

1772 1563 1938 1619 ﬂebili
1993 1563 2199 1618 cladem
2259 1578 2409 1618 suam
2461 1564 2850 1633 replicans,,a
2896 1567 3232 1623 demonibus
3280 1582 3341 1624 ae

1770 1669 1964 1710 cassum
1991 1655 2138 1723 gravi
2170 1668 2454 1721 congressu
2485 1654 2765 1709 confessus
2790 1666 2894 1711 est.
3094 1709 3103 1720 ,
3154 1726 3157 1731 η

1853 1745 1935 1799 10.
1982 1744 2192 1798 Accidit
2218 1754 2277 1798 ut
2298 1743 2536 1799 Sabarici
2561 1744 2808 1809 famulus,
2836 1745 3077 1801 Esarius
3099 1750 3338 1812 nomine,

84 1804 657 1907 .tnt'....;.}.}ni.}{;
690 1804 1425 1901 ει.ξιι-ίιιιονιιιιοῄιλέειιιηηιο
1466 1804 1517 1895 in
1549 1813 1667 1913 pul—
1698 1804 1745 1864 Β
1774 1834 1841 1889 ad
1871 1836 2046 1890 virum
2075 1834 2142 1889 de
2184 1850 2290 1903 quo
2334 1834 2598 1904 loquimur
2627 1804 2873 1903 ίηὶυτίέιηι
2919 1851 3107 1906 passus
3146 1804 3337 1892 τουτωί

82 1948 237 1996 vero,
263 1941 519 2002 aegrotum
550 1933 815 1988 medicina
847 1933 1083 2002 perfudit
1104 1975 1121 1999 ,
1152 1948 1216 1988 ac
1258 1933 1414 1988 .lusto
1450 1932 1667 2002 jacente

84 2019 141 2075 lu
200 2021 526 2088 pavimento,
568 2019 851 2088 languidus
878 2019 1046 2089 surgit
1095 2021 1165 2073 de
1204 2020 1424 2085 lectulo,
1472 2030 1495 2058 ο
1544 2028 1668 2074 ante

82 2123 394 2166 currentem
442 2111 732 2175 medelam,
780 2125 938 2180 quam
985 2119 1203 2179 peruret
1251 2112 1340 2181 qui
1373 2112 1660 2182 supplicat,

88 2201 164 2254 ita
202 2211 261 2253 ut
301 2200 540 2268 portitori
569 2201 809 2255 redeunti
830 2199 1039 2254 obviam
1071 2214 1205 2269 puer
1228 2209 1554 2265 occurreret,
1581 2200 1665 2255 cui

84 2288 412 2355 parabantur
434 2292 724 2360 exsequist,
757 2301 814 2345 ut
838 2306 942 2345 non
973 2301 1115 2345 esset
1143 2289 1448 2362 ambiguum
1475 2289 1663 2345 eadem

85 2378 222 2431 hora
255 2379 560 2447 languidum
590 2381 752 2437 saluti
782 2381 947 2437 fuisse
978 2383 1265 2449 redditum,
1309 2395 1414 2453 qua
1435 2380 1520 2436 vir
1547 2380 1668 2437 bea-

84 2469 328 2523 tissimus
356 2470 503 2524 lusus
528 2485 714 2526 orasse
742 2473 1090 2542 eomperitur.

160 2559 221 2613 7.
261 2559 371 2615 Nec
416 2560 547 2614 illud
599 2562 771 2614 omitti
815 2564 1090 2627 convenit,
1137 2562 1279 2631 quod
1327 2562 1395 2617 ad
1437 2562 1661 2618 domum

87 2650 323 2706 Ebrouis
364 2665 461 2720 pro
504 2649 610 2705 ﬁde
649 2648 783 2705 Iusti
822 2651 1076 2705 collatum
1118 2659 1221 2704 est.
1271 2650 1436 2719 Cujus
1484 2652 1666 2718 ingre-

85 2743 274 2798 diente
300 2741 540 2805 domum,
572 2741 726 2796 Anna
755 2752 996 2795 matrona
1028 2740 1322 2809 proclamat
1352 2753 1469 2795 rem
1498 2741 1663 2793 mira-

82 2833 253 2889 bilem
316 2847 377 2888 se
442 2833 647 2888 videre.
695 2829 947 2901 lnquisita
1002 2845 1033 2884 a
1082 2831 1309 2901 conjuge
1353 2830 1478 2899 quid
1525 2840 1668 2887 esset

80 2924 232 2997 quod
261 2924 591 2992 inspiceret,
621 2922 696 2976 ait
727 2939 741 2975 :
774 2920 912 2976 Ecce
948 2922 1143 2976 beatus
1168 2919 1469 2976 Germanus
1493 2917 1519 2957 ιι
1547 2933 1667 2975 cor-

79 3028 218 3071 nuta
270 3015 406 3070 faeie
449 3013 580 3069 mihi
624 3012 835 3069 videtur
908 3011 1156 3068 incedere
1202 3011 1343 3082 quod
1392 3025 1529 3082 pene
1574 3012 1664 3067 vix

76 3106 240 3162 valeo
294 3112 387 3158 aut
437 3104 634 3159 intueri
684 3104 929 3168 lumine,
982 3112 1075 3157 aut
1124 3116 1375 3159 sermone
1417 3102 1737 3203 conferrec

77 3204 331 3252 sanetum
373 3193 549 3249 virum
574 3234 591 3258 ,
634 3206 786 3251 novo
832 3206 984 3248 more
1030 3193 1285 3247 cornibus
1339 3191 1658 3249 radiantem.

78 3289 548 3356 Consternataque
590 3283 889 3340 mirabatur
924 3286 1115 3339 mulier
1161 3284 1431 3341 hominem
1476 3296 1660 3342 nostro

77 3388 333 3448 tempore
374 3377 428 3431 in
462 3377 629 3447 ﬁgura
659 3373 828 3445 Moysi
871 3376 1107 3443 potuisse
1152 3375 1484 3441 conspicere.
1529 3373 1660 3431 Cre-

76 3463 321 3519 dendum
348 3466 492 3532 quod
522 3473 578 3517 et
603 3465 705 3518 iste
743 3471 864 3530 post
892 3452 1218 3531 colloquium
1252 3461 1460 3517 Domini
1490 3461 1660 3531 potuit

77 3567 111 3603 a
137 3549 369 3605 muliere
393 3565 563 3603 cornu
596 3551 862 3610 exaltatus
887 3549 1127 3617 agnosci.
1162 3548 1326 3618 Cujus
1352 3563 1525 3602 causa
1554 3564 1662 3616 pa-

76 3656 215 3695 vore
244 3641 389 3695 Ebro
418 3640 606 3695 eadem
628 3632 718 3693 'die
742 3641 891 3708 juxta
910 3642 1171 3693 Sanctum
1197 3639 1388 3693 sedere
1425 3640 1655 3695 nullate-

74 3746 187 3787 nus
215 3733 551 3801 praesumpsit
578 3729 776 3801 duplici
815 3744 911 3801 pro
945 3731 1131 3787 merito
1151 3772 1167 3798 ,
1196 3745 1428 3788 maerore
1458 3732 1656 3803 pariter

73 3834 135 3877 Cl
169 3832 390 3878 terrore.

149 3915 206 3970 8.
243 3916 472 3983 Contigit
501 3924 559 3970 ut
589 3929 684 3984 pro
716 3914 859 3970 villis
884 3915 1379 3985 Angustndonensis
1402 3914 1656 3973 Ecclesia:

70 4003 459 4064 Theodeberto
483 4005 594 4073 regi
615 4003 889 4061 Cabillone
909 4015 1234 4060 occurreret.
1262 4007 1465 4060 Memor
1484 4007 1655 4061 sancti

68 4084 537 4163 Symphorianiio
570 4097 809 4163 ingressu
848 4094 1052 4161 palatii,
1099 4094 1169 4145 ita
1209 4093 1407 4161 Spiritu
1441 4095 1532 4147 Dei
1566 4110 1654 4147 re-

68 4184 352 4239 dundante
390 4184 595 4238 locutus
636 4193 738 4247 est,
778 4191 837 4237 ut
878 4192 1003 4238 ante
1052 4198 1142 4237 rex
1190 4192 1449 4235 annueret
1493 4197 1649 4252 quant

66 4274 245 4327 verba
300 4275 494 4342 petitor
546 4274 860 4341 exiilicaret.
913 4272 1009 4327 Cui
1069 4283 1122 4327 et
1192 4287 1285 4325 ore
1340 4272 1649 4341 prophetico

68 4361 244 4417 tinem
266 4364 399 4418 dixit
421 4366 487 4420 de
512 4366 758 4418 transitu.
784 4362 935 4431 Quod
961 4372 984 4399 ⁸
1019 4362 1200 4431 paucis
1225 4362 1435 4415 interim
1461 4361 1648 4415 diebus

1762 1932 1944 1993 geret,
1989 1923 2295 1994 supplicans
2343 1934 2398 1977 ut
2438 1923 2678 1992 quolibet
2722 1926 2894 1994 pretio
2936 1941 3056 1981 eum
3096 1928 3167 1981 de
3196 1928 3342 1982 inso-

1772 2013 1936 2067 lentis
1981 2014 2181 2067 domini
2232 2016 2459 2067 servitio
2514 2013 2786 2070 liberaret.
2838 2015 2989 2083 Quod
3039 2018 3342 2087 indignatus

1774 2102 2059 2157 Sabaricus
2092 2117 2186 2169 pro
2218 2102 2435 2157 Aisario
2459 2142 2475 2168 ,
2526 2112 2580 2157 et
2627 2105 2875 2174 conjuge,
2927 2108 3012 2161 vel
3044 2112 3197 2163 unico
3227 2113 3342 2177 ejus

1769 2190 1879 2246 ﬁlio
1900 2231 1916 2257 ,
1940 2191 2213 2261 octoginta
2240 2190 2464 2256 solidos,
2494 2192 2648 2261 pretii
2681 2208 2898 2260 nomen,
2930 2199 3102 2265 petiit,
3126 2203 3341 2265 quomi.

1767 2298 1865 2337 nos
1894 2282 2123 2336 famulos
2150 2282 2331 2337 servili
2370 2281 2572 2336 ditione
2610 2282 2838 2338 laxaret.
2866 2284 3069 2339 Tamen
3098 2288 3199 2340 hoc
3228 2303 3334 2343 non

1768 2369 2028 2425 dubitavit
2073 2369 2458 2433 misericordia
2508 2369 2644 2424 Justi
2698 2369 2788 2426 vel
2843 2374 3192 2442 perquirere,
3246 2378 3335 2430 vel

1767 2464 1989 2535 donare.
2020 2462 2138 2529 Quo
2168 2460 2346 2531 pretio
2374 2463 2646 2531 persoluto
2665 2502 2682 2528 ,
2711 2463 2932 2531 contigit
2957 2474 3016 2517 ut
3040 2475 3166 2519 ante
3196 2466 3339 2520 basio

1768 2555 1923 2610 licam
1971 2554 2289 2624 saepedictus
2341 2552 2630 2607 Sabaricus
2675 2554 3003 2624 prmioriret,
3031 2570 3129 2610 nec
3159 2564 3335 2611 tamen

1765 2646 1993 2700 orationi
2014 2658 2221 2713 quoque
2244 2653 2574 2697 occurreret.
2600 2643 2703 2710 Qui
2730 2644 2945 2698 domum
2974 2660 3127 2700 suam
3156 2648 3334 2717 ingre-

1768 2737 1956 2802 diens,
1987 2733 2165 2790 statim
2194 2734 2467 2802 afﬂigitur,
2512 2732 2724 2803 ligatur,
2752 2740 2808 2786 et
2832 2734 3037 2789 catenis
3065 2738 3336 2792 revinctus

1765 2827 1832 2881 ad
1862 2834 2104 2881 sanctum
2137 2824 2469 2896 perducitur.
2498 2822 2679 2891 Neque
2708 2823 2789 2879 sic
2814 2838 2844 2879 a
2876 2826 2963 2895 pio
2989 2826 3107 2880 viro
3129 2826 3335 2883 miseri-

1764 2915 1946 2975 cordia
1976 2914 2199 2979 tollitur.
2243 2915 2339 2971 sed
2378 2916 2559 2971 statim
2591 2916 2755 2972 missa
2806 2931 2988 2987 prece,
3032 2916 3151 2988 ejus
3196 2918 3334 2975 οδιί-

1764 3016 1925 3063 nente
1953 3006 2091 3075 tlde,
2134 3014 2410 3077 purgatur.
2441 3006 2590 3062 'l‘unc
2620 3006 2820 3077 adjecit
2842 3007 3134 3067 'Sabaricus
3160 3011 3343 3066 adhue

1765 3098 1950 3167 viginti
1998 3109 2188 3153 aureos
2229 3099 2296 3152 ad
2345 3098 2575 3166 pretium
2620 3097 2764 3167 quod
2803 3109 3108 3169 acceperat,
3160 3112 3215 3156 et
3258 3104 3330 3158 de

1763 3198 1979 3247 centum
2020 3189 2206 3246 solidis
2250 3204 2379 3245 crus
2429 3190 2495 3245 ad
2522 3193 2839 3261 sepulcrum
2886 3193 3025 3249 beati
3067 3194 3335 3266 Sympho-

1760 3280 1895 3336 riani
1929 3280 2000 3335 ab
2047 3280 2165 3351 ipso
2208 3295 2464 3349 suspensa
2500 3292 2583 3337 est
2615 3300 2626 3333 :
2658 3297 2777 3352 qua:
2823 3297 2992 3354 usque
3037 3286 3196 3341 hodie
3244 3302 3335 3343 res

1760 3380 1844 3424 est
1886 3366 1942 3423 ln
1975 3371 2304 3426 testimonio.
2336 3369 2453 3438 Qua
2496 3370 2781 3427 occasione
2826 3371 2920 3427 ﬁlii
2964 3374 3049 3427 vel
3094 3373 3216 3427 ﬁlis:
3257 3375 3330 3428 ita

1759 3467 1942 3511 ncte
1980 3459 2279 3528 conveysati
2332 3466 2497 3523 sunt,
2556 3466 2617 3511 ut
2660 3472 2756 3528 per
2808 3461 3129 3513 monasteria
3182 3475 3327 3516 nunc

1758 3553 1943 3612 regant
1982 3532 2189 3612 agmina
2219 3547 2621 3599 monachorum.
2661 3534 2984 3611 Quateausa
3030 3549 3191 3603 modo
3228 3553 3330 3605 Ili-

1763 3632 1915 3689 rabili
1946 3633 2142 3702 profuit
2172 3635 2329 3702 patri,
2360 3633 2441 3689 vel
2485 3634 2740 3704 germini,
2770 3642 2831 3691 ut
2868 3649 3087 3706 parvum
3118 3637 3328 3711 [Ρότιε.

1757 3720 2018 3797 pravum]
2065 3724 2322 3794 genitoris
2370 3723 2624 3795 ﬂagitium
2681 3729 2915 3796 posteris
2966 3730 3221 3786 transiret
3269 3732 3324 3785 in

1755 3816 1980 3869 iucrom.

1830 3907 1917 3960 ll.
1961 3907 2013 3959 In
2068 3919 2201 3973 pago
2244 3915 2269 3952 tt
2304 3906 2567 3961 Alisiense
2624 3920 2711 3960 res
2757 3919 2905 3977 gesta
2957 3921 3058 3967 est.
3112 3912 3324 3983 Conjus

1756 3996 1978 4050 illustris
2018 3997 2116 4047 viri
2151 3995 2396 4054 Vulfarii,
2428 3994 2668 4048 Destasia
2713 4000 2953 4064 nomine,
2994 4003 3323 4073 vitalisspei

1753 4083 2002 4137 destituta
2034 4084 2262 4145 solatits,
2296 4083 2487 4151 linguze
2526 4099 2716 4138 carens
2736 4086 2950 4152 ofﬁciis,
2980 4104 3075 4156 per
3097 4090 3320 4147 biduum

1748 4173 1859 4242 jam
1902 4184 2049 4227 muta
2075 4215 2090 4239 ,
2128 4174 2316 4243 spiritu
2348 4175 2623 4230 deﬁciente
2652 4177 2976 4235 decumbens
3000 4222 3016 4247 ,
3045 4181 3315 4250 apparatis

1754 4266 2024 4332 exsequiis
2060 4266 2167 4335 jam
2213 4266 2500 4337 palpitabat
2529 4269 2808 4324 exanimis.
2833 4271 2926 4325 Cui
2954 4275 3178 4343 eulogiis
3215 4292 3313 4345 per

1754 4354 2127 4424 presbyterum
2172 4370 2325 4410 suum
2380 4356 2597 4423 directis
2634 4367 2689 4411 et
2727 4360 2997 4416 violenter
3048 4366 3319 4434 adapertis

66 4451 203 4505 dum
249 4466 279 4504 a
329 4450 547 4509 Rllemis
597 4455 885 4518 remeavit,
932 4455 984 4506 in
1033 4452 1147 4521 ipso
1186 4455 1375 4507 itinere
1414 4466 1500 4505 rex
1549 4467 1639 4506 ει-
1674 4468 1728 4531 ι)
1755 4453 2091 4511 praemortuus
2137 4445 2424 4517 domitura.
2469 4448 2520 4499 in
2570 4462 2662 4500 ore
2705 4450 3037 4517 transiectis.
3089 4470 3211 4509 mox
3260 4470 3317 4511 ut

64 4549 246 4593 trema
289 4550 434 4594 sorte
470 4540 685 4608 deiecit,
728 4543 877 4612 quasi
914 4542 1082 4597 sancti
1113 4541 1210 4596 viri
1252 4556 1429 4595 sermo
1470 4540 1644 4595 dictus

64 4630 265 4689 [uisset
292 4631 360 4685 ab
389 4632 600 4700 angelo.

148 4794 175 4822 ι
215 4781 444 4838 Sanctus
482 4782 727 4850 Agricola
778 4782 906 4838 vixit
958 4784 1011 4839 in
1058 4786 1365 4851 episcoratu
1411 4784 1644 4837 Cabillo-

62 4854 256 4918 nensi,
284 4854 352 4908 ab
376 4870 477 4923 an.
499 4851 625 4921 552,
656 4869 819 4923 usque
847 4854 911 4906 ad
952 4868 1039 4907 an.
1071 4854 1198 4909 580.
1243 4856 1406 4910 BOLL.
1446 4884 1517 4896 —
1545 4855 1643 4909 Ca-

64 4924 395 4979 billonensis.
442 4922 609 4978 llodie
648 4923 1210 4978 Chdtons-sur-Sadne.

138 4994 168 5032 ι
202 4993 305 5049 Hs.
338 4994 581 5048 Donil'on.
612 5010 703 5050 nec
744 5008 921 5061 mora,
965 4996 1027 5046 ab
1068 4995 1277 5049 auribus
1322 4995 1503 5049 summi
1549 4994 1643 5049 Dei

56 5064 362 5118 exauditur.
393 5064 562 5117 Βοιι..
820 5130 823 5131 ν

142 5142 167 5171 ⁸
200 5134 306 5189 Pro
334 5143 563 5187 currente
585 5133 797 5186 mdela.
888 5178 893 5181 .

142 5198 171 5239 ⁸
199 5202 314 5257 Hoc
366 5212 633 5257 ostentum
709 5203 918 5256 videtur
964 5203 1267 5269 respexisse
1323 5201 1642 5262 Fortunatus

54 5271 312 5343 carmine
343 5272 409 5326 l5
448 5274 544 5327 lib.
574 5286 646 5343 tt,
675 5272 874 5343 scripto
914 5271 979 5324 ad
1002 5274 1220 5343 elerum
1264 5270 1636 5343 Parisiensem,

56 5342 117 5389 in
152 5353 262 5407 quo
284 5351 559 5410 comparat
588 5338 751 5408 Moysi
778 5340 1103 5394 Germanum
1132 5340 1215 5393 his
1242 5341 1415 5395 verbis
1446 5360 1460 5396 :

194 5436 381 5501 loses,
406 5450 553 5492 tenue
577 5443 767 5502 manus,
791 5447 843 5491 et
868 5448 948 5491 tua
970 5446 1123 5491 castra
1142 5455 1253 5502 jura

142 5546 173 5617 γ·
199 5537 1158 5619 linamenﬁregorius_Turonensis.
1182 5548 1233 5601 in
1265 5547 1355 5602 lib.
1384 5564 1438 5603 ιιι
1473 5549 1635 5619 llist.,

76 5616 220 5687 sap“
252 5607 560 5687 36,__s_cribit
578 5607 1007 5672 Tboodobertum
1037 5607 1316 5673 diutissime
1342 5607 1631 5687 maritume,

78 5684 131 5735 ιι
170 5693 297 5748 (ap.
337 5677 425 5742 37.
475 5695 623 5737 anno
673 5696 793 5753 post
824 5687 1075 5749 Clodovei
1122 5689 1321 5743 obitum
1366 5677 1633 5746 tiiresiino

390 5818 658 5879 Panos.
696 5820 1101 5905 LXXXVI”.

1752 4534 1930 4590 fauces
1959 4536 2232 4591 sernivivcc
2260 4536 2432 4604 liquor
2462 4536 2848 4591 benedictionis
2878 4540 3097 4605 introiit,
3124 4548 3308 4598 statim

1752 4630 1935 4686 incinit
1962 4638 2278 4684 praemortua
2305 4628 2431 4680 vitm
2467 4626 2676 4683 [latibus
2700 4630 2980 4698 anhelare,
3010 4633 3151 4687 oculi
3177 4649 3309 4688 neco

1745 4785 1977 4851 septimo
1995 4784 2189 4855 ,__regni
2231 4782 2312 4835 sui
2348 4781 2432 4847 ll,
2456 4783 2655 4837 Christi
2688 4786 2890 4842 scilicet
2930 4776 3056 4855 548,
3086 4778 3306 4848 obiisse.

1746 4852 2305 4926 binim—Alitrnmque
2335 4863 2388 4926 et
2410 4856 2548 4926 quod
2574 4856 2658 4909 bic
2687 4868 2868 4912 narrat
2889 4852 3229 4926 Fortunatus,
3253 4877 3308 4918 et

1744 4919 2440 4999 quod___reiert_G_reg0rius
2480 4924 2844 4999 Turonensis,
2894 4925 3101 4985 videtur
3148 4919 3306 4999 posse

1744 4989 2035 5071 conciliari,
2084 4991 2150 5071 si”
2180 4989 2590 5071 Theodebertus
2626 5010 2695 5049 ex
2722 5065 2736 5071 _
2755 4989 3006 5071 diuturno
3038 4989 3304 5071 languore

1742 5060 2305 5135 convaluissedicatur
2334 5064 2531 5131 aliquid
2573 5065 2739 5134 (quod
2782 5081 2925 5135 smpe
2974 5066 3074 5135 tit),
3124 5060 3194 5123 ita
3243 5082 3303 5125 ut

1744 5134 1846 5187 iter
1877 5139 2051 5199 posset
2090 5129 2316 5198 ingredi,
2346 5129 2593 5187 eunnlern
2618 5129 2763 5198 vero
2788 5129 2875 5190 δι’
2888 5129 3078 5190 morbo
3118 5154 3299 5195 νοω-υ-

1743 5203 1991 5257 descente
2021 5200 2175 5267 paulo
2202 5210 2322 5267 post
2347 5202 2633 5257 interiisse.
2990 5228 2995 5229 ί

1818 5271 1836 5309 ί
1870 5270 2092 5345 Sanetus
2137 5270 2587 5345 Sym‘phorianusg
2629 5270 2872 5345 nimirum
2928 5276 3297 5345 Augustuduni

1744 5339 2053 5417 martyrium
2083 5354 2270 5410 paSsus
2300 5340 2469 5395 fuerat
2507 5342 2609 5396 sub
2636 5342 2979 5412 Aureliano,
3013 5339 3092 5401 an
3129 5364 3293 5417 supra

1737 5412 1987 5465 diximus.

1813 5489 1835 5526 ιι
1867 5477 2049 5531 Alesia
2071 5518 2085 5541 ,
2136 5480 2307 5545 Alite,
2338 5479 2587 5548 oppidum
2624 5483 2888 5548 quondam
2913 5485 3296 5541 validissimum

1743 5551 1791 5605 in
1815 5549 1948 5620 collo
1970 5549 2105 5613 apud
2138 5548 2447 5620 Mandubios
2470 5552 2520 5602 in
2556 5552 2627 5603 Bu
2641 5556 2858 5620 rgundia
2888 5557 3067 5619 situm,
3099 5557 3296 5611 Casari

1740 5616 2110 5683 notissimum,
2142 5619 2232 5674 lib.
2282 5634 2353 5673 vn
2394 5618 2459 5672 de
2504 5620 2640 5675 bello
2670 5616 2809 5679 Call.
2838 5622 2987 5678 Nunc
3029 5616 3173 5680 vicus
3212 5641 3294 5682 εει

1739 5689 1854 5744 οοιιι
1886 5688 2073 5741 declivi
2108 5690 2249 5757 impo
2281 5688 2402 5745 itus.
2430 5687 2623 5745 Mure.

2796 5823 2864 5883 i5
