3948 6218
226 304 334 362 46(

1139 300 1291 356 ΥΙΤΑ
1334 301 1390 354 S.
1427 297 1748 354 GERMANI‘
1791 296 2206 364 PAMSlENSIS
2245 294 2562 351 EPISCOH.

3333 299 3436 356 ιω

223 437 298 474 ne
342 419 738 488 przevarieantls
770 416 1082 487 negligentia
1121 416 1263 485 justo
1300 415 1640 470 subtraheret
1678 414 1791 482 glo-
1823 418 1869 471 Α
1900 427 2118 480 equum,
2149 411 2498 466 necessarium
2528 410 2591 464 ad
2641 410 2824 463 sellam
2871 412 3010 466 beati
3043 414 3158 476 viri,
3189 415 3438 471 donasset

222 511 388 571 riam,
410 510 462 562 in
487 515 517 546 ι
540 504 977 576 Spedoienovilla
1001 518 1178 558 rursus
1205 503 1252 563 ei
1273 504 1479 556 oblatus
1504 511 1605 556 est.
1625 500 1785 567 Cujus

224 600 347 651 loca
376 595 705 650 maxillarum
753 605 936 664 sancto
976 608 1276 663 pertingens
1317 595 1476 658 oleo,
1524 607 1586 646 ac
1615 591 1788 646 beatis

224 689 481 745 manibus
510 697 742 742 mentum
787 688 1112 756 aStringens.
1159 697 1212 740 et
1253 685 1425 749 labia,
1477 685 1790 748 Cliristiuo~

222 777 376 832 mine
402 777 678 840 invocato,
728 789 985 830 concussa
1033 775 1228 828 sanctis
1256 775 1429 844 digitis
1466 773 1530 826 ad
1581 787 1639 826 se
1663 772 1789 839 jun-

222 886 383 928 ctnra
416 871 720 935 revertitur,
749 877 943 924 et'sute
979 865 1100 920 fidei
1131 864 1322 945 merito
1351 863 1555 918 salvus:
1576 862 1802 915 domum

220 964 515 1020 redueitdr.

300 1050 395 1103 i9.
435 1047 562 1101 Item
593 1044 772 1108 faber,
803 1041 1040 1111 Ligerius
1072 1039 1318 1103 nomine,
1368 1033 1655 1091 turbulenti
1683 1033 1788 1086 die-

221 1137 403 1190 monis
433 1131 675 1204 arreptus
704 1131 926 1192 insania,
956 1133 1024 1184 ita
1052 1129 1260 1183 besriali
1291 1127 1498 1181 feritate
1527 1139 1785 1194 prorupe-

220 1236 307 1278 rat
330 1267 345 1292 ,
373 1234 462 1289 ut,
494 1221 698 1278 catenis
725 1223 862 1275 collo
889 1221 1234 1287 manibusque
1263 1217 1530 1270 revinctus
1557 1255 1572 1278 ,
1594 1215 1680 1267 vix
1722 1213 1787 1265 ad

223 1315 374 1369 beati
403 1316 502 1368 viri
537 1314 837 1366 traheretur
875 1310 1230 1380 prmsentiam.
1266 1307 1389 1361 lude
1416 1305 1784 1364 miserabilior.

220 1414 283 1459 ut
310 1408 397 1472 qui
430 1404 723 1458 sustinebat
755 1402 820 1456 ab
848 1401 999 1455 hoste
1024 1400 1353 1461 violentiam,
1381 1398 1478 1466 ipsi
1508 1396 1789 1472 adderetur

219 1500 394 1550 altera
419 1509 572 1563 pcena
600 1509 695 1562 per
720 1493 950 1553 vincula.
974 1492 1140 1560 Quem
1173 1499 1349 1544 tamen
1379 1489 1626 1542 sacerdos
1653 1489 1786 1553 apud

217 1599 282 1639 ee
313 1585 539 1654 imperat
564 1585 789 1638 detineri
815 1600 830 1647 ;
859 1593 912 1637 et
938 1584 1074 1636 sicut
1096 1582 1324 1649 septimo
1353 1580 1439 1632 die
1471 1574 1784 1644 Deus‘quie-

218 1675 300 1728 vit
345 1675 415 1728 ab
465 1687 648 1743 opere,
682 1675 752 1726 ita
790 1681 845 1728 et
886 1687 1043 1742 opera
1098 1672 1229 1735 Dei,
1279 1679 1538 1743 transacta
1587 1668 1782 1720 hebdo-

221 1767 383 1819 mada
407 1809 421 1831 ,
454 1765 674 1832 eripitur
703 1779 730 1816 a
754 1763 992 1816 drrmone
1014 1803 1029 1827 ,
1057 1761 1240 1830 sicque
1285 1760 1336 1812 in
1369 1759 1576 1829 propria
1609 1756 1780 1811 redire

222 1869 451 1909 securus
475 1854 665 1907 meruit
695 1855 943 1907 liberatus
977 1851 1041 1904 ab
1067 1850 1237 1904 hoste.

295 1942 383 1998 ΞΟ.
431 1941 459 1979 δ
489 1941 695 1996 Waddo
724 1942 803 1995 vir
835 1941 1058 2010 illustcr,
1091 1936 1293 1990 consilii
1328 1935 1467 2005 regis
1497 1935 1778 2001 particeps,

220 2039 409 2098 typum
440 2030 728 2098 dupliciter
755 2031 1033 2082 incurrens
1063 2027 1220 2081 febris
1245 2036 1297 2078 et
1323 2026 1556 2094 frigoris,
1585 2039 1778 2090 expur-

219 2120 428 2189 gandus
457 2121 626 2175 sancti
675 2097 777 2173 im
830 2124 1178 2186 prteseutatur
1216 2115 1506 2168 obtutibus.
1554 2113 1776 2173 interea,

216 2208 355 2262 hora
383 2209 565 2270 solita,
597 2206 744 2262 febre
774 2205 1063 2261 concussus
1107 2197 1437 2273 gravissima,
1471 2210 1529 2254 ut
1560 2200 1778 2266 refrige-

214 2305 449 2358 raretur,
491 2296 590 2352 .vel
629 2311 822 2365 aquam
855 2291 1473 2357 instanter‘expostulat.
1519 2290 1633 2356 Qua
1675 2289 1778 2342 sibi

213 2385 503 2451 denegata,
528 2385 580 2438 in
611 2385 778 2438 sancti
810 2383 1070 2452 pontificis
1097 2379 1658 2454 insolesciginjuriam.
1688 2376 1780 2430 Vir

215 2481 396 2528 tamen
429 2471 522 2526 Dei
561 2481 870 2536 contentus,
913 2481 969 2522 ut
1007 2467 1273 2524 obtineret
1316 2467 1611 2526 victoriam.
1659 2481 1780 2518 ora-

216 2562 363 2614 tione
402 2560 693 2628 explicata,
720 2566 901 2626 potum
945 2556 997 2611 ei
1036 2557 1240 2609 donans
1274 2555 1327 2607 in
1371 2554 1562 2615 calida,
1610 2553 1780 2606 homi—

217 2663 344 2702 nem
372 2648 641 2712 remeavit
676 2646 904 2703 salutem
949 2645 1016 2699 ad
1057 2645 1353 2712 pristinam,
1399 2653 1452 2696 et
1496 2641 1779 2696 imminens

216 2740 511 2806 periculum
561 2739 648 2792 tali
699 2737 903 2793 curavit
925 2735 1203 2799 lantidoto,
1237 2733 1433 2788 febrem
1464 2747 1655 2787 curans
1685 2747 1776 2800 per

213 2831 462 2884 calidam.

284 2922 378 2978 2|.
424 2921 534 2978 Nec
582 2920 712 2974 illud
762 2930 844 2975 est
890 2919 1318 2989 praetereundum
1362 2919 1549 2973 similis
1602 2933 1774 2972 causa

213 3012 551 3066 miraculum.
585 3009 799 3078 Regina
826 3020 850 3051 σ
875 3008 1246 3062 Chredosinttn
1273 3009 1534 3070 minister,
1567 3006 1593 3044 ά
1628 3007 1775 3062 Ulfus

1890 499 2211 566 vehiculum,
2239 508 2390 569 rogat
2416 500 2528 566 ipse
2556 497 2643 566 qui
2666 499 2903 565 dederat,
2939 510 2992 554 nt
3021 515 3143 555 eum
3183 504 3282 558 sibi
3315 508 3437 558 reti-

1887 595 2058 655 neret,
2106 602 2204 642 nec
2244 587 2494 654 cuiquam
2539 588 2813 642 tribueret.
2847 589 3064 643 interim
3109 595 3290 650 beatus
3336 596 3437 659 vir,

1889 677 2191 744 postulante
2219 677 2451 744 captivo,
2481 691 2672 741 equum
2701 676 2860 748 donat
2887 677 2940 729 in
2974 678 3163 744 pretio,
3192 681 3435 746 quoniam

1889 765 2025 832 apud
2062 764 2363 832 pontilicem
2390 763 2520 840 plus
2556 763 2669 835 fuit,
2697 779 2851 832 quam
2885 764 2968 818 illa
3000 767 3160 835 regis,
3186 783 3282 821 vox
3314 784 3448 835 pau«

1897 856 2056 933 peris.
2091 856 2248 910 lubet
2300 856 2459 924 igitur
2490 865 2544 909 ut
2587 857 2884 925 quindecim
2931 870 3050 910 eum
3110 859 3441 933 venundaret

1890 929 2072 998 solidis
2100 963 2112 996 :
2143 959 2529 1018 anm'pauper
2565 947 2675 1011 ipse
2711 961 2830 999 cum
2860 946 3098 1011 duceret,
3139 928 3434 1014 negotiatur

1887 1036 2142 1099 occurrit;
2174 1037 2410 1104 emitque
2439 1037 2972 1110 praedictum-equum
3018 1037 3298 1092 duodecim
3346 1055 3438 1091 au-
3472 1071 3473 1074 η

1891 1127 2014 1181 rcis.
2055 1127 2171 1193 Quo
2212 1136 2392 1195 empto
2437 1129 2734 1196 negotiator
2779 1129 2987 1182 adducit
3031 1130 3096 1182 ad
3145 1130 3432 1183 stabulum.

1888 1216 1992 1271 Sed
2019 1219 2267 1285 quoniam
2304 1219 2478 1272 minus
2506 1219 2724 1272 dederat
2752 1234 2908 1288 quam
2939 1220 3016 1272 vir
3047 1221 3137 1274 Dei
3162 1235 3440 1288 'prmcepe-

1889 1315 1992 1368 rat,
2021 1320 2186 1373 eqnns
2212 1306 2308 1360 sub
2338 1317 2490 1361 nocte
2521 1307 2763 1372 moritur,
2794 1323 2860 1363 ne
2888 1310 3054 1362 sancti
3083 1311 3299 1363 verbum
3335 1311 3437 1363 iret

1889 1393 2172 1448 incassum.
2216 1394 2366 1448 Unde
2403 1397 2640 1461 sequenti
2682 1397 2767 1450 die
2807 1398 3049 1451 sellarem
3092 1397 3160 1451 de
3205 1399 3432 1459 stabulo,

1885 1482 2082 1549 junctis
2123 1484 2314 1548 bobus,
2345 1486 2660 1538 exstinctum
2693 1487 2910 1538 retraxit
2935 1496 3145 1554 emptor
3173 1497 3435 1540 mortuum

1889 1574 2209 1627 vehiculum.
2239 1575 2336 1638 Qui
2361 1590 2507 1627 versa
2534 1577 2665 1639 vice,
2697 1576 2924 1644 capistro
2969 1592 3071 1630 non
3100 1579 3291 1647 capite,
3337 1579 3431 1634 sed

1888 1661 2107 1729 pedibus
2137 1664 2379 1730 alligatus
2406 1663 2667 1717 educitur.

1815 1735 1857 1792 Β
1952 1751 2041 1807 9.5.
2085 1754 2175 1806 Est
2215 1767 2392 1820 opera:
2443 1753 2664 1820 pretium
2710 1753 2836 1807 illud
2882 1756 3149 1809 memoria:
3199 1757 3428 1822 tradere,

1831 1899 1834 1902 ,
1881 1845 2112 1913 qualiter
2136 1845 2388 1898 sacerdos
2408 1844 2603 1897 Cbristi
2635 1847 2818 1898 solitus
2848 1855 2961 1899 erat
2987 1846 3050 1900 de
3077 1846 3205 1914 ipsis
3229 1865 3434 1916 quoquo

1883 1938 2100 2002 regibus
2143 1936 2488 2002 triumphare.
2540 1936 2702 2004 igitur
2751 1952 2870 1988 cum
2923 1927 3152 2003 glorioso
3205 1938 3433 1991 Clotario

1881 2022 1990 2088 regi
2019 2025 2342 2076 occurrisset
2359 2037 2439 2090 ex
2462 2024 2638 2081 solito,
2666 2038 2760 2076 nec
2792 2026 2965 2075 tamen
2995 2025 3062 2076 de
3105 2037 3288 2078 sancto
3319 2029 3431 2078 v‘ro

1879 2113 2056 2165 stante
2083 2120 2202 2164 aute
2227 2111 2474 2177 palatium
2502 2113 2548 2164 ei
2582 2111 2732 2164 fuerit
2767 2113 3085 2176 nuntiatum,
3118 2128 3265 2167 mora
3290 2115 3438 2168 facta

1879 2209 2001 2254 ante
2042 2201 2379 2264 vestibulum,
2435 2216 2538 2253 non
2587 2213 3010 2268 repraesentatus,
3046 2202 3170 2256 inde
3213 2203 3439 2256 domum

1885 2291 2194 2343 revertitur.
2225 2275 2464 2356 Sequens
2510 2305 2613 2342 nox
2644 2291 2694 2341 in
2725 2290 2958 2343 oratorio
2984 2290 3172 2359 vigiliis
3202 2292 3429 2354 ducitur.

1882 2395 1972 2433 rex
2012 2378 2198 2432 dolore
2239 2387 2395 2446 atque
2434 2377 2595 2433 febris
2637 2378 2968 2434 infeStatione
2996 2389 3288 2450 torquetur.
3332 2383 3427 2437 Vix

1882 2469 2056 2535 primo
2098 2465 2332 2521 diluculo
2378 2466 2440 2518 ad
2485 2467 2698 2519 domum
2749 2467 2988 2520 ecclesiae
3037 2482 3066 2520 a
3129 2470 3431 2536 proceribus

1879 2563 2252 2615 concursator;
2311 2567 2466 2620 penna
2506 2555 2641 2620 regis
2668 2536 3056 2619 eXpOniturput
3103 2570 3200 2610 sua
3248 2559 3426 2612 visita-

1881 2643 2022 2697 tione
2046 2642 2183 2711 regis
2203 2643 2402 2696 doloris
2429 2644 2533 2695 vim
2565 2644 2794 2713 mitiget,
2823 2645 3104 2713 Optimates
3132 2642 3447 2714 deprccarw

1878 2739 1986 2784 tur.‘
2030 2731 2147 2784 Mox
2189 2732 2322 2799 apud
2358 2731 2604 2800 pietatem
2646 2731 2849 2799 injuria:
2887 2746 3044 2786 causa
3076 2737 3457 2804 postponitu,‘

1876 2823 1967 2890 qui
2016 2834 2136 2876 ante
2184 2835 2280 2875 nec
2327 2823 2684 2887 nuntiabatur,
2717 2822 2875 2875 intrat
2907 2823 3197 2877 honoratus
3244 2833 3297 2879 et
3333 2840 3426 2878 ex-

1876 2922 2056 2967 oratus
2083 2912 2355 2981 palatium.
2389 2912 2501 2967 Rex
2532 2912 2613 2965 vix
2644 2913 2870 2981 assurgit
2898 2911 2965 2965 de
2995 2911 3208 2978 lectulo,
3231 2927 3425 2970 cursum

1879 3018 1939 3057 se
1977 3005 2155 3058 divino
2182 3002 2394 3074 flagello
2427 3006 2786 3071 conqueritur.
2831 3005 3083 3059 Allamhit
3124 3009 3287 3062 sancti
3315 3012 3425 3078 palv
3477 3044 3479 3046 -

215 3054 551 3066 .....--...-...-
586 3054 799 3078 ---οη-,-
880 3054 1534 3070 --.-.-_--...-..
1632 3054 1774 3062 νη.--
1883 3054 1934 3057 η
2183 3054 2194 3056 ν
2252 3054 2386 3074 ο-η-
2538 3054 2647 3071 τηκ
3124 3054 3286 3062 --..--.
3316 3054 3394 3078 γη.

213 3101 456 3162 nomine,
482 3107 506 3136 ο
541 3089 665 3167 tj'po
704 3097 990 3151 vexabatur
1019 3089 1351 3165 gravissime.
1387 3096 1618 3150 Poscens
1665 3096 1772 3149 suf-
1802 3054 1849 3118 Ο
1880 3093 2079 3157 liolum,
2117 3103 2320 3146 vestem
2366 3096 2658 3147 sacerdotis
2685 3093 2898 3149 deducit
2937 3110 3031 3163 per
3063 3095 3175 3150 loca
3205 3098 3421 3152 doloris.

213 3190 382 3262 fragia
411 3189 631 3244 medela:
651 3187 895 3257 perrexit
924 3189 988 3241 ad
1023 3187 1346 3255 pontiﬁcem.
1376 3189 1543 3252 Quem
1571 3189 1652 3240 vir
1677 3187 1770 3241 Dei

211 3287 522 3333 constanter
575 3277 722 3331 ducit
787 3276 853 3330 ad
910 3277 1302 3344 baptisterium.
1353 3277 1458 3334 Sed
1521 3289 1772 3333 exorante

211 3379 400 3422 sancto
437 3371 599 3438 coepit
629 3368 788 3437 affligi
819 3369 1049 3438 gravius,
1090 3370 1142 3422 in
1175 3370 1414 3437 proximo
1444 3368 1768 3423 liberandus.

219 3456 455 3510 Postulat
475 3458 688 3520 ardens,
719 3465 774 3509 et
801 3465 1034 3510 mstuans
1061 3471 1210 3524 aqua:
1235 3457 1518 3520 modicum,
1546 3457 1639 3508 sed
1671 3471 1765 3508 ne-

216 3553 392 3612 gatur.
420 3544 523 3607 Qui
569 3543 703 3596 fellis
757 3542 1107 3596 amaritudine
1161 3545 1441 3597 suscitatus
1487 3546 1767 3607 acerrime,

214 3633 450 3687 balteum
480 3647 632 3686 suum
664 3633 728 3686 ad
768 3634 937 3688 saneti
966 3633 1183 3702 vestigia
1225 3633 1446 3702 projecit
1486 3635 1718 3688 clamans
1750 3652 1763 3690 :
1797 3669 1802 3676 ι

207 3721 292 3776 ‘l'u
321 3737 425 3783 me.
474 3723 707 3790 domine,
758 3722 1029 3787 interﬁcis,
1074 3734 1192 3777 cum
1253 3713 1766 3778 sanare'debueras.

194 3812 321 3868 Sed
362 3813 462 3868 hoc
491 3814 582 3868 tibi
627 3822 809 3868 notum
858 3815 950 3878 sit,
992 3813 1114 3883 quia
1155 3807 1248 3882 per
1291 3824 1342 3867 te
1384 3814 1598 3869 morior.
1659 3813 1767 3867 Vita

212 3920 335 3960 mea
377 3920 405 3959 a
437 3914 489 3959 te
533 3905 635 3958 erit
675 3903 991 3972 requirenda
1020 3919 1048 3957 a
1076 3917 1223 3971 rege,
1256 3907 1338 3957 vel
1377 3920 1407 3957 a
1439 3889 1765 3971 parentibus.

202 3997 479 4054 Interdum
501 3996 664 4069 [BalL
695 3997 889 4050 interea
906 3995 1053 4063 dum]
1079 4010 1184 4062 ρης
1211 3996 1386 4050 calore
1406 4012 1498 4062 per
1521 3997 1770 4063 baptiste-

205 4088 278 4141 rii
310 4073 669 4154 pavimentum
716 4086 1004 4140 volutatur.
1049 4088 1247 4140 Urante
1279 4087 1433 4139 beato
1461 4086 1650 4147 viroin
1683 4101 1768 4138 so-

209 4191 404 4248 porem
455 4177 782 4231 convertitur
830 4184 884 4230 et
930 4175 1308 4245 aliquantulum
1360 4159 1476 4247 post
1523 4191 1765 4230 somnum

202 4265 499 4328 excitatus,
522 4263 590 4317 ab
617 4264 736 4334 ipso
764 4264 814 4316 in
845 4277 1057 4317 omnem
1107 4264 1521 4318 incolumitatem
1564 4265 1766 4333 langui-

1872 3183 2093 3248 Culpam
2121 3184 2398 3239 confessus
2429 3183 2688 3245 criminis.
2721 3193 2841 3238 mox
2884 3185 3036 3239 dolor
3059 3189 3230 3240 omnis
3253 3190 3418 3257 ’[ιιεασ

1874 3279 1995 3333 tur;
2029 3271 2185 3339 idque
2221 3281 2398 3324 actum
2443 3281 2547 3336 cst,
2580 3282 2635 3326 ut
2662 3275 2809 3341 cujus
2855 3273 3146 3329 incurrerat
3191 3279 3254 3329 de
3295 3293 3424 3328 ron-

1873 3369 2072 3428 tcmptu
2111 3361 2421 3421 periculum,
2453 3363 2674 3413 sentiret
2703 3371 2839 3415 tactu
2869 3365 3178 3418 remedium.

1907 3455 2026 3518 ‘24.
2073 3463 2130 3517 In
2161 3477 2293 3532 pago
2335 3465 2596 3521 Parisiaco
2636 3467 2936 3522 Vico-Novo
2973 3448 3062 3525 res
3084 3483 3226 3538 gesta
3257 3486 3336 3528 est
3374 3480 3416 3530 τ.

1868 3553 2088 3618 Quidam
2131 3553 2182 3605 in
2213 3556 2399 3606 eodem
2433 3554 2549 3608 loco
2583 3556 2775 3622 impetu
2819 3557 2923 3626 lupi
2958 3558 3122 3612 rabidi
3157 3561 3418 3616 laceratus

1869 3652 1920 3696 et
1945 3653 2090 3696 extra
2135 3658 2347 3697 sensum
2383 3646 2598 3697 ell‘ertus
2647 3646 2799 3699 beato
2826 3648 3081 3703 sacerdoti
3113 3649 3424 3707 miseranter

1869 3731 2077 3784 oblatus
2106 3743 2204 3786 est.
2231 3733 2325 3786 llic
2349 3733 2418 3786 ad
2451 3735 2536 3787 illa
2566 3749 2674 3787 sua:
2697 3737 2821 3789 artis
2851 3754 3124 3795 recurrens
3154 3744 3422 3812 sun‘ragia,

1871 3838 1991 3875 mox
2021 3823 2236 3877 brachio
2261 3825 2360 3878 olei
2391 3825 2651 3877 benedicti
2683 3827 2884 3893 liquore
2908 3830 3220 3897 circumlita,
3253 3841 3306 3886 et
3335 3850 3422 3888 sa-

1869 3914 1979 3966 cris
2021 3929 2084 3988 eo
2127 3915 2300 3980 digitis
2345 3915 2724 3966 medicabiliter
2765 3926 3070 3982 attrectalo,
3119 3922 3279 3986 pestis
3335 3923 3420 3975 illa

1867 4015 1982 4065 qum
2006 4001 2226 4063 viscera,
2258 4000 2438 4053 dolore
2465 4011 2757 4066 gras~aute,
2790 4017 3119 4069 pervaserat,
3153 4009 3262 4060 loca
3285 3989 3417 4080 fugit

1867 4088 2079 4141 obsessa
2108 4131 2122 4156 ,
2171 4100 2222 4141 et
2256 4089 2362 4156 jam
2388 4089 2660 4157 putredine
2692 4092 2916 4144 resoluta
2939 4134 2952 4156 ,
2983 4095 3162 4164 vigore
3193 4097 3416 4163 pristino
3497 4137 3501 4142 .

1868 4181 2127 4243 restituto,
2145 4180 2257 4232 sine
2282 4166 2612 4233 cunctatione
2635 4180 2777 4234 velut
2806 4191 3112 4250 experrcclo
3135 4185 3199 4240 de
3227 4193 3415 4257 so’pore

1868 4266 2018 4320 dolor
2047 4268 2286 4330 recessit,
2317 4283 2464 4320 mens
2495 4269 2668 4320 rediit.

201 4353 309 4408 dus
352 4353 692 4408 reformatur.
736 4354 1016 4422 lnquisitus
1056 4370 1084 4407 a
1134 4356 1381 4423 pontiﬁce
1427 4373 1522 4409 cur
1564 4368 1762 4410 tantum
1792 4394 1842 4453 Β
1938 4355 2026 4409 25.
2059 4358 2184 4410 item
2214 4358 2276 4410 de
2302 4355 2416 4410 vico
2443 4366 2467 4401 κ
2497 4357 2719 4409 .‘llantola
2746 4356 2991 4412 Waldulli
3013 4360 3283 4428 cujusdam
3313 4379 3410 4417 an-

201 4441 421 4494 locutus
446 4444 517 4495 sit
542 4443 606 4496 ad
653 4442 898 4509 injuriam
927 4443 1236 4509 sacerdotis,
1276 4447 1548 4511 respondit
1592 4449 1760 4501 solum

199 4527 257 4580 ei
285 4528 482 4593 gratias
510 4526 770 4594 referens,
817 4530 949 4585 nihil
969 4546 1030 4599 se
1059 4530 1125 4586 de
1150 4534 1260 4587 suis
1290 4534 1463 4588 verbis
1493 4536 1759 4590 recordari

201 4615 478 4670 confessus
507 4627 611 4670 est.

276 4703 366 4757 22.
421 4705 948 4763 l’rtecellentissimus
1021 4707 1388 4768 Childcbertus
1469 4730 1560 4769 rex
1639 4724 1761 4771 eum

275 4867 303 4896 ⁸
332 4859 432 4914 Alii
464 4859 776 4934 S‘gedenoto.
811 4861 1223 4934 Esyone,_vicus
1266 4879 1427 4932 prope
1459 4868 1755 4925 Medontam

196 4938 456 4990 castrum,
487 4929 678 4993 Mante,
712 4929 894 4985 decen]
929 4931 1093 4985 leucis
1133 4929 1279 4986 infra
1315 4929 1568 4990 Lutetiam
1615 4941 1755 4992 Pari-

197 4997 405 5118 siornnli
439 5012 542 5051 non
583 4999 736 5066 longe
775 5015 806 5052 a
844 5001 1142 5054 confluente
1173 5003 1405 5058 Mandra:
1452 5007 1502 5058 in
1551 5009 1755 5074 Sequa-

198 5079 346 5118 nam.
399 5081 523 5118 osn.
582 5113 589 5118 .
997 5099 999 5102 ‹

198 5079 346 5118 nam.
378 5079 523 5119 IDEII.
582 5113 589 5121 .
997 5099 999 5102 ‘

270 5130 429 5207 hinc
467 5135 607 5207 idem
638 5133 771 5189 forte
799 5138 990 5204 estqui
1041 5138 1134 5191 lib.
1182 5155 1252 5191 vn
1306 5140 1498 5194 llistor.
1538 5143 1748 5207 Franc.,

201 5214 269 5281 ρξ’
299 5199 390 5281 ᾏἹ,
436 5217 462 5281 a
519 5204 769 5281 Gregorio
806 5199 1097 5281 appellatur
1126 5211 1309 5281 wrajor
1348 5210 1525 5281 donius
1566 5199 1754 5281 regina}

201 5266 510 5341 Righuntis;
564 5266 757 5341 quique
808 5266 888 5325 in'
927 5284 1100 5341 partes
1162 5266 1489 5331 Gt’rmlovaldi
1562 5266 1752 5336 ibidem

200 5339 480 5455 ἒιὲιόηϋεεο
519 5339 779 5396 narratur.
813 5339 1154 5396 Hic’Waddo
1197 5347 1404 5398 occisus
1432 5359 1514 5401 est
1554 5353 1617 5402 ad
1664 5366 1749 5406 an.

273 5479 298 5509 ε
338 5470 384 5524 Α
408 5470 665 5548 Gregorio
691 5479 1006 5544 Turonensi,
1034 5479 1086 5533 in
1124 5482 1157 5535 l.
1192 5497 1264 5542 IV,
1295 5497 1341 5535 c.
1374 5483 1406 5536 3
1434 5484 1745 5548 Chlotsiuda

203 5550 446 5621 eoeatur,
473 5542 691 5621 Clotarii
715 5553 854 5616 regis
884 5542 1154 5621 lilia,_qu:e
1183 5553 1405 5605 Alboiuo
1436 5542 1739 5620 Longoliar:

205 5608 386 5663 dortun
418 5610 526 5678 regi
554 5625 736 5680 postea
769 5608 962 5684 nupsit.
997 5608 1091 5672 Ἐἰ
1125 5623 1224 5675 hoc
1267 5621 1381 5675 loco
1432 5608 1742 5684 vitreis}-

1868 4447 2008 4512 cilia,
2039 4463 2208 4510 anno,
2239 4457 2290 4500 ct
2313 4462 2499 4500 novem
2528 4448 2817 4511 mensibus,
2849 4453 2990 4517 gravi
3022 4454 3411 4520 c:ccitate,per—

1864 4553 2035 4601 cus-a,
2071 4553 2161 4604 per
2188 4549 2428 4602 saporem
2459 4536 2723 4588 admonita
2751 4579 2764 4602 ,
2801 4546 2856 4590 ut
2886 4538 3137 4592 ﬁmbriam
3169 4543 3336 4596 sancti
3363 4545 3413 4601 si

1867 4615 2145 4698 tangeret,
2185 4641 2301 4678 mox
2337 4624 2503 4676 visum
2545 4626 2836 4692 reciperet,
2869 4629 2954 4690 die
2982 4631 3203 4697 quadam
3233 4647 3412 4688 sacer-

1865 4717 1973 4770 doti
2015 4716 2274 4777 ocrurrit;
2322 4713 2415 4765 sed
2463 4713 2620 4768 multa
2654 4729 2807 4771 noete
2835 4717 3152 4774 circumdata
3184 4723 3251 4775 ita
3279 4738 3407 4776 con-

1861 4888 1980 4942 gum
2023 4861 2343 4942 Francoi-um
2379 4867 2529 4935 tilias,
2563 4873 2612 4924 in
2647 4863 2860 4940 paterna
2898 4861 3061 4930 domo
3085 4875 3270 4937 ,adhuc
3313 4876 3406 4927 de.

1860 4941 2066 5012 gentes,
2096 4941 2612 5012 reginasappellari.
2656 4945 2822 4996 Manu.

1931 5011 1956 5049 ά
1981 5006 2056 5063 An
2091 5006 2182 5062 hic
2204 5009 2386 5061 Vulfus
2414 5006 2498 5063 est
2530 5012 2617 5063 ille.
2649 5015 2897 5076 patricius
2925 5009 3183 5076 qu'njussn
3216 5009 3402 5064 Bruui-

1859 5081 2045 5137 cltildis
2067 5080 2176 5132 occi
2192 5083 2269 5131 -ns
2291 5079 2416 5132 refer
2432 5079 2787 5133 turinChron.
2811 5079 3031 5146 Fredcg.
3047 5079 3408 5148 sclrol.,n.29?

1933 5159 1956 5186 ο
1991 5151 2042 5200 ld
2070 5156 2176 5207 est,
2207 5148 2335 5201 febri
2370 5150 2647 5215 periodica.

1934 5216 1951 5255 ί
1987 5218 2114 5270 Vide
2141 5218 2270 5268 infra
2303 5234 2446 5270 num.
2477 5217 2566 5268 40.

1929 5296 1953 5334 ε
2003 5293 2080 5340 Au
2128 5299 2354 5339 castrqu
2407 5288 2643 5338 ltledunta
2691 5282 2804 5336 aliis
2850 5284 3208 5350 appellatum?
3249 5288 3405 5346 Certe

1861 5357 2196 5413 vernaCqum
2226 5370 2414 5408 nomen
2445 5353 2615 5404 Mante
2655 5353 2782 5402 satis
2825 5355 3045 5408 acredit.
3076 5357 3201 5409 Vide
3222 5371 3400 5419 supra,

1861 5445 1913 5481 η.
1965 5429 2049 5480 18.
2098 5426 2242 5478 Inus.
2284 5451 2351 5463 -ο
2380 5421 2653 5482 Mantola,
2685 5421 2840 5486 Vulgo
2886 5421 3077 5486 Maule,
3137 5427 3198 5477 lU
3244 5426 3405 5478 lencis

1860 5499 2005 5549 abest
2031 5495 2096 5549 ab
2137 5494 2294 5560 urbe;
2327 5504 2426 5541 non
2459 5499 2631 5560 autem
2665 5489 2889 5544 vicinum
2922 5495 3111 5547 ibidem
3153 5494 3400 5560 oppidum

1863 5567 2030 5619 Name
2053 5603 2065 5622 .
2098 5562 2212 5613 aliis
2240 5558 2479 5610 Meditata
2511 5559 2560 5612 in
2589 5556 2791 5614 Vesino
2824 5560 3068 5615 Francico
3109 5563 3171 5615 ad
3191 5556 3402 5628 Sequa-

1861 5650 1999 5688 nam.
2028 5633 2283 5683 Bouaria.
