3948 6218
583 281 680 335 οσδ

1277 277 1588 331 νεηλκτιι
1629 277 1788 331 ηυδε.
1821 275 2022 331 CLEH.
2068 275 2142 328 Π]

2253 272 2453 330 υΝλτι
2490 271 2776 327 OPERUI
2809 271 2981 329 PARS
3010 271 3073 327 ιι.

3692 272 3800 330 ηδ

579 399 775 457 strictis
804 394 1110 458 luminibus,
1134 402 1190 447 ut
1217 389 1355 446 unde
1384 392 1561 444 oleum
1593 390 1926 444 benedictum
1948 388 2134 456 injice-
2162 391 2212 448 Α
2241 385 2676 456 Augustudunum
2708 385 2965 438 voluisset
3001 383 3252 440 accedere
3273 420 3289 448 .
3321 399 3443 441 mox
3467 384 3535 439 ad
3559 395 3802 446 sanetum

579 503 696 557 cet,
730 485 939 542 luminis
979 484 1175 539 aditum"
1219 496 1322 536 non
1367 489 1658 549 prrestaret.
1690 478 1890 534 Tamen
1931 494 2134 548 peruu-

579 570 679 638 ctis
709 578 966 649 palpebris
995 575 1224 642 desuper
1251 582 1306 639 et
1354 571 1482 622 locis
1511 569 1726 635 reliquis
1765 568 1953 638 capitis
1977 606 1993 633 ,
2022 580 2140 620 ora-

580 673 722 727 tione
755 669 876 723 data
904 706 920 731 ,
974 679 1108 734 parte
1139 674 1193 716 ct
1220 660 1332 714 sale
1374 659 1580 728 siguan
1603 697 1620 722 ,
1651 658 1857 711 mulieri
1889 655 2141 725 praecepit

579 761 645 815 ad
692 746 1122 814 ntansionem'se
1165 751 1416 804 condere.
1453 748 1566 816 ipse
1604 763 1632 800 a
1677 748 1850 813 primo
1877 760 2061 800 somno
2088 745 2138 800 in

580 849 814 906 oratorio
837 841 1071 913 pervigil
1097 883 1113 906 ,
1147 841 1287 894 circa
1329 837 1556 891 medium
1597 836 1767 891 noctis
1812 835 2006 890 mulier
2033 836 2140 890 cla-

579 946 688 994 mat
719 934 988 1003 hospitem
1016 971 1032 996 ,
1061 946 1120 985 se
1147 932 1442 998 lacrymare
1481 927 1712 995 profuse.
1746 926 1880 980 Tum
1905 938 2140 980 accenso

579 1023 778 1078 lumine
801 1021 869 1075 ab
907 1018 1179 1072 oculorum
1209 1028 1461 1082 compage
1485 1015 1656 1068 cernit
1683 1027 1897 1067 manare
1927 1012 2140 1080 sangui-

584 1128 726 1167 nem.
757 1113 884 1176 Qua
907 1123 1027 1164 cum
1055 1107 1242 1162 eodem
1273 1119 1463 1159 cruore
1505 1119 1660 1158 mane
1687 1103 1755 1158 ad
1776 1109 2021 1157 sanctum
2052 1115 2140 1155 re-

582 1204 701 1267 diit,
723 1202 814 1256 sed
843 1202 954 1268 ipse
975 1211 1095 1252 cum
1121 1210 1254 1265 aqua
1285 1194 1570 1264 palpebras
1595 1195 1777 1249 loveus
1802 1203 1854 1248 et
1881 1193 2102 1247 abluens
2121 1228 2138 1256 ,

584 1289 914 1345 orationibus
943 1287 1136 1341 additis
1155 1325 1170 1350 ,
1202 1283 1386 1339 oculus
1409 1298 1547 1337 unus
1568 1292 1782 1351 apertus
1804 1291 1918 1345 est;
1948 1279 2142 1335 deinde

585 1383 754 1436 altero
801 1387 1057 1448 peruncto
1100 1376 1291 1429 mulier
1336 1372 1552 1427 domum
1597 1373 1904 1425 revertitur.
1939 1370 2138 1425 Dehinc

583 1473 770 1528 eadem
799 1474 899 1524 sub
941 1477 1097 1522 nocte
1125 1467 1345 1521 nimium
1384 1463 1501 1518 fuso
1528 1465 1779 1531 sanguine
1800 1503 1815 1528 ,
1854 1463 2140 1532 appropin-

582 1574 780 1632 quante
823 1560 910 1614 die
935 1598 950 1624 ,
999 1555 1259 1612 sacerdoti
1301 1568 1362 1608 se
1389 1552 1598 1607 obtulit.
1626 1553 1872 1617 Quicum
1902 1552 1969 1606 de
2000 1551 2137 1620 regis

586 1666 808 1707 occursu
833 1651 1046 1704 domum
1071 1653 1450 1708 reverteretur,
1481 1644 1746 1710 ingressus
1772 1644 1822 1694 in
1841 1642 2134 1695 oratorium

2241 479 2683 550 Sympltorianum
2725 479 2992 533 dremoues
3020 479 3343 533 nuntiabant.
3375 481 3443 534 Et
3465 494 3805 540 occurrentes

2241 585 2336 638 per
2362 569 2655 622 Murvtuutn
2687 567 2814 622 fletu
2836 570 3138 636 gemituque
3157 567 3488 622 clamabant:
3515 587 3535 622 ι
3568 568 3660 624 Vir
3681 586 3804 626 sano

2239 669 2358 732 cte,
2407 659 2452 710 si
2481 657 2549 712 de
2579 657 2710 711 locis
2739 656 2894 711 cultis
2926 672 3023 711 nos
3067 657 3523 712 irtconsiderauter
3563 661 3800 728 repellis,

2243 747 2319 802 vel
2349 747 2586 801 habitare
2627 746 2860 802 caneede
2901 747 3152 802 silvarum
3198 763 3293 816 per
3323 749 3668 806 solitudinem
3697 791 3714 816 ,
3747 763 3803 805 ut

2241 838 2393 890 liceat
2412 836 2623 894 miseris
2651 851 2747 905 per
2787 838 2996 892 deserta
3033 852 3252 893 securos
3279 853 3478 894 errare.
3514 842 3653 894 Ante
3684 851 3802 896 tuos

2239 930 2419 979 oculos
2446 940 2544 979 nec
2571 936 2795 993 corpora
2815 938 2912 980 nos
2931 925 3125 991 celant,
3157 940 3254 982 nec
3275 940 3548 981 nemora.s
3575 929 3675 996 Qui
3703 929 3799 984 deo

2240 1013 2427 1068 ﬂentes
2451 1023 2504 1066 et
2528 1015 2696 1067 sancti
2727 1029 2829 1067 non
2861 1014 3152 1069 tolerantes
3187 1015 3558 1083 prasentiam,
3587 1017 3799 1072 admota

2239 1103 2353 1170 ejus
2377 1101 2582 1166 dextra,
2605 1105 2670 1155 de
2700 1102 2935 1157 obsessis
2955 1102 3268 1171 corporibus
3295 1103 3490 1171 passim
3516 1107 3801 1162 verteban-

2240 1198 2325 1243 tur
2354 1193 2406 1243 in
2433 1191 2603 1256 fugam
2626 1227 2642 1253 ,
2677 1191 2816 1246 etde
2855 1196 3028 1246 salute
3050 1192 3227 1262 populi
3258 1190 3492 1262 proiecta
3531 1195 3797 1252 damoeta

2243 1278 2679 1334 lamentabantur.
3188 1280 3193 1285 ’

2311 1369 2399 1423 50.
2431 1369 2752 1425 Producatur
2781 1371 2834 1424 in
2857 1370 3086 1426 medium
3109 1370 3287 1427 nobile
3311 1371 3444 1428 illud
3464 1370 3798 1429 miraculum.

2239 1457 2371 1512 Cum
2400 1459 2768 1530 regrederetur
2796 1460 3038 1531 pontifex
3069 1461 3138 1516 de
3164 1471 3348 1515 sancto
3384 1462 3801 1540 Sympboriauo.

2238 1552 2454 1605 castello
2479 1552 2734 1607 Avalloue
2763 1561 2787 1590 ο
2819 1552 2922 1606 iter
2941 1565 3107 1623 agens
3134 1554 3443 1622 ingreditur,
3474 1554 3564 1608 ubi
3589 1569 3802 1609 reorum

2241 1641 2520 1696 multitudo
2549 1644 2826 1696 tenebatur
2848 1643 3132 1712 ergastulo.
3169 1642 3303 1696 llinc
3328 1656 3360 1696 a
3389 1642 3600 1697 Nieasio
3625 1643 3803 1699 comi-

585 1741 761 1795 statlm
805 1737 1014 1793 mulieri
1061 1733 1194 1786 alter
1236 1732 1422 1784 oculus
1447 1734 1679 1798 aperitur
1701 1768 1718 1792 ,
1748 1740 1823 1791 et,
1863 1738 2141 1796 praestante
2174 1719 2216 1778 Β
2246 1739 2295 1782 te
2331 1730 2580 1797 invitatus
2607 1730 2672 1783 ad
2704 1730 3002 1797 prandium,
3050 1732 3132 1784 vir
3171 1731 3266 1786 Del
3303 1730 3465 1800 capit
3491 1732 3558 1787 de
3587 1733 3801 1788 miseri-

589 1827 834 1891 Domino,
865 1823 1093 1895 gemello
1120 1837 1179 1875 se
1191 1819 1370 1902 videre
1394 1818 1592 1871 lumine
1621 1817 1928 1881 gratulatur.

654 1917 745 1973 (ιϐ.
778 1912 1117 1984 Magnolledis
1138 1909 1267 1982 [Al.,
1293 1906 1649 1979 ﬂanttoslidis]
1678 1908 1847 1977 puella
1875 1923 1993 1961 cum
2026 1905 2140 1960 tali-

586 2006 686 2063 bus
712 2005 929 2072 decepta
959 2003 1263 2058 illuderetur
1292 2000 1496 2054 insidiis
1517 2041 1534 2064 ,
1563 2007 1618 2054 ut
1639 1999 1848 2068 quoties
1877 1997 1941 2052 ad
1971 2002 2142 2053 eccle-

586 2102 729 2156 siam'
748 2098 996 2151 voluisset
1019 2094 1292 2158 accedere,
1319 2105 1556 2162 gressum
1582 2090 1757 2144 lacere
1786 2105 1889 2142 non
1915 2089 2140 2152 valeret,

583 2206 745 2247 servo
769 2185 1080 2243 Deiin-villa
1107 2184 1304 2238 Savara
1331 2189 1355 2218 ι
1379 2190 1692 2250 praesentata
1719 2188 1820 2232 est.
1851 2176 2140 2232 Confestim

587 2288 651 2334 ut
674 2278 842 2332 sancti
885 2286 1250 2340 manus-super
1271 2277 1428 2338 caput
1459 2269 1646 2336 puella:
1674 2267 1947 2320 titubantis
1976 2267 2142 2332 impo-

580 2369 730 2422 nitur
753 2405 771 2431 ,
799 2365 888 2418 tali
918 2361 1322 2432 investigatione
1346 2358 1582 2413 occultus
1605 2360 1795 2425 hospes
1819 2355 1927 2427 [Αι.
1956 2351 2143 2423 hostis]

589 2454 851 2522 detegitur
871 2491 888 2517 ,
913 2461 968 2507 et
986 2465 1047 2507 se
1073 2445 1160 2503 diu
1189 2447 1404 2504 latuisse
1427 2445 1593 2498 multo
1623 2445 1817 2511 gemitu
1839 2443 2143 2508 confitetur,

593 2558 693 2598 nec
719 2547 771 2596 in
797 2542 935 2595 beati
965 2538 1247 2610 prxsentia
1276 2536 1471 2590 clamat
1496 2533 1708 2603 proprio
1733 2548 1790 2587 se
1823 2545 1979 2603 posse
2004 2531 2143 2586 cela-

592 2648 650 2686 re
696 2631 977 2700 prastigio.
1025 2629 1162 2698 Ergo
1198 2628 1270 2680 ita
1318 2641 1376 2681 se
1420 2626 1680 2693 proditum
1717 2633 1770 2679 et
1806 2636 2140 2693 egressurum

590 2724 740 2791 gravi
765 2722 952 2774 ardore
995 2717 1358 2788 conqueritur.
1411 2714 1620 2769 interim
1652 2729 1756 2767 non
1784 2722 2029 2769 cessante
2057 2727 2142 2766 sa-

591 2810 806 2863 cerdote
829 2823 983 2861 manu
1009 2809 1185 2862 crucis
1209 2806 1420 2874 signum
1443 2802 1745 2869 depingere,
1787 2801 2145 2867 exspectasti-

597 2898 695 2951 bus
718 2890 961 2950 omnibus
1005 2895 1057 2947 in
1107 2905 1304 2946 musca-
1331 2888 1726 2943 similitudinem
1771 2900 2143 2955 prorumpens,

596 3001 720 3040 cum
744 2984 997 3051 sanguine
1025 2964 1090 3035 ile
1117 2979 1330 3034 naribus
1357 2977 1596 3031 mulieris
1622 2974 1870 3030 Inimicus
1897 2988 2145 3046 egressus

599 3084 702 3130 est.
723 3075 891 3141 Quam
911 3070 1120 3126 sanitati
1141 3069 1456 3133 restitutam,
1487 3065 1782 3120 mouacbali
1812 3076 1954 3120 veste
1981 3074 2150 3118 muta-

599 3173 750 3230 tam,
780 3162 870 3216 Dei
907 3160 1125 3215 servitio
1149 3156 1390 3211 traditam
1416 3156 1496 3210 bis
1518 3155 1837 3226 triumphare
1863 3153 2025 3218 fecit,
2057 3152 2150 3206 bo-

593 3262 678 3307 ste
696 3252 835 3305 victo
854 3249 937 3304 vel
965 3246 1182 3303 saeculo.

662 3341 754 3397 27.
802 3339 935 3408 Quid
976 3337 1102 3393 illud
1148 3334 1287 3406 quod
1335 3335 1451 3389 sine
1495 3347 1639 3386 mora
1691 3331 1893 3386 curavit
1921 3331 2147 3388 debilem

597 3433 863 3487 dexteram
885 3430 1069 3485 ?'Cum
1097 3430 1161 3482 ad
1192 3427 1523 3481 festivitatem
1547 3425 1712 3478 sancti
1743 3423 1949 3479 Martini
1979 3426 2148 3480 Turo-

595 3527 678 3580 nis
705 3525 1011 3578 acessisset
1036 3562 1053 3586 ,
1081 3533 1296 3588 egresso
1322 3520 1389 3572 de
1418 3517 1736 3571 monasterio
1767 3515 1920 3570 oll‘crt
1944 3530 2002 3570 se
2032 3531 2144 3570 mu-

601 3615 696 3668 lier
723 3612 964 3671 barbara,
995 3623 1152 3662 manu
1177 3609 1354 3661 nervis
1373 3616 1662 3672 contracta,
1687 3608 1956 3674 postulans
1983 3606 2147 3659 medi-

597 3701 791 3756 cinam.
822 3699 986 3764 Quam
1029 3697 1128 3749 sub
1149 3695 1324 3748 casula
1348 3704 1608 3760 receptam
1641 3709 1736 3747 suo
1762 3705 1917 3760 sputo
1944 3696 2145 3759 illitam,

598 3787 742 3842 velut
769 3800 1009 3855 sparsum
1061 3782 1245 3837 farinae
1285 3781 1563 3835 collectum
1611 3791 1983 3836 commacerat.
2019 3782 2148 3836 llittc

607 3876 888 3932 resudante
909 3876 1125 3928 dextera
1147 3872 1336 3941 digitos
1357 3872 1524 3926 tendit
1545 3880 1592 3924 el
1617 3874 1853 3941 rt-plicat,
1886 3882 2146 3940 torporem

595 3971 884 4019 veteretum
935 3963 998 4015 ad
1027 3960 1363 4015 vivacitatem
1406 3959 1703 4012 resuscitat.
1757 3959 1820 4012 Et
1844 3962 2146 4028 priusquam

598 4055 797 4107 veniret
819 4052 883 4104 ad
907 4051 1044 4104 beati
1067 4048 1272 4102 Martini
1292 4049 1524 4112 ianuam,
1549 4047 1724 4114 digitis
1746 4049 1855 4100 suis
1874 4059 2146 4102 extensum

597 4141 820 4194 reddidit
854 4137 1167 4192 incolumem
1206 4136 1498 4188 dexteram.
1549 4135 1714 4198 Quam
1765 4150 1881 4187 mox
1919 4137 2150 4190 sentiens

598 4242 715 4283 esse
739 4227 1016 4292 directam,
1042 4224 1318 4280 mulierem
1346 4237 1376 4276 a
1401 4236 1460 4277 se
1487 4220 1513 4260 δ
1540 4225 1781 4290 repulsus
1801 4231 1882 4277 est
1905 4262 1920 4285 ,
1948 4222 2150 4290 ingres-

596 4332 690 4373 sus
710 4316 997 4371 basilicam.

663 4404 754 4461 28.
778 4403 975 4460 Deinde
1015 4401 1316 4472 cgrediente
1336 4400 1402 4455 de
1425 4398 1670 4470 przcdicta
1692 4397 1923 4462 basilica,
1947 4411 2066 4452 cum
2089 4413 2146 4454 se

595 4496 661 4551 ad
691 4493 1011 4550 mansionem
1041 4505 1227 4547 servus
1257 4490 1350 4545 Dei
1381 4488 1670 4558 reciperet,
1699 4486 1853 4542 oﬂ'ert
1879 4501 1937 4540 se
1963 4501 2145 4556 manca

594 4589 759 4642 altera
785 4585 954 4654 palma
977 4582 1152 4651 digitis
1168 4580 1353 4646 afﬁxa,
1383 4595 1499 4649 quae
1522 4581 1666 4648 prius
1698 4587 1832 4633 tacta
1862 4578 1928 4633 de
1955 4578 2140 4644 saliva,

596 4675 788 4727 dehinc
814 4673 932 4726 oleo
962 4677 1216 4740 peruncta
1237 4707 1255 4734 ,
1294 4669 1530 4737 pristinae
1554 4671 1764 4724 sanitati
1803 4669 1869 4724 de
1901 4667 2146 4739 praisenti

596 4772 680 4820 est
699 4764 916 4822 reddita.
957 4762 1088 4817 Nam
1118 4772 1304 4816 causas
1334 4747 1650 4817 infirmitatis
1676 4764 1777 4820 hoc
1815 4773 1929 4818 erat
1964 4772 2147 4815 sancto

597 4854 712 4909 viro
729 4840 940 4917 curare,
965 4849 1106 4920 quod
1133 4858 1367 4917 tangere.

664 4943 914 5001 καλέω
958 4955 1088 4998 sane
1128 4938 1371 4994 mirabile
1394 4976 1412 5004 ,
1457 4940 1660 5007 quoties
1694 4938 1926 4993 famulus
1958 4937 2144 4992 Deiad

668 5086 692 5112 ⁸
721 5075 937 5140 Savara,
971 5072 1146 5134 Settre,‘
1173 5067 1374 5140 duabus
1401 5066 1562 5140 leucis
1583 5067 1712 5140 infra
1742 5061 1992 5133 Parisios,
2027 5082 2148 5136 pro-

598 5159 664 5214 pe
693 5137 960 5198 ileudonis
979 5141 1285 5214 castellum,
1319 5137 1559 5192 ﬂendos.
1583 5137 1769 5190 Mante.

668 5215 694 5253 δ
720 5215 820 5268 Pro
845 5211 1046 5281 repulit.

670 5280 1112 5350 ¢Sum,n._1.-
1209 5345 1222 5350 Α
1327 5347 1338 5350 _

666 5351 692 5390 δ
723 5340 872 5405 Baete
892 5340 983 5403 seu
1007 5347 1180 5401 bacca
1209 5345 1361 5408 lauri,
1388 5340 1730 5412 veljuniperi,
1757 5340 1989 5412 fructus;
2020 5341 2142 5396 item

661 5432 849 5484 mmas,
879 5425 932 5472 et
958 5425 1282 5470 mortuorum
1307 5411 1555 5484 capulum
1570 5412 1847 5478 signiticet,
1878 5411 1963 5466 hic
1996 5413 2141 5464 inso-

619 5480 688 5541 ite
713 5480 921 5556 quidem
944 5495 1247 5556 catenarum
1271 5480 1687 5556 annulos._lou.

663 5546 884 5610 Sanctus
920 5555 1088 5610 Grex.
1130 5553 1256 5606 Tur.
1306 5555 1460 5605 etiam
1513 5550 1668 5604 bacas
1695 5546 1880 5601 eodem
1928 5549 2142 5601 udhiltet

663 5568 884 5610 Sanctus
920 5568 1002 5609 ur
1073 5592 1088 5607 .
1133 5568 1160 5606 ’l
1178 5568 1256 5604 ur.
1306 5568 1460 5605 etiam
1513 5568 1668 5604 nacus
1695 5568 1880 5601 enttem
1928 5568 2126 5601 uuntttel

596 5628 647 5682 in
679 5639 855 5683 sensu.
885 5568 1125 5679 magno
1165 5619 1477 5676 Fortunatus
1506 5616 1744 5675 eamdem
1779 5630 1959 5668 vocent
1989 5633 2126 5675 osor

2244 1817 2424 1871 cordia
2457 1817 2651 1870 habt-re
2673 1817 3014 1887 colloquium,
3040 1829 3096 1872 ut
3118 1819 3256 1874 datis
3299 1821 3703 1889 fidejussoribus
3728 1824 3807 1878 lac

2245 1918 2491 1962 xareulur
2515 1907 2585 1962 de
2612 1908 2852 1974 vinculo,
2875 1918 2930 1963 et
2952 1919 3152 1976 partem
3188 1912 3359 1978 cu‘pte
3385 1910 3600 1966 cederet
3627 1913 3802 1980 pieta—

2246 1999 2311 2053 tis
2340 2001 2551 2053 intuitu.
2581 2000 2731 2066 Quod
2754 2002 2842 2056 ille
2872 2001 3044 2055 facere
3071 2001 3276 2055 distullt
3302 2003 3564 2056 obstinato
3589 2005 3805 2072 spiritu.

2244 2086 2398 2144 Unde
2445 2098 2725 2157 antequam
2757 2091 3154 2159 perprauderet,
3185 2105 3242 2144 se
3267 2091 3338 2147 de
3386 2108 3564 2146 mensa
3589 2104 3810 2147 sanctus

2244 2179 2524 2248 proripuit,
2561 2189 2612 2231 et
2645 2179 2846 2232 carceri
2876 2180 3219 2232 subterraneo
3244 2181 3574 2250 superjeCtus
3601 2181 3807 2236 diutius

2241 2267 2410 2319 aravit
2437 2281 2556 2318 cum
2588 2264 2738 2329 ﬂetu,
2767 2275 2825 2319 ut
2844 2267 3025 2320 divino
3061 2268 3388 2345 conferretur
3412 2271 3628 2336 auxilio,
3655 2274 3804 2342 quod

2241 2370 2270 2407 a
2300 2355 2572 2421 temporali
2618 2353 2797 2424 judice
2836 2370 2940 2410 non
2969 2368 3113 2412 esset
3160 2361 3452 2416 obtentum.
3499 2360 3587 2416 Sic
3613 2376 3811 2417 cursus

2243 2446 2332 2500 ille
2353 2429 2703 2515 lacrytua'rum
2735 2462 2828 2517 per
2855 2463 2976 2503 aera
3007 2439 3173 2518 surgit
3201 2452 3251 2504 in
3281 2451 3811 2522 omium,etgemitus

2244 2535 2477 2606 pervenit
2528 2535 2596 2588 ad
2652 2545 2848 2590 votum.
2910 2534 3086 2606 Itaque
3135 2540 3422 2607 deputatur
3469 2543 3689 2610 angelus
3739 2546 3810 2598 ad

2240 2625 2500 2681 electum.
2557 2624 2756 2679 Dehine
2776 2626 2854 2679 vir
2879 2626 3196 2681 venerabilis
3213 2642 3362 2696 spem
3387 2632 3708 2697 promittens
3728 2634 3811 2687 iu-

2247 2716 2420 2769 clusos
2464 2714 2723 2769 hortatur.
2763 2714 2870 2770 Nec
2915 2715 3087 2784 perdit
3128 2731 3305 2772 sermo
3351 2719 3490 2787 quod
3525 2721 3806 2789 lo1uitur':

2242 2800 2401 2856 Fides
2427 2810 2586 2869 gestis
2624 2801 2896 2868 impletur.
2928 2801 3007 2856 Eo
3051 2804 3377 2866 discedente,
3432 2821 3557 2858 mox
3585 2818 3809 2867 eatena-

2244 2906 2359 2945 rutn
2427 2891 2572 2944 bacae
2597 2888 2625 2928 ⁸
2663 2891 2994 2960 franguntur,
3033 2895 3219 2948 vineta:
3254 2894 3433 2964 ianua
3477 2909 3809 2962 reserantur.

2249 2977 2363 3031 dies
2400 2992 2454 3031 tn
2482 2991 2748 3034 carcerem
2776 2981 3064 3044 reducitur,
3093 2982 3325 3039 damnati
3369 2983 3441 3040 de
3489 2987 3727 3043 tenebris
3755 2990 3811 3042 in

2254 3064 2422 3120 lucem
2446 3066 2758 3134 procedunt,
2787 3083 2886 3123 nec
2911 3068 3110 3124 diutius
3159 3084 3312 3139 parta
3337 3074 3508 3130 tenuit
3532 3089 3671 3145 quos
3695 3084 3812 3132 tor-

2248 3168 2454 3228 queret.
2491 3151 2584 3214 Sic
2631 3161 2821 3231 erepti,
2876 3157 3110 3216 Parisios
3137 3173 3424 3219 occurrunt
3451 3165 3688 3234 pontiﬁci
3715 3168 3814 3238 qui

2249 3248 2676 3318 periclitabantur
2713 3247 2922 3302 inclusi.
2954 3249 3062 3304 Sed
3109 3262 3165 3304 ut
3211 3250 3564 3322 culpabiiibus
3608 3256 3810 3327 aliquid

2250 3337 2366 3406 plus
2401 3337 2684 3402 conferret,
2711 3353 2740 3391 a
2762 3352 2886 3408 rege
2905 3338 3157 3409 quidquid
3181 3341 3307 3396 fisco
3331 3357 3428 3412 pro
3457 3345 3542 3399 bis
3567 3345 3808 3401 debeba-

2251 3437 2339 3481 tur
2365 3425 2614 3482 obtinuit;

2317 3515 2405 3569 δι.
2439 3515 2638 3571 Dehinc
2663 3516 2729 3570 ad
2757 3527 2997 3572 sanctum
3025 3519 3193 3575 virum
3223 3519 3464 3575 Nicasius
3494 3535 3613 3575 cum
3645 3521 3807 3577 vellet

2248 3614 2550 3666 occurrere.
2582 3616 2636 3658 et
2663 3605 2773 3673 jam
2805 3617 3151 3674 przesentatus
3183 3624 3302 3662 mox
3332 3610 3647 3676 gravissimo
3677 3625 3808 3666 casu

2250 3696 2300 3747 in
2333 3704 2471 3746 terra
2506 3705 2799 3759 prostratus
2826 3705 2910 3748 est
2938 3705 2991 3748 et
3023 3711 3156 3763 pene
3185 3699 3428 3752 omnibus
3457 3701 3646 3754 salutis
3700 3701 3807 3754 de-

2248 3784 2432 3836 stituto
2452 3782 2672 3850 solatiis,
2707 3784 2824 3864 ipso
2845 3793 3028 3836 sancto
3059 3772 3439 3848 intercedente,
3483 3787 3684 3840 homini
3705 3789 3805 3841 tle-

2248 3878 2458 3938 sperato
2488 3869 2656 3924 virtus
2677 3879 2737 3923 et
2760 3885 2947 3925 sensus
2980 3885 3249 3939 regressus
3276 3881 3376 3926 est.
3401 3873 3521 3927 Mox
3550 3875 3806 3938 balteum.

2248 3975 2353 4027 quo
2380 3959 2687 4030 cingebatur
2723 3969 2777 4013 et
2819 3968 3022 4030 spatam
3077 3975 3192 4029 pro.
3228 3975 3450 4015 munere
3482 3961 3636 4017 beato
3668 3961 3808 4020 Ger-

2249 4067 2404 4104 mano
2429 4052 2773 4117 contradidit,
2821 4055 2960 4120 quod
2987 4056 3098 4122 ipse
3123 4068 3307 4111 comes
3333 4055 3459 4110 dato
3483 4057 3654 4125 pretio
3683 4069 3808 4128 ραι

2251 4139 2490 4191 redemit.
2535 4139 2587 4192 ld
2627 4153 2799 4193 actum
2844 4150 2945 4205 est,
2984 4149 3036 4192 ut
3080 4142 3221 4209 quod
3269 4145 3414 4210 prius
3458 4146 3805 4205 incarceratis

2249 4227 2545 4282 concedere
2564 4229 2789 4292 distulit,
2823 4229 2907 4284 hic
2933 4229 3198 4298 duplicato
3225 4231 3406 4285 fenore
3423 4232 3634 4289 debitor
3655 4249 3806 4292 cum-

2251 4327 2513 4386 pensaret,
2545 4329 2599 4374 et
2644 4330 2796 4373 aucta
2840 4320 2964 4373 dote
3011 4320 3198 4375 damna
3223 4320 3466 4386 sarciret,
3513 4323 3658 4392 prius
3708 4341 3807 4397 pro

2247 4408 2326 4462 eis
2345 4408 2612 4472 diﬂerens,
2655 4418 2772 4476 post
2799 4419 2852 4464 et
2901 4425 2962 4466 se
2990 4411 3159 4478 ipsum
3218 4410 3506 4468 redimens.
3536 4417 3807 4471 Anteno-

2245 4498 2350 4553 illis
2380 4501 2513 4566 pius,
2555 4498 2711 4554 modo
2736 4511 2791 4554 et
2817 4500 2884 4555 de
2912 4515 2971 4556 se
2999 4503 3251 4572 trepidus,
3294 4503 3480 4560 didicit
3509 4521 3639 4562 casu
3669 4523 3799 4577 pro-

2247 4589 2364 4656 prio
2389 4589 2638 4642 aerumnis
2683 4601 2993 4644 succurrere
3019 4590 3228 4647 alienis.

2316 4676 2404 4732 3‘2.
2446 4677 2670 4732 Prorsus
2711 4677 2835 4732 illud
2889 4677 3118 4748 stuporis
3161 4686 3431 4734 retexatur
3479 4681 3534 4737 in
3590 4683 3805 4752 pylas.

2252 4763 2419 4819 Eunte
2443 4775 2626 4819 sancto
2673 4767 2788 4819 viro
2833 4767 2898 4820 ad
2952 4768 3088 4820 beati
3135 4770 3384 4836 martyris
3429 4768 3807 4838 Symphoriani

2245 4868 2539 4916 occursum,
2570 4855 2699 4907 dum
2719 4855 2786 4909 de
2809 4857 2924 4909 vico
2948 4858 2972 4886 °
2993 4851 3298 4912 Cervedoite
3321 4858 3372 4912 in
3399 4858 3638 4914 Munitio
3667 4874 3799 4930 pro-

2247 4943 2505 5013 greditur,
2538 4942 2861 5006 habitatores
2889 4943 2986 4998 loci
3017 4958 3358 5003 occurrentes
3401 4957 3710 5019 suggert,
3747 4965 3806 5008 ut

2248 5081 2352 5148 put,
2397 5072 2665 5148 his‘verhis
2705 5072 2796 5127 lih.
2824 5073 2924 5127 ttle
2953 5075 3064 5128 iiir.
3091 5087 3255 5138 sancti
3297 5075 3526 5148 Martini.
3549 5090 3664 5148 cap.
3697 5078 3801 5134 23:

2249 5144 2431 5195 Omnes
2466 5144 2627 5195 baccar
2650 5153 2938 5213 catenarum
2960 5147 3230 5213 confracta:
3268 5147 3568 5213 ceciderunt.
3615 5144 3805 5206 haec.

2248 5213 2418 5278 itaque
2439 5213 2628 5291 eodem
2648 5212 2700 5291 in
2721 5226 2880 5291 sensu
2881 5206 3323 5291 ursurpantnu_r,-ac
3345 5206 3483 5285 boju,
3510 5217 3623 5272 sive
3641 5220 3799 5291 eqs;

2249 5294 2381 5348 quas
2406 5295 2558 5334 voces
2582 5283 2698 5348 vide
2711 5286 2846 5347 apud
2878 5283 3046 5347 Dufr.,
3073 5283 3312 5335 inGloss.

2319 5349 2623 5422 °_Cerre_do,
2654 5347 2867 5422 Cervos,
2889 5353 3043 5422 vicus
3073 5365 3234 5422 prope
3258 5349 3657 5422 Corblniacuin,
3686 5359 3800 5414 vul-

2281 5434 2309 5465 τι
2342 5417 2753 5488 Saint-Léonard
2788 5422 2850 5470 de
2877 5418 3146 5488 σοι-δέρην,
3177 5420 3228 5470 in
3256 5428 3424 5475 tractu
3456 5417 3794 5486 Hortiiusl'

2263 5486 2578 5606 celarunt,
2603 5489 2686 5556 qui
2717 5497 2916 5540 tr.tctus
2945 5486 3291 5556 Burgundiam
3332 5505 3363 5546 a
3401 5491 3650 5552 Νῆα-οἰδ
3675 5497 3778 5554 dial

2263 5572 2310 5605 Nl
2343 5592 2355 5605 .
2393 5597 2398 5603 .
2443 5570 2522 5606 Δῧ.

2244 5570 2355 5606 mu.
2393 5570 2522 5608 HA3.
