3948 6218
161 361 267 420 ιω

1047 319 1198 415 vmt
1238 362 1294 417 5.
1337 359 1642 416 GEMIANI
1693 348 2103 416 PABISlENSIS
2146 362 2457 422 El'tSCOH.

3282 379 3383 434 ιδσ

154 489 397 550 segetem
428 488 450 515 ⁸
479 477 694 532 i‘anitin
760 476 998 530 mulieris
1047 473 1217 528 vidua:
1240 515 1254 536 ,
1307 474 1432 528 nihil
1483 473 1726 526 habentis
1756 475 1803 531 Α
1825 466 1995 524 totum
2027 472 2244 526 vertitur
2275 475 2327 526 in
2373 477 2617 530 salutem.
2663 477 2790 543 Qun
2822 490 2937 549 post
2981 477 3034 536 in
3067 492 3385 544 ωοιηειοτίο

153 573 383 638 residui,
414 585 529 638 qua:
551 569 617 623 ab
645 567 776 621 ursis
802 567 1122 630 vastabatur,
1153 566 1366 619 visitare
1389 562 1718 633 prmciperet,

151 674 214 717 et
235 671 420 716 sancto
449 676 544 714 suo
569 644 793 712 adventu
818 658 1160 725 repelleretur
1191 657 1441 710 incursio.
1470 655 1567 720 Qui
1594 668 1719 707 con-

149 755 321 816 citus,
372 749 625 804 ministris
649 748 1009 811 irridentibus,
1060 746 1128 800 ad
1181 746 1353 799 locum
1394 744 1717 812 perducitur,

148 852 214 895 et
244 842 483 894 oratione
521 839 636 892 data
667 837 895 904 desuper
927 835 1049 890 fecit
1076 834 1424 903 signaculum.
1467 833 1601 887 iiiue
1638 833 1719 886 in-

150 933 358 986 stinctu
383 929 560 982 divino
586 929 636 982 in
665 929 959 995 parentales
984 925 1178 980 bestias
1200 924 1377 977 feralis
1396 923 1477 977 ira
1506 936 1722 976 ενοι-ευρ

145 1021 334 1086 ditur;
382 1020 562 1074 odium
608 1017 837 1072 nascitur
886 1016 938 1068 in
983 1015 1196 1077 all'ectu,
1249 1015 1300 1067 in
1374 1027 1504 1079 pace
1551 1024 1720 1079 pugna

150 1109 528 1165 committitur.
583 1106 781 1161 Furore
839 1104 1020 1159 bestia
1072 1103 1150 1157 bis
1200 1112 1493 1163 armantur,
1543 1099 1758 1154 sta'im'

149 1199 480 1267 pmfocatur
498 1212 631 1250 unus
659 1210 812 1248 ursus
833 1195 900 1248 ab
918 1193 1106 1256 altero,
1131 1202 1184 1245 et
1200 1192 1314 1261 ipse
1329 1191 1414 1260 qui
1431 1189 1718 1253 restiterat,

145 1289 286 1342 dum
314 1287 473 1341 vellet
499 1282 642 1339 foras
671 1284 874 1354 egredi,
918 1280 1058 1352 scpis
1091 1283 1212 1352 palo
1236 1279 1605 1337 transfoditur.
1633 1279 1720 1332 Sic

151 1379 372 1447 utrique
398 1357 692 1429 vastatores
715 1388 820 1427 uno
869 1381 1138 1433 momento
1177 1371 1512 1442 perimuntur
1539 1381 1593 1422 et
1621 1370 1720 1439 ipsi

146 1469 257 1522 sibi
286 1469 566 1524 confestim
591 1482 734 1521 arma
763 1466 948 1520 mortis
982 1463 1153 1520 eﬂecti
1182 1472 1322 1518 sunt.
1355 1463 1480 1517 Post
1505 1463 1602 1530 ipsi
1633 1477 1718 1516 re-

147 1558 341 1612 deunti
389 1559 576 1613 mulier
603 1557 765 1625 pelles
790 1570 1032 1609 ursorum
1076 1553 1266 1607 obtulit
1315 1567 1384 1607 ex
1433 1551 1628 1611 studio,
1669 1558 1722 1604 et

149 1647 308 1715 quasi
340 1647 518 1701 victori
549 1660 647 1699 suo
700 1654 1045 1712 repraesentat
1072 1643 1318 1712 spolium,
1375 1641 1514 1706 quod
1545 1650 1721 1694 tamen

144 1739 375 1791 cumino
395 1737 506 1803 ipse
534 1734 794 1788 recusavit
816 1730 1056 1796 accipere
1081 1747 1095 1796 ;
1116 1737 1172 1784 et
1194 1732 1280 1796 qui
1303 1729 1446 1798 prius
1469 1728 1732 1792 riserant,‘

148 1828 417 1894 paenitere
442 1833 730 1893 cmpcrunt,
757 1821 994 1875 videntes
1018 1819 1347 1874 miraculum.

225 1917 316 1973 δὲ
363 1915 428 1968 Ει
457 1916 702 1982 quoniam
724 1911 791 1965 de
816 1911 906 1965 Dei
934 1911 1074 1963 dono
1101 1924 1207 1962 non
1239 1908 1395 1963 debet
1438 1919 1555 1960 esse
1584 1905 1726 1958 fasti.

150 2007 328 2070 dium,
391 2007 517 2058 illud
561 2005 720 2058 etiam
766 2001 1000 2056 breviter
1041 1995 1709 2066 ducimus'explicaudum.

152 2096 184 2137 ³
202 2079 758 2160 Berctrudisqumdam
773 2091 958 2145 mulier
976 2099 998 2127 °
1029 2088 1326 2143 Munsuntbi
1351 2095 1586 2141 matrona
1601 2082 1725 2139 dum

153 2195 402 2253 tetnpore
433 2183 729 2237 litaniarum
754 2178 1269 2248 prmcmcatisoculis
1301 2192 1404 2230 non
1432 2185 1608 2245 posset
1653 2176 1731 2229 ire

152 2291 284 2353 cum
317 2275 512 2343 populo
542 2271 763 2326 audiens
789 2271 1009 2326 chorum
1035 2269 1531 2337 psallentium,'cum
1557 2267 1730 2336 lacry-

154 2365 264 2418 mis
292 2364 472 2417 domui
507 2362 756 2418 Germani
801 2363 1046 2430 implorat
1096 2360 1372 2415 auxilium.
1413 2357 1600 2424 ‘Tertia
1640 2372 1728 2412 ss-

158 2453 349 2522 quenti
394 2465 548 2507 nocte
592 2468 685 2522 per
714 2466 960 2520 soporem
1004 2451 1155 2505 visus
1201 2460 1285 2518 est
1308 2450 1359 2506 ei
1387 2449 1466 2504 vir
1491 2449 1730 2505 beatissi-

162 2554 287 2596 mus
330 2552 508 2594 astare
551 2554 713 2608 prope
761 2541 1010 2593 let-mlum
1056 2549 1112 2595 et
1163 2538 1312 2609 quasi
1364 2540 1522 2595 cacis
1567 2538 1732 2593 oculis

157 2628 359 2686 fecisse
403 2627 753 2698 signaculum.
802 2627 1064 2694 Evigilans
1107 2628 1295 2682 mulier
1333 2629 1525 2681 marito
1553 2635 1733 2680 narrat

159 2737 284 2791 qua
320 2731 464 2787 gesta
502 2727 647 2774 sunt.
683 2718 797 2772 Ilo:
841 2718 1076 2772 stillante
1122 2716 1380 2785 sanguine
1422 2716 1537 2784 dies
1559 2713 1731 2771 oculis

158 2807 427 2872 redditur,
468 2814 524 2861 et
547 2805 848 2860 diuturnum
898 2815 1016 2873 post
1055 2803 1295 2859 nubilum
1322 2805 1517 2858 lumina
1542 2817 1733 2859 sereno

162 2897 321 2953 radio
348 2897 662 2952 micuerunt.
687 2894 1027 2949 Clarescente
1050 2887 1260 2962 quoque
1303 2893 1394 2947 die
1421 2893 1490 2948 ad
1511 2894 1753 2950 missam“

164 3001 293 3042 cum
345 2987 538 3054 populo
577 2986 906 3054 progreditur
935 2984 1123 3037 mulier
1150 2983 1201 3038 in
1231 2997 1508 3052 processu,
1553 2983 1628 3036 ita
1672 2992 1732 3038 ut

167 3077 342 3133 sancti
364 3075 462 3130 viri
489 3075 566 3130 sic
596 3075 707 3129 visa
752 3086 845 3142 per
870 3072 1134 3127 somnium
1160 3081 1306 3127 esset
1355 3071 1528 3142 imago
1555 3086 1731 3128 reme-

165 3169 336 3242 dium.

238 3258 328 3314 δι.
369 3257 538 3312 Adest
581 3257 882 3314 aecminus
928 3255 1212 3319 laudabile,
1262 3243 1467 3309 reddita
1520 3253 1625 3308 vita
1653 3253 1734 3309 in-

167 3347 406 3404 fantulae.
438 3347 568 3404 Cum
597 3346 651 3399 in
674 3346 938 3399 Turonico
963 3344 1180 3397 illustris
1209 3343 1307 3397 viri
1349 3343 1515 3398 Pienti
1541 3352 1736 3398 matro-

170 3451 239 3490 na
266 3437 522 3502 capesitat
572 3435 690 3488 lilia:
730 3435 1037 3505 lamentarct
1066 3441 1324 3497 extrema,
1380 3443 1435 3487 et
1476 3432 1736 3501 obseratis

166 3527 337 3582 Oculis
378 3541 478 3578 nec
520 3527 754 3577 anhelitu
801 3527 977 3578 mobili
1028 3525 1312 3589 respiraret
1359 3521 1610 3574 infantula
1666 3521 1734 3575 ad

169 3618 338 3672 sancti
390 3615 486 3668 viri
516 3616 843 3680 prmsentiam
885 3624 989 3666 tota
1020 3613 1296 3666 committit
1323 3601 1591 3682 praesidia.
1623 3613 1721 3679 Qui

170 3719 268 3773 per
295 3705 524 3758 missum.
557 3703 824 3766 invitatus,
852 3709 1103 3770 quattlum
1136 3701 1292 3763 valet,
1333 3701 1398 3755 ad
1425 3703 1725 3756 conclama-

165 3806 241 3851 ta:
270 3795 454 3862 pnelte
509 3791 537 3830 ἀ
574 3793 799 3846 cadaver
826 3802 1089 3860 properat.
1136 3793 1394 3858 Exceptus
1423 3793 1598 3845 multis
1627 3792 1726 3846 tie-

167 3888 315 3942 tibus
346 3886 653 3950 deplorante
686 3885 881 3938 familia
910 3882 1294 3950 appropinquat
1321 3883 1595 3948 subsellio,
1627 3897 1734 3948 quo

162 3979 281 4050 jam
322 3977 519 4043 rigebat
550 3973 823 4027 infantula.
851 3969 999 4024 leo
1025 3970 1132 4022 vim
1161 3971 1281 4022 facit
1305 3971 1595 4037 questibus.
1629 3969 1730 4025 Fe-

168 4083 232 4125 re
255 4065 658 4121 transactointer
678 4063 790 4118 haec
805 4062 944 4116 horta
965 4061 1117 4114 unius
1129 4061 1298 4127 spatio
1318 4061 1494 4114 mobili
1516 4063 1738 4132 singultu

165 4157 330 4212 natus
360 4155 547 4222 puella
590 4152 881 4213 reducitur,
927 4151 1186 4205 viscerum
1228 4150 1401 4203 vitalis
1439 4152 1584 4205 calor
1639 4167 1739 4218 per

167 4248 413 4302 membra
459 4245 786 4300 dilfunditur.
808 4244 1008 4298 Dehinc
1035 4245 1284 4312 paulatim
1307 4245 1532 4298 animata
1559 4254 1738 4313 potum

168 4339 438 4408 poposcit,
466 4346 526 4391 ut
551 4338 768 4391 biberet.
794 4335 948 4404 ,τρυε
975 4351 1003 4388 a
1032 4335 1186 4389 beato
1215 4337 1330 4389 viro
1386 4343 1519 4404 pane
1559 4337 1739 4405 signa-

1825 561 1990 615 beata:
2019 561 2351 634 Radegundis
2395 563 2644 621 felicioris
2680 568 2801 622 vita
2828 571 3109 628 terminum
3137 588 3383 634 consum-

1826 655 2005 706 mavit.

1895 743 1985 797 35.
2019 741 2243 808 Quidam
2259 744 2482 800 clericus
2501 746 2568 800 de
2581 746 2732 817 iusta
2761 739 3084 806 monasterio
3106 753 3250 809 beati
3275 754 3389 812 Sil-

1827 832 1991 886 vestri
2025 831 2077 886 in
2105 840 2128 868 ε
2157 833 2568 902 Tcrnoderinse,
2601 851 2720 891 cum
2757 838 2844 892 die
2884 839 3178 908 Dominico,
3210 851 3265 899 tit
3298 844 3384 900 lo-

1828 921 2038 990 quimur
2070 939 2131 978 es
2163 924 2567 992 consuetudine,
2609 927 2806 997 caligas
2825 928 3164 995 circinasset.
3195 932 3388 989 debili-

1830 1021 2001 1067 tatem
2040 1027 2289 1067 manuum
2339 1014 2423 1069 vel
2475 1014 2664 1082 pedum
2718 1016 2956 1071 incurrit.
3007 1018 3112 1074 Sed
3140 1021 3206 1073 de
3236 1020 3389 1076 beato

1828 1103 2088 1159 Silvestre
2124 1119 2341 1173 gressus
2365 1105 2564 1176 recepit
2592 1105 2847 1171 ofﬁcium,
2879 1123 2972 1178 per
2997 1124 3242 1180 soporem
3283 1113 3381 1166 ad-

1837 1195 2068 1247 monitus
2108 1194 2340 1249 oceurrit
2377 1206 2561 1251 sancto
2599 1194 2889 1262 Germano,
2931 1211 3154 1265 poscens
3200 1201 3387 1256 salutis

1827 1283 2220 1352 compendium.
2245 1284 2288 1338 Α
2313 1299 2420 1353 quo
2437 1283 2810 1353 interrogatus,
2829 1300 3044 1340 causam
3074 1288 3240 1358 culpa:
3259 1304 3388 1345 con-

1829 1375 2002 1432 fessus
2025 1385 2130 1432 est.
2160 1376 2295 1430 Tum
2325 1375 2554 1444 imperat
2581 1377 2777 1431 clerico
2806 1385 2863 1430 ut
2890 1378 3143 1434 clamaret
3170 1395 3263 1447 per
3292 1396 3387 1448 pu-

1829 1466 2008 1536 pulum
2036 1480 2102 1521 ne
2123 1466 2240 1534 quis
2260 1472 2464 1522 temere
2488 1465 2574 1521 die
2600 1477 2910 1535 operaretur
2938 1468 3239 1524 Dominico.
3270 1469 3388 1537 Qun

1830 1555 2012 1625 quinto
2058 1555 2146 1610 die
2194 1564 2496 1619 transacto,.
2510 1555 2794 1624 superfuso
2821 1557 2961 1622 oleo,
2992 1559 3184 1614 debilis
3211 1562 3384 1628 palma

1830 1646 2090 1714 dirigitur,
2140 1655 2194 1699 et
2241 1645 2308 1699 ad
2358 1644 2566 1714 propria
2596 1645 2755 1700 eundi
2784 1661 2904 1701 cum
2933 1647 3173 1705 libertate
3200 1648 3380 1704 dimit-

1833 1736 1978 1789 titur.

1759 1798 1803 1857 Β
1907 1800 1996 1880 36.
2027 1822 2080 1878 in
2114 1840 2246 1894 pago
2343 1826 2663 1880 Amoniense
2708 1826 2850 1896 quod
2894 1837 3098 1897 gestum
3124 1835 3207 1882 est
3233 1827 3388 1895 repllo

1834 1926 2006 1970 cetur.
2040 1923 2065 1962 κ
2094 1905 2379 1984 ltotegiacu
2418 1915 2540 1970 villa
2589 1915 2870 1971 Parisiacae
2911 1915 3159 1972 Ecclesiae
3185 1926 3389 1985 septem

1823 2007 1890 2060 “ei
1916 2005 2013 2059 viri
2037 2004 2425 2059 debaccbautes
2446 2004 2606 2059 oblati
2628 2013 2770 2060 sunt.
2794 2005 2994 2072 Quibus
3012 2007 3207 2061 curatis
3230 2020 3387 2070 unus,

1833 2095 1924 2164 qui
1948 2095 2194 2164 graviore
2222 2095 2517 2161 vexabatur
2547 2095 2762 2162 spiritu,
2814 2109 2935 2156 cum
2978 2096 3128 2150 exire
3167 2111 3384 2166 cogere-

1834 2193 1942 2248 tur,
1976 2184 2172 2238 bomini
2215 2183 2309 2237 Dei
2340 2183 2614 2253 professus
2660 2192 2762 2246 est,
2808 2183 3027 2250 expulso
3074 2196 3134 2238 se
3179 2183 3246 2238 de
3295 2185 3388 2239 illo

1836 2272 1951 2327 loco
1984 2287 2205 2342 gravetn
2235 2272 2673 2327 lamentationem
2709 2271 2988 2326 Parisiacis
3017 2270 3212 2326 facere.
3241 2271 3389 2328 Tune

1833 2363 2007 2431 fugata
2041 2361 2204 2431 pestis
2243 2363 2309 2417 de
2337 2361 2505 2416 sancti
2533 2361 2633 2417 viri
2663 2360 2916 2416 Germani
2945 2361 3165 2416 transitu
3196 2360 3388 2417 famam

1835 2452 1968 2506 fudit
1999 2468 2090 2523 per
2121 2453 2362 2522 populos,
2394 2459 2450 2507 et
2490 2451 2719 2520 pastoris
2743 2464 2840 2521 pro
2867 2450 3010 2506 obitu
3040 2466 3252 2522 gregem
3274 2465 3389 2506 mo-

1802 2542 1910 2595 ‘vit
1955 2541 2006 2594 in
2052 2538 2254 2596 fletum.
2317 2537 2417 2606 Qui
2469 2548 2645 2594 tamen
2696 2552 3086 2607 energumenus
3142 2540 3244 2598 etsi
3296 2554 3386 2595 sa-

1835 2626 2054 2681 minavit
2081 2626 2437 2692 mendacium,
2478 2626 2730 2695 expulsus
2768 2639 2874 2682 non
2918 2625 3158 2684 defendit
3187 2627 3379 2684 obses-

1832 2733 1972 2772 sum.
2331 2749 2337 2757 κ

1901 2807 1994 2863 37.
2028 2807 2099 2865 Et
2126 2809 2251 2880 quia
2276 2807 2410 2879 justi
2439 2822 2599 2878 opera
2642 2819 2891 2866 crescere
2921 2807 3181 2876 cogebant
3223 2807 3386 2861 mira-

1835 2902 1978 2967 cula,
2023 2903 2150 2957 item
2187 2903 2241 2958 in
2271 2899 2525 2972 praedicto
2551 2900 2669 2957 loco
2695 2898 2917 2956 offertur
2959 2899 3009 2954 ei
3052 2899 3389 2969 paralyticus,

1815 2992 2088 3048 membris
2128 2991 2435 3055 dissolutus,
2465 2988 3056 3060 carpento‘subvectus,
3085 3001 3269 3057 gressu
3299 2987 3389 3041 tle-

1839 3081 2051 3136 stitutus
2079 3089 2132 3136 et
2161 3089 2304 3135 actu.
2355 3082 2470 3146 Quo
2515 3076 2827 3134 sanctiﬁcati
2869 3076 2977 3131 olei
3022 3075 3225 3145 liquore
3266 3091 3389 3144 per-

1841 3172 1978 3234 fusn,
2027 3184 2149 3224 cum
2192 3170 2328 3224 cutis
2372 3183 2576 3224 summa
2615 3167 2897 3237 tetigisset,
2943 3163 3092 3234 vigor
3136 3165 3394 3220 medullas

1840 3259 2063 3315 introiit.
2113 3258 2314 3312 Dehinc
2357 3255 2613 3311 redivivas
2643 3268 2831 3309 manus
2859 3254 2926 3308 ad
2965 3268 3116 3308 usum
3145 3252 3394 3308 mobilem

1837 3346 2126 3413 redeunt}
2158 3348 2372 3404 thorace
2396 3347 2626 3417 pectoris
2650 3343 2795 3400 vitali
2816 3345 3066 3414 appulsus
3083 3333 3148 3401 'ilt
3179 3345 3388 3406 fortior,

1841 3456 2012 3508 genua
2067 3439 2385 3492 columnaria
2425 3429 3142 3500 .im‘becillitasi’roboratur,
3195 3433 3392 3500 planta

1837 3529 2079 3584 solidatis
2120 3527 2334 3581 basibus
2358 3526 2736 3592 subriguntur.
2773 3525 2916 3593 inter
2944 3525 3057 3583 lucc
3088 3532 3195 3578 tota
3225 3537 3391 3575 mem-

1840 3606 2055 3676 brorum
2108 3619 2302 3674 fabrica
2352 3627 2653 3685 reparatur;
2683 3615 2770 3685 qui
2801 3614 3025 3670 sanitate
3047 3623 3279 3684 recepta,
3308 3630 3402 3669 res.

1838 3710 2035 3764 dcunte
2080 3716 2264 3763 sancto
2305 3707 2456 3773 viro,
2493 3705 2722 3761 occurrit
2760 3704 2818 3759 in
2855 3705 3041 3760 itinere
3080 3716 3385 3774 praeparato

1815 3803 2047 3864 .exenio,
2102 3801 2298 3870 gratias
2345 3797 2556 3881 Christo
2608 3797 2845 3853 referens
2893 3796 2961 3852 de
3009 3795 3215 3851 reddito
3263 3812 3383 3851 cor-

1879 3884 2081 3938 usculo.

1879 3900 2081 3938 uscuto.

1841 3900 1874 3953 Ρ
1908 3975 1997 4028 38.
2047 3973 2155 4027 Nec
2205 3969 2322 4025 hoc.
2349 3967 2787 4038 praetereundum
2820 3974 2921 4030 est,
2961 3965 3183 4036 qualiter
3226 3967 3387 4021 simili
3447 3955 3452 3958 ’

1841 4064 2028 4120 merito
2059 4061 2247 4117 claruit
2294 4059 2457 4113 vir-tus
2500 4057 2552 4110 in
2583 4057 2767 4122 altero,
2817 4043 2978 4124 igitur
3019 4055 3391 4126 Emmegisilus

1838 4157 1904 4210 de
1927 4155 2043 4208 vico
2071 4151 2086 4190 ί
2117 4151 2390 4215 Bucciaco,
2415 4147 2626 4215 quidam
2647 4162 2778 4216 puer
2797 4145 3080 4201 admodum
3103 4144 3379 4213 parvulus,

1841 4245 2094 4300 membris
2139 4241 2480 4312 paralyticus,
2531 4239 2584 4292 in
2614 4237 2742 4292 sella
2787 4235 3020 4291 Parisios
3042 4235 3109 4288 ad
3137 4243 3402 4290 sanctum”

1840 4337 2055 4399 virum,
2117 4332 2359 4388 manibus
2414 4327 2799 4396 baiulantium,
2858 4326 3069 4381 delatus
3115 4333 3215 4381 est.
3277 4325 3387 4380 Nec

170 4438 250 4496 to,
275 4429 357 4484 vel
377 4429 538 4483 calice
553 4417 1124 4497 degustatoiulantulae,
1148 4434 1403 4480 revocata:
1423 4427 1488 4480 de
1531 4425 1734 4492 funere,
1767 4442 1816 4504 ο
1845 4424 1861 4476 l
1891 4425 2076 4479 dextra
2128 4421 2307 4490 vigens
2349 4418 2553 4484 mobili,
2588 4429 2702 4476 inec
2731 4417 2907 4487 planta
2935 4429 3156 4489 surgens
3184 4416 3382 4484 stabili,

247 4589 280 4648 _‘
307 4582 386 4636 An
415 4579 701 4648 pistorict'e.

243 4645 278 4685 δ
310 4643 608 4701 Iterétrudis
636 4647 908 4716 cujusdam
935 4647 992 4700 fit
1036 4646 1233 4701 mentio
1260 4644 1396 4710 apud
1444 4643 1600 4708 Greg.
1632 4644 1737 4699 Tu-

173 4732 322 4777 ron.,
358 4717 446 4769 lib.
473 4732 548 4778 ts,
572 4730 688 4777 cap.
721 4717 811 4777 35,
839 4730 1004 4780 eaque
1045 4716 1111 4767 de
1141 4716 1348 4776 templis
1375 4729 1436 4765 ac
1462 4723 1735 4767 monaste-

177 4786 280 4841 riis
327 4787 460 4837 bene
513 4785 696 4836 merita
749 4784 909 4835 (niese
955 4793 1215 4835 narratur.
1251 4783 1439 4834 Verum
1489 4784 1602 4834 haec
1631 4798 1733 4836 non

175 4858 289 4907 alia
317 4854 474 4912 fuisse
507 4852 731 4911 videtur,
785 4866 938 4918 quam
982 4865 1041 4904 ea
1088 4864 1245 4916 quam
1282 4851 1457 4902 laudat
1513 4849 1730 4904 Furtim.

176 4923 278 4989 lib.
322 4937 380 4984 tt,
407 4938 524 4990 cap.
571 4922 656 4984 12,
697 4924 765 4974 ob
815 4930 1164 4985 constructam
1209 4919 1416 4990 Tolosa:
1464 4918 1733 4990 basilicam

176 4987 347 5044 sancti
378 4987 668 5045 Saturnini.
695 5005 813 5055 qum
839 4989 1134 5042 Launebotli
1171 5003 1305 5038 uxor
1334 4987 1498 5039 fuisse
1522 4987 1727 5040 dicitur.

175 5059 288 5113 Aut
311 5075 436 5119 ergo
457 5057 552 5108 alia
582 5057 676 5108 fuit
699 5067 857 5122 atque
881 5073 940 5110 ea
963 5059 1028 5111 de
1056 5071 1155 5123 qua
1181 5057 1262 5107 bic
1299 5055 1498 5107 mentio
1529 5056 1603 5116 lit,
1644 5066 1731 5109 aut

177 5128 294 5181 huc
321 5129 434 5179 viro
457 5126 605 5178 alteri
631 5135 753 5177 ante
791 5125 952 5181 fuisse
995 5136 1150 5194 nupta
1179 5125 1528 5177 existimanda
1576 5131 1674 5177 est.

257 5206 280 5234 ⁸
311 5197 392 5249 An
422 5194 774 5246 Mttttsuitttiti?

256 5264 280 5302 ⁸
315 5265 492 5328 Antiq.
526 5263 684 5323 Cod.,
709 5264 1016 5315 cadavercm.
1089 5296 1093 5300 -

261 5341 287 5370 ⁸
313 5327 728 5385 Tertiotlorensis
751 5340 966 5391 tractus,
989 5329 1134 5395 cujus
1157 5340 1311 5396 caput
1337 5327 1726 5388 Terntidnrum,

182 5416 281 5455 seu
327 5401 716 5461 Tornodorum,
765 5397 1043 5459 Tormerre,
1084 5398 1135 5448 iu
1170 5398 1478 5466 Bttrguntlite
1509 5397 1722 5458 ducatu,

182 5469 494 5525 ostenditur
575 5481 736 5534 usque
790 5467 854 5520 ad
915 5464 1299 5534 monasterium
1366 5464 1721 5534 lteomaheusc,

183 5538 342 5606 Vulgo
385 5534 628 5589 Ποίησιν
655 5531 995 5606 Βαὶῃῑ-Ιεοῂ,
1029 5532 1111 5590 cui
1145 5541 1257 5586 tum.
1292 5544 1527 5606 sanctus
1548 5531 1722 5606 Silve-

177 5599 302 5663 ater
313 5606 477 5675 abbas
500 5613 741 5670 prmerat.
773 5605 908 5675 Lege
948 5603 1121 5660 Vitam
1153 5604 1318 5658 sancti
1343 5601 1559 5656 Joannis
1589 5599 1723 5653 lico-

183 5674 434 5732 masmis.
466 5675 652 5728 Μηιι.
859 5674 862 5675 ⁷
1307 5691 1312 5694 -

1913 4571 1933 4611 ί
1964 4572 2173 4640 Masny,
2199 4570 2250 4622 in
2272 4569 2414 4640 Bria.
2454 4634 2487 4640 _
2685 4634 2718 4640 __
2876 4625 2882 4629 _

1908 4651 1933 4690 ι
1969 4633 2252 4695 ΕιὶειηῖἸιίΩ
2281 4639 2424 4690 locus
2454 4634 2750 4704 Burgunitlia
2790 4647 2909 4689 esse
2934 4633 3140 4689 videtur
3165 4634 3378 4691 Castel-

1837 4712 1973 4769 lano,
2015 4709 2251 4772 adeoque
2293 4706 2533 4759 diversus
2569 4703 2606 4770 a,
2639 4703 2842 4772 Rongy.
2865 4704 3215 4770 sesqui-leuca
3240 4705 3376 4756 dtllt-

1837 4787 1975 4832 taxat
2009 4775 2243 4838 Parisiis,
2286 4789 2384 4829 nec
2399 4783 2580 4828 .tamen
2615 4773 2848 4827 creditur
2869 4785 2987 4825 esse
3011 4772 3204 4841 Rosoy,
3232 4772 3376 4825 anti-

1833 4848 1948 4916 quis
1979 4846 2250 4898 liosetum.
2277 4844 2546 4898 .Bousun.

1904 4913 1931 4951 ιι
1953 4916 2023 4967 Ita
2052 4929 2182 4967 mss.
2214 4911 2403 4973 Codd.;
2426 4908 2696 4974 legendum
2719 4916 2893 4961 tamen
2914 4907 3118 4963 videtur
3139 4908 3382 4963 :Tltoraa:

1835 4986 2049 5048 pectoris
2067 4982 2202 5035 uitali
2226 4980 2386 5049 pulsu
2397 4980 2456 5049 ﬁt
2476 4978 2679 5046 fortior,
2705 4993 2926 5049 genuum
2945 4978 3254 5049 columnaria
3279 4980 3381 5034 int-

1834 5046 2252 5174 ξῖιίηὲιαειειοζ.
2287 5049 2387 5102 nisi
2428 5046 2572 5102 torte
2619 5062 2784 5116 genus
2832 5046 3094 5114 adjective
3117 5055 3379 5102 sumatur.

1886 5137 2020 5174 ABIL.

1886 5137 2020 5176 ABIL.

1912 5194 1922 5227 ί
1964 5189 2268 5245 Bucoiacus.
2301 5184 2502 5254 Boissy,
2527 5183 2683 5254 paulo
2709 5197 2864 5252 supra
2907 5181 3192 5250 Lutetiam,
3240 5185 3378 5240 inter

1833 5257 2128 5323 Sequanam
2156 5265 2210 5306 et
2237 5253 2545 5306 Matrouam.
2564 5253 2728 5318 μιν.

1907 5317 1934 5375 1⁷
1961 5328 2016 5379 in
2047 5323 2280 5390 pluribus
2309 5324 2431 5375 lilss.
2478 5317 2574 5374 hic
2603 5323 2906 5390 inseruntur
2928 5317 3024 5374 ista
3050 5321 3208 5377 verba
3233 5337 3248 5376 :
3276 5319 3380 5375 Per

1832 5389 2058 5447 triduum
2099 5406 2236 5454 uoce,
2287 5407 2461 5454 manu,
2483 5390 2714 5458 vestigio,
2745 5389 2934 5455 pudore
2960 5392 3264 5453 concutitur,
3292 5407 3380 5441 ru-

1835 5479 1944 5515 mor
1969 5465 2021 5513 in
2049 5471 2216 5530 partes
2245 5460 2462 5530 tollitur,
2495 5457 2934 5530 gratius'Creatori
2961 5464 3253 5530 referentes,
3273 5458 3394 5530 130..

1831 5533 2016 5585 minem
2037 5525 2067 5580 ἁ
2094 5544 2192 5594 quo
2219 5528 2402 5596 morbis
2421 5525 2610 5596 λυθείη
2637 5536 2687 5596 et
2713 5526 2932 5596 moribus
2959 5525 3245 5593 imperetur.
3262 5525 3389 5584 ,5οά

1832 5614 1948 5655 cum
1982 5593 2129 5652 textu
2158 5611 2259 5651 non
2295 5593 2566 5671 cohaerere.
2587 5595 2850 5656 vitientur.
2877 5593 3022 5664 lactt,
