3948 6218
587 358 685 409 467

1283 349 1592 405 VENANTH
1635 323 1789 415 nos.
1829 342 2032 399 essu.
2084 342 2463 399 FORTUNATI
2502 328 2779 417 opsauu
2826 347 3000 404 mus
3040 348 3105 404 ll.

3708 354 3804 409 881

590 490 689 529 nec
734 428 908 541 lingua
955 485 1143 527 sonans
1187 467 1418 529 volubili,
1466 466 1626 519 tutius
1644 476 1651 487 τ
1671 461 1958 517 debilitatis
1983 474 2127 513 mar-
2161 461 2210 518 Α
2235 462 2498 528 exposuit,
2540 461 2762 515 dicens:
2795 441 2885 517 Pie
2935 472 3105 528 pater,
3138 463 3180 516 si
3213 463 3374 518 velles
3401 463 3471 520 ad
3495 464 3803 523 lamentan-

591 578 717 615 core
754 558 1007 629 captivus,
1053 554 1440 627 quodammodo
1479 554 1592 607 sine
1624 561 1835 615 naturae
1866 547 2051 601 ordine
2081 549 2133 599 in

593 667 768 707 rerum
810 662 993 703 natura
1034 649 1311 717 prmfusus.
1354 647 1518 710 Quem
1550 652 1763 698 sanctus
1793 642 2135 715 eontinuatim

595 756 688 807 per
729 739 953 794 triduum
1002 752 1153 792 sacro
1199 736 1389 789 liniens
1433 735 1552 788 oleo
1598 731 1807 790 sanitati
1855 730 2136 784 restituens

594 812 697 883 uno
741 831 841 884 sub
886 838 1151 882 momento
1192 840 1339 889 voce,
1390 838 1571 889 manu,
1619 820 1861 889 vestigio.
1905 819 2139 871 Cunctos

590 930 775 989 stupor
803 917 1152 987 amplectitur,
1212 916 1409 970 clamor
1437 914 1485 967 in
1517 911 1719 971 coelum
1748 908 1986 963 educitur
2014 922 2131 959 om-

586 1023 711 1062 nem
780 1018 946 1063 artem
1004 1004 1326 1061 medicorum
1376 1013 1615 1058 sanctum
1670 1003 1954 1070 superasse
2002 998 2143 1061 Ger-7

588 1111 801 1151 manum

659 1205 748 1259 39.
793 1206 920 1260 ltcm
946 1206 1012 1260 de
1042 1204 1224 1259 eodem
1253 1205 1367 1257 vico
1396 1202 1648 1255 Buceiaco
1676 1199 1915 1267 quaedam
1949 1212 2135 1251 occur-

587 1294 655 1348 rit
685 1294 909 1347 Parisios
940 1296 1008 1347 ita
1038 1308 1195 1346 manu
1222 1302 1504 1352 contracta,
1539 1284 1595 1341 ut
1625 1289 1871 1355 unguium
1899 1300 2130 1339 acumen

586 1384 811 1452 palmam
863 1382 1055 1434 foraret
1101 1381 1153 1433 in
1197 1380 1452 1433 intimam.
1502 1376 1601 1443 Qui
1647 1386 1847 1428 tantum
1893 1375 2004 1426 oris
2052 1374 2134 1427 sui

588 1474 746 1526 ducta
776 1472 936 1524 saliva
963 1456 1176 1539 pollice,
1207 1482 1483 1523 nervorum
1510 1465 1908 1529 distentionem,
1942 1479 2128 1517 manus

588 1561 837 1615 reformat
860 1561 1162 1629 imaginem.
2008 1544 2017 1560 ’

664 1667 744 1722 £0.
777 1668 988 1721 Retinet
1012 1664 1124 1734 ejus
1154 1666 1360 1719 laureas
1402 1674 1454 1718 et
1490 1679 1651 1731 pagus
1698 1663 1974 1718 Bituricus.
2029 1664 2130 1732 lgi-

560 1747 671 1811 'tur
696 1766 873 1827 pastor
903 1759 1066 1810 bonus
1096 1771 1212 1809 cum
1240 1756 1306 1807 de
1336 1756 1449 1807 vico
1475 1754 1764 1822 Novigento
1794 1754 1859 1806 ad
1890 1763 1913 1788 η
1948 1744 2129 1807 Vicum
2164 1782 2212 1842 Β

585 1848 786 1901 Novum
810 1847 1053 1900 visitandi
1080 1845 1250 1912 gregis
1279 1859 1402 1898 cura
1425 1844 1575 1896 solita
1607 1845 1946 1907 pervenisset,
1978 1843 2132 1899 offert

588 1950 650 1989 se
694 1934 933 2002 qua‘dam
971 1934 1145 1986 vetula
1186 1946 1443 1986 annorum
1478 1931 1557 1985 bis
1586 1940 1836 1999 quaterna
1861 1946 2046 1998 gerens
2080 1933 2131 1986 in

587 2023 825 2076 caecitate
864 2022 1140 2074 curricula.
1185 2020 1341 2088 Cujus
1388 2032 1548 2087 super
1595 2020 1777 2072 oculos
1805 2019 2008 2101 signum
2040 2034 2134 2075 no-

587 2126 706 2170 atrae
737 2112 1109 2183 redemptionis
1159 2110 1406 2165 sacerdos
1459 2110 1757 2178 imponens,
1812 2110 2037 2178 imperat
2078 2120 2135 2164 ut
2188 2124 2195 2137 ‘

589 2216 816 2272 sequens
845 2202 942 2255 iret
968 2215 1069 2268 qua
1099 2200 1331 2269 pontifex
1380 2209 1642 2273 pergeret.
1695 2199 1874 2253 Altera
1923 2216 2132 2270 quoque

558 2296 676 2348 'die
704 2308 822 2347 cum
864 2294 1113 2361 praedicto
1150 2301 1453 2346 occurreret
1482 2290 1531 2345 ei
1558 2276 1624 2345 ex
1670 2291 1980 2359 improviso,
2012 2305 2132 2344 san-

563 2384 797 2459 _guinem
829 2390 1128 2435 manantem
1161 2383 1226 2437 de
1258 2382 1476 2445 lumine,
1524 2381 1670 2447 largo
1712 2381 1877 2446 fonte,
1908 2382 2131 2437 salutem

586 2487 734 2525 suam
764 2474 900 2524 oeuli
933 2471 1312 2541 lacrymabant.
1347 2471 1471 2534 ρυω
1506 2470 1643 2535 inter
1670 2471 1899 2539 reliquos
1927 2470 2133 2525 astante

586 2546 770 2613 saneto
805 2560 919 2612 viro
953 2559 1294 2627 coaspicitur.
1322 2559 1422 2624 Qui
1450 2559 1643 2613 tollens
1674 2574 1732 2613 se
1758 2556 1823 2613 de
1852 2559 2125 2625 confesso,

588 2650 861 2727 mulierem
887 2657 1084 2716 utpote
1114 2663 1303 2701 caecam
1344 2644 1501 2701 trahit
1537 2650 1589 2701 in
1622 2649 1997 2715 diversorium,
2028 2665 2133 2719 quo

589 2732 689 2790 sibi
714 2746 844 2801 erat
891 2737 1206 2790 cubiculum.
1235 2737 1398 2809 Cujus
1438 2737 1631 2791 lumina
1660 2752 1790 2804 aqua
1824 2738 1992 2805 tepida
2024 2739 2134 2792 suis

592 2825 831 2878 manibus
868 2824 1085 2877 abluens
1113 2822 1257 2873 diem
1290 2823 1480 2874 refudit
1525 2823 1578 2872 in
1626 2822 1811 2873 oculis.
1854 2823 1982 2883 Quae
2012 2826 2132 2875 mox

594 2911 767 2975 lucem
814 2910 1037 2976 inspicit,
1067 2908 1256 2974 .sancti
1304 2909 1399 2960 viri
1446 2908 1639 2976 digitos
1679 2909 1918 2961 insatiata
1946 2909 2135 2977 gaudio

597 3000 708 3053 suis
755 3000 1010 3053 immersit
1048 2998 1303 3061 faucibus,
1348 2998 1646 3066 pariterque
1695 2998 1955 3052 ministris
1983 3000 2132 3053 co'm-

596 3089 883 3159 punctione
912 3088 1223 3143 dedentibus
1251 3089 1427 3142 tidcre
1454 3103 1514 3142 se
1546 3088 1831 3149 hominem,
1862 3088 1947 3155 qui
1976 3090 2130 3143 cmcis
2158 3089 2205 3151 C

596 3177 693 3247 pro
718 3180 932 3248 pecunia
956 3181 1007 3234 in
1033 3179 1191 3233 d‘omo
1213 3180 1406 3231 lumina
1431 3178 1780 3245 dispensaret.
1810 3176 1917 3232 Sed
1943 3177 2057 3233 lucc
2080 3177 2131 3231 in

595 3269 835 3325 cubiculo
859 3270 1234 3337 prtesente'me
1260 3276 1403 3339 gesta
1431 3276 1571 3323 sunt.
1729 3275 1737 3281 '

666 3382 757 3436 41.
802 3380 933 3434 Cum
983 3378 1047 3433 ad
1077 3379 1461 3446 possessionem
1506 3377 1762 3440 ecclesiae,
1790 3392 1909 3445 quae
1945 3378 2132 3432 dicitur

596 3471 624 3508 ι’
651 3471 854 3533 Inetlte,
902 3468 1151 3523 sacerdos
1178 3468 1474 3535 accederet,
1515 3467 1726 3535 quidam
1758 3468 1805 3522 ei
1838 3469 1894 3520 tit
1924 3469 2131 3532 obvius,

593 3574 926 3630 conquerens
965 3561 1031 3615 de
1074 3560 1296 3627 quadam
1343 3559 1461 3645 vi‘l'la
1506 3572 1565 3611 se
1603 3559 1771 3611 solum
1816 3558 2130 3613 incolumem

596 3650 737 3716 esse,
786 3651 1057 3702 universos
1085 3663 1210 3702 vero
1239 3648 1445 3701 accolas
1486 3646 1630 3713 gravi
1675 3649 1830 3700 tmdio
1871 3647 2130 3700 laborare.

600 3740 760 3803 Cujus
788 3735 1008 3802 eulogiis
1037 3736 1102 3786 ad
1132 3736 1367 3787 infirmos
1399 3736 1637 3801 portatis,
1666 3738 1839 3788 statim
1871 3736 1937 3787 ab
1966 3750 2136 3802 aegro-

600 3827 668 3877 tis
706 3824 924 3890 languor
961 3822 1135 3899 o‘mnis
1164 3822 1369 3899 fugatus
1396 3830 1497 3884 est,
1533 3830 1584 3874 et
1612 3822 1781 3898 primo
1809 3831 1962 3888 gustu
1991 3822 2132 3874 eulo-

593 3913 795 3978 giarutn
828 3910 1203 3963 morbus-cum
1235 3924 1365 3976 pane
1395 3917 1737 3974 consumptus
1767 3919 1868 3962 est.
1916 3908 2004 3963 Sic
2035 3909 2131 3961 fuit

599 4000 668 4054 ab
693 4001 779 4054 illa
808 3998 957 4053 turba
986 4013 1105 4055 cum
1129 4012 1252 4051 esca
1281 3999 1475 4051 sanitas
1500 3997 1829 4050 manducata.

615 4069 620 4075 ’
670 4080 760 4140 42.
791 4068 919 4139 item
948 4087 1067 4143 eum
1094 4084 1318 4137 Parisios
1340 4084 1403 4137 ad
1430 4095 1449 4122 ε
1478 4086 1742 4137 basilicam
1766 4086 1928 4139 beata:
1950 4084 2135 4139 Crucis

604 4177 683 4227 vir
711 4173 801 4226 Dei
827 4171 1153 4239 procederet,
1179 4171 1366 4225 mulier
1390 4170 1655 4235 parvulum
1686 4172 1737 4226 in
1770 4174 1919 4237 albis,
1949 4174 2135 4229 ultimo

603 4263 729 4317 ﬂatu
757 4260 1090 4330 palpitantem
1118 4268 1172 4314 et
1200 4260 1310 4327 jam
1340 4258 1707 4328 migraturum,
1747 4270 1868 4314 ante
1895 4272 2131 4316 sanctum

2195 1374 2197 1377 ί
2240 1350 2292 1403 in
2334 1350 2531 1406 funere.
2578 1351 2655 1405 Ita
2707 1364 2976 1407 momento
3018 1354 3269 1423 temporis
3312 1354 3448 1408 filius
3491 1355 3564 1409 de
3612 1357 3797 1409 mortis

2240 559 2344 602 tem
2395 552 2686 618 respicere,
2746 562 2916 606 mater
2953 552 3145 606 flebilis
3180 568 3282 606 non
3312 553 3572 620 orbarer;
3622 570 3796 627 nequa

2240 638 2360 692 hinc
2388 639 2663 694 discedere
2698 641 2881 695 malles
2913 642 3120 709 plenam
3146 644 3363 712 gemitu,
3398 653 3685 698 vacuatam
3734 644 3799 699 ds

2239 726 2432 780 fructu.
2476 729 2542 781 Et
2564 729 2667 783 nisi
2697 729 2919 785 festines
2941 746 3273 797 succurrere,
3315 732 3466 788 vides
3498 733 3794 800 infelicem,

2237 827 2583 886 extorquente
2611 829 2804 884 murto,
2833 821 2946 889 rapi
2973 832 3150 876 natum
3178 824 3246 877 ab
3275 824 3456 878 ubere.
3490 828 3598 877 Aut
3627 825 3797 879 tilium

2238 909 2472 972 restitue,
2502 919 2589 963 aut
2617 911 2814 978 pariter
2843 926 2971 975 cum,
2997 913 3112 977 ipso
3158 912 3521 981 funeraturam
3565 927 3655 969 me
3695 915 3791 967 ob-

2240 999 2362 1051 tine.
2396 999 2627 1067 lndulge,
2662 1008 2860 1066 pastor,
2887 1002 3113 1065 miserm,
3146 1015 3301 1069 quam
3330 1016 3456 1055 suns
3485 1000 3647 1054 dolor
3676 1000 3797 1055 facit

2237 1088 2519 1149 audacem._
2538 1088 2648 1155 Qua
2684 1076 2932 1143 ﬂebiliter
2954 1100 3221 1156 poscente,
3246 1105 3367 1143 mox
3404 1098 3460 1143 ut
3489 1090 3633 1143 beati
3664 1090 3794 1143 dea-

2239 1184 2347 1231 tcra
2372 1192 2528 1243 supra
2551 1179 2882 1244 expirantem
2904 1179 3107 1247 signum
3134 1178 3303 1231 crucis
3328 1179 3619 1245 impressit,
3647 1177 3796 1247 quasi

2237 1266 2361 1333 vigil
2394 1266 2458 1318 de
2489 1280 2680 1331 sopore
2708 1266 2793 1319 lac
2824 1268 3007 1321 matris
3034 1268 3280 1334 expetiit,
3310 1268 3395 1332 qui
3418 1268 3533 1336 jam
3567 1269 3796 1335 frigebat

2236 1437 2406 1501 fauce,
2449 1449 2617 1494 mater
2645 1437 2845 1496 tollitur
2872 1428 2939 1498 de
2968 1452 3211 1502 mceror'e.
3264 1443 3398 1497 Ilinc
3443 1444 3796 1500 circumstans

2234 1528 2480 1596 populus,
2516 1539 2734 1595 stupore
2763 1533 3081 1595 concutitur,
3113 1536 3286 1601 fragor
3312 1535 3365 1587 in
3390 1544 3572 1605 partes
3593 1536 3797 1590 attolli-

2239 1625 2341 1680 tur,
2369 1618 2561 1685 gratias
2588 1617 2822 1673 Creatori
2851 1621 3140 1697 referentes
3169 1622 3242 1673 de
3266 1623 3504 1689 pra~mio,
3533 1634 3796 1691 tempore,

2237 1706 2526 1759 sacerdotis
2568 1710 2857 1777 praecipuo,
2884 1723 2913 1761 a
2940 1723 3043 1777 quo
3071 1708 3276 1765 morbis
3303 1710 3503 1780 jugitcr
3524 1720 3581 1767 et
3604 1712 3794 1767 mortl-

2240 1794 2335 1847 bus
2366 1794 2674 1864 imperetur.
2704 1796 2716 1801 ’
2898 1786 2957 1885 ιχ

2304 1880 2392 1935 45.
2444 1883 2643 1938 Deinde
2681 1880 2966 1939 accedenie
2995 1885 3046 1939 in
3073 1884 3101 1921 ἀ
3134 1886 3361 1940 Bradeia'
3387 1887 3508 1941 vico
3539 1888 3663 1957 pagi
3696 1887 3795 1944 Pa-

2244 1972 2445 2035 risiaci,
2482 1973 2639 2026 missa
2668 1974 2979 2038 celebrata,“
3002 1974 3051 2028 ei
3081 1974 3132 2027 in
3162 1977 3403 2029 sacrario
3424 1976 3683 2031 cathedra
3712 1976 3797 2033 de-

2234 2070 2437 2129 portata
2461 2049 2676 2116 offertur
2702 2064 3011 2133 paralytica,
3042 2064 3407 2119 universorum
3427 2066 3794 2122 membrorum

2234 2150 2479 2205 damnata
2526 2166 2717 2219 gerens
2764 2134 2963 2217 officia,
3008 2153 3208 2208 nullum
3264 2154 3501 2224 vigorem
3553 2157 3795 2212 retinens

2234 2239 2423 2306 plantae
2448 2239 2532 2292 vel
2553 2240 2803 2293 dexterae.
2835 2240 3206 2295 Mephabcns
3236 2243 3288 2294 in
3316 2258 3379 2296 eo
3410 2242 3665 2297 fiduciam
3713 2244 3796 2313 qui

2238 2327 2375 2381 dona
2403 2329 2502 2383 sibi
2532 2328 2675 2397 larga
2706 2328 3011 2394 pra’stabat,
3040 2341 3157 2380 eam
3189 2338 3244 2381 ut
3274 2329 3446 2382 vitalis
3474 2330 3603 2396 olei,
3632 2331 3795 2386 bena-

2234 2418 2463 2472 dictione
2512 2417 2885 2485 superlinivit,
2949 2418 3125 2470 atatim
3180 2418 3397 2473 morbus
3449 2420 3792 2487 excluditur,

2235 2508 2459 2561 salubris
2485 2510 2637 2576 vigor
2664 2506 2931 2571 illabitur;
2974 2511 3333 2576 recreatisquc
3361 2510 3661 2564 visceribus
3688 2526 3793 2566 me-

2238 2596 2337 2651 lius
2364 2597 2662 2652 renaseitur
2694 2596 2871 2660 saluti,
2894 2611 3050 2664 quam
3073 2596 3317 2664 get-mini,
3353 2597 3473 2665 plus
3498 2596 3794 2667 adquirens

2236 2700 2304 2740 ex
2354 2702 2573 2761 munere
2618 2700 2779 2754 quam
2823 2687 3137 2752 sumpsisset
3178 2688 3407 2754 origine.
3460 2688 3531 2741 Ita
3575 2700 3639 2743 ut
3686 2689 3793 2745 suis

2238 2784 2418 2841 postea
2450 2774 2693 2825 manibus
2723 2772 2954 2825 tunicam
2978 2782 3161 2827 sancto
3184 2773 3403 2839 faceret,
3432 2777 3581 2843 quasi
3612 2779 3795 2847 aequi-

2237 2862 2352 2915 sita:
2378 2859 2647 2914 tributaria
2678 2860 2973 2925 medicina}.

2305 2950 2394 3005 45.
2416 2959 2439 2986 ε
2474 2950 2716 3004 Tradidit
2753 2950 3025 3003 memorias
3050 2950 3189 3019 quod
3212 2951 3359 3021 juvat
3388 2953 3440 3007 in
3460 2953 3656 3009 laude.
3689 2954 3788 3009 lta-

2237 3055 2337 3106 que
2362 3039 2712 3109 Audegisilus,
2748 3031 2919 3107 major
2945 3041 3135 3095 domus
3165 3044 3342 3111 regias,
3374 3059 3494 3099 cum
3523 3058 3785 3113 quartana

2238 3141 2360 3199 typo
2386 3131 2614 3197 graviter
2661 3142 2926 3202 ageretur,
2968 3134 3197 3208 occurrit
3240 3136 3399 3189 beato
3441 3139 3582 3203 viro,
3620 3137 3789 3193 fidens

2236 3217 2306 3271 de
2335 3218 2614 3273 beneficio.
2641 3212 2830 3272 'llomo
2861 3220 2952 3273 Dei
2970 3220 3027 3287 in
3058 3234 3150 3272 sua
3172 3223 3301 3276 cella
3325 3223 3564 3291 deputat,
3589 3237 3643 3280 et
3669 3241 3783 3281 cum

2237 3305 2588 3360 unosdlacono
2637 3307 2873 3361 residere
2911 3306 3062 3374 jubet
3105 3308 3385 3365 inclusum.
3412 3310 3548 3365 Tum
3578 3314 3785 3379 auxitis,

2233 3406 2285 3449 et
2306 3395 2853 3463 jejunansVniuistcr,
2899 3398 3020 3464 quid
3064 3398 3282 3463 faceret,
3330 3402 3595 3470 exeogitat
3626 3403 3781 3470 trepi-

2233 3486 2350 3549 dus,
2385 3487 2523 3538 unde
2566 3497 2843 3551 curaretur
2871 3488 3131 3544 infirmus.
3160 3491 3359 3544 Idcirco
3396 3491 3778 3547 febricitantem
3852 3504 3857 3507 ‘

2235 3564 2427 3637 virum,
2453 3572 2543 3626 Dei
2567 3574 2729 3639 servi,
2769 3572 2786 3611 ί
2816 3575 3039 3631 racbena
3064 3580 3292 3647 undique
3312 3580 3620 3634 obvolutum
3643 3596 3782 3635 com-

2236 3666 2377 3727 ponit
2406 3662 2519 3726 ejus
2542 3663 2595 3714 in
2624 3663 2834 3716 lectulo.
2897 3664 3092 3718 Eadem
3123 3682 3332 3737 quoque
3354 3668 3443 3729 die
3466 3678 3606 3723 tactu
3629 3670 3782 3723 vestis

2236 3748 2452 3814 nobilis,
2492 3749 2644 3816 quasi
2681 3749 2880 3816 impetu
2911 3739 3165 3815 fluminis,
3208 3754 3279 3807 ita
3317 3764 3591 3822 quartana:
3628 3757 3781 3812 febris

2236 3838 2368 3905 ignis
2408 3836 2579 3891 omnis
2612 3838 2905 3892 exninctus
2935 3850 3040 3893 est.
3073 3840 3137 3892 Et
3164 3840 3419 3895 redeunte
3443 3842 3510 3894 de
3538 3844 3780 3912 prandio.

2234 3936 2468 3981 reserato
2509 3928 2772 3990 cubiculo,
2823 3942 2997 3980 sanus
3029 3927 3556 3997 surrexitetectulo,
3605 3934 3781 3985 exsul-

2239 4025 2379 4069 tante
2410 4018 2648 4068 ministro
2675 4030 2771 4083 pro
2801 4016 3042 4070 sanitatis
3084 4020 3323 4085 prtemio,
3374 4027 3501 4074 tunc
3547 4019 3651 4073 sibi
3699 4036 3778 4075 re-

2235 4104 2408 4157 soluto
2432 4104 2651 4171 jejunio.
2684 4103 2771 4158 Sic
2794 4112 2935 4159 tactu
2964 4105 3100 4159 beati
3130 4108 3293 4160 vestis
3327 4108 3551 4163 salutem
3595 4124 3774 4178 opera-

2238 4208 2321 4250 tus
2352 4205 2430 4247 est
2450 4196 2659 4246 absens.
3242 4190 3247 4195 ’

2307 4279 2397 4333 λῦ.
2430 4281 2788 4349 Exsequamur
2828 4281 3027 4337 itineris
3062 4284 3262 4353 accepti
3291 4284 3567 4342 viaticum.
3597 4286 3774 4357 itaque

660 4410 1058 4470 “Fortunatus.
1107 4393 1456 4474 supra,num.
1494 4409 1585 4474 26,
1634 4410 1956 4464 mentionem
2007 4411 2129 4466 fecit
2160 4407 2373 4467 Dnunc
2410 4414 2572 4465 sancti
2604 4408 2847 4467 Germani
2896 4414 3163 4469 Pratensis
3219 4416 3269 4468 in
3318 4396 3569 4470 suburbio
3619 4390 3763 4472 Pari;

596 4478 712 4532 Vici
740 4480 890 4545 Novi,
921 4493 1074 4543 quem
1103 4478 1246 4543 juxta
1278 4478 1503 4530 Parisios
1534 4482 1688 4532 locat.
1726 4481 1816 4531 llic
1846 4480 1983 4533 idem
2014 4496 2127 4532 om-

596 4549 723 4600 nino
762 4550 881 4600 esse
919 4549 1120 4599 videtur
1158 4548 1293 4609 apud
1326 4546 1579 4615 Bituricae
1608 4563 1636 4598 a
1666 4548 1895 4615 quodam
1924 4548 2125 4602 Gallico

598 4617 940 4682 paraphraste
986 4628 1257 4682 perperam
1301 4614 1573 4682 quaisitus,
1618 4614 1736 4667 cum
1781 4618 1929 4668 solita
1952 4632 2127 4669 curata

598 4692 781 4735 sancto
810 4681 1069 4733 Germano
1087 4681 1409 4750 .v’isitaretur.
1457 4681 1641 4750 ‘Fuerit
1686 4684 1902 4748 proinde
1940 4687 2131 4738 mulier

599 4752 688 4803 illa
721 4750 1052 4819 Bituricensis
1079 4744 1341 4819 dimeesis,
1374 4744 1467 4801 sed
1497 4744 1825 4815 nequaquam
1870 4752 2128 4819 Navigen-

604 4830 735 4888 tnm,
769 4818 847 4888 v_el
880 4817 1045 4888 Vicus
1072 4818 1245 4888 Novus
1280 4819 1444 4870 sancti
1474 4819 1745 4888 Clodoaldi
1781 4821 1941 4883 vicus,
1976 4817 2130 4888 vulgo

599 4883 958 4945 Saint-Cloud,
980 4884 1103 4935 olim
1124 4886 1463 4951 Novigenlum
1484 4887 1771 4939 dicebatur.
1792 4888 1927 4939 Vero
1960 4883 2128 4942 tamén

600 4954 773 5024 simile
796 4962 874 5024 est
905 4957 1038 5004 Imuc
1065 4952 1708 5024 locuminterpretandum
1738 4957 1805 5009 de
1834 4958 2124 5024 Navigento

601 5023 751 5073 silvae
803 5021 1109 5089 Vinccnensi
1156 5020 1789 5089 tl’iitceitnes)‘proximo,
1819 5039 1848 5075 a
1878 5020 1990 5089 quo'
2029 5041 2130 5078 non

588 5090 755 5151 ’loage
781 5089 931 5141 distat
979 5088 1111 5142 Villa
1154 5088 1289 5139 Nova
1334 5092 1492 5141 sancti
1536 5088 1739 5159 Georgii
1783 5088 2134 5147 communiter

548 5174 551 5177 ‘
600 5164 879 5220 appellata.
1032 5196 1035 5199 ι

688 5173 879 5208 )cllald.
1032 5196 1035 5199 λ

638 5173 737 5279 pl'lt
792 5233 958 5295 tamen
1008 5225 1298 5277 Germanus
1334 5226 1717 5295 llitttrigensem
1765 5244 1946 5295 pagum
1992 5242 2133 5295 smpe

600 5294 748 5346 adire
791 5294 1010 5359 Solebat,
1058 5301 1281 5344 testante
1320 5294 1498 5356 Gt'eg..
1528 5294 2125 5359 Turnuensiepiseopo,

605 5361 657 5413 in
703 5363 796 5412 lib.
836 5362 904 5412 de
954 5358 1125 5411 Gloria
1154 5362 1534 5423 confessmum,
1562 5376 1678 5426 cap.
1712 5366 1778 5414 ὃς)
1808 5374 1855 5415 et
1885 5358 1971 5416 0:2.
2007 5366 2131 5417 Item

607 5432 1028 5498 Andecavettsem
1054 5443 1238 5498 pagum
1261 5443 1325 5483 ex
1350 5429 1503 5483 dietis
1528 5430 1578 5484 in
1608 5432 1717 5485 Vita
1742 5434 1902 5486 sancti
1934 5433 2133 5487 Albini.

606 5496 790 5550 Νηιι..
896 5500 903 5503 ’

675 5564 697 5598 ¹’
729 5568 836 5624 ΑΙ..
868 5566 918 5615 in
946 5566 1114 5619 £t.’tc.

678 5644 698 5668 ι
754 5632 967 5686 Basilica
1000 5645 1191 5686 sanctm
1236 5634 1435 5698 Crucis,
1479 5636 1601 5688 alias
1640 5636 1802 5691 sancti
1850 5637 2125 5703 Vincentii,

2235 4482 2415 4535 siensi.
2467 4483 2603 4547 Lege
2643 4481 2813 4533 Vitam
2856 4484 3018 4535 sancti
3060 4482 3333 4537 Droctovei
3362 4487 3590 4549 abbatis,
3626 4502 3765 4540 num.

2239 4550 2316 4602 l5.
2352 4550 2761 4619 Amanuensium
2803 4551 3163 4619 interpretatio
3189 4564 3270 4606 est
3299 4553 3350 4619 id
3378 4553 3519 4619 quod
3545 4553 3598 4607 in
3630 4569 3760 4607 non-

2235 4617 2833 4693 nullis_ltss._Editisque
2854 4618 3225 4693 librisadditur
3249 4617 3354 4693 {In
3378 4617 3615 4693 sessuro
3639 4624 3770 4693 ejus—

2231 4688 2342 4738 dem
2370 4686 2581 4739 civitutis
2612 4685 2843 4751 positam.
2889 4686 3074 4739 Manto.
3132 4685 3210 4742 De
3255 4688 3353 4744 hac
3401 4690 3619 4745 basilica
3656 4685 3758 4745 ἠοι

2232 4758 2377 4821 plura
2402 4755 2463 4805 ad
2493 4769 2602 4805 car.
2632 4752 2718 4811 Η.
2744 4753 2778 4805 l.
2807 4769 2863 4806 tt.
3170 4760 3178 4768 ‘

2299 4824 2323 4860 ἀ
2357 4824 2588 4891 medela,
2634 4822 2803 4891 ναιεοΑ
2830 4821 3368 4877 Brie-Comte-Robert
3412 4824 3465 4877 in
3503 4826 3757 4891 provincia

2233 4892 2348 4964 _Bria
2374 4890 2738 4964 ;_sed_d.ubitat
2766 4889 3335 4964 Qast_ellatt_us,an_n0tt
3363 4889 3535 4964 potius
3558 4897 3653 4964 legi
3671 4896 3759 4949 de-

2231 4960 2349 5013 beat
2380 4958 2653 5017 Bundeins’,
2683 4969 2738 5011 ut
2763 4960 2826 5009 sit
2859 4956 3073 5022 Bondis,
3102 4958 3307 5015 duabus
3330 4956 3396 5015 ab
3426 4962 3558 5017 urbe
3582 4956 3758 5019 te'ucis.

2231 5028 2517 5087 antiquitus
2553 5024 2789 5091 Vuugeie.
2823 5027 3098 5080 Decuma-

2304 5108 2326 5133 θ
2362 5092 2498 5156 llol.,
2526 5095 2761 5147 traditur.

2307 5164 2325 5201 ί
2362 5165 2458 5214 Alii
2512 5165 2745 5219 scribunt
2794 5159 3068 5227 Barisanta,
3121 5164 3212 5216 sed
3255 5172 3535 5229 utrumque
3570 5176 3753 5222 rectea

2233 5234 2393 5302 vertile
2423 5246 2598 5302 grxco
2617 5230 2761 5302 ῥάκη,
2789 5231 2923 5302 quod
2967 5232 3595 5302 divulsionessignillcat.
3620 5235 3754 5290 Unde

2235 5300 2500 5359 ltacliana,
2557 5299 2669 5351 vilis
2712 5310 2765 5349 et
2813 5301 2981 5350 lacera
3031 5302 3209 5361 vestis,
3269 5300 3476 5361 Vossio.
3526 5304 3594 5357 de
3620 5305 3754 5358 Vitiis

2235 5368 2430 5424 Serm.,
2462 5367 2683 5419 videtur.
2715 5364 2816 5418 Sed
2854 5368 3025 5427 aptior
3050 5369 3169 5420 huic
3189 5371 3304 5422 loco
3334 5369 3750 5427 Mensrdinostri

2236 5434 2611 5498 interpretatio,
2647 5438 2694 5485 in
2721 5432 3204 5503 Concord.,segul.,
3228 5450 3345 5503 pag.
3377 5436 3502 5502 922,
3546 5440 3632 5495 ubi
3658 5441 3753 5492 lla-

2238 5507 2422 5573 glumas
2443 5518 2532 5570 pro
2546 5504 2793 5555 lectorum
2813 5503 3153 5573 Operimentis
3174 5514 3408 5573 usurpat.
3427 5508 3569 5563 Alibi
3582 5518 3753 5563 tamen

2241 5571 2404 5622 Vossii
2456 5572 2709 5635 expositio
2750 5571 2987 5637 quadrat,
3031 5581 3087 5625 ut
3133 5575 3183 5625 in
3225 5571 3314 5627 lib.
3346 5588 3382 5628 lt
3407 5573 3544 5631 Vita
3570 5586 3742 5631 salicta

2242 5638 2585 5705 Radeguudis,
2618 5656 2668 5694 n.
2701 5640 2751 5692 πί.
2784 5640 2971 5692 Μηιι.
3424 5640 3453 5657 κ
